  <div class='ocr_page' id='page_1' title='image "/cluster/home/n/w/nwhite01/storage/ocr_20150623/87 pt.3 1965/mdp.39015012172931/429.png"; bbox 0 0 4060 6236; ppageno 0'>
   <div class='ocr_carea' id='block_1_1' title="bbox 462 328 602 420">
    <p class='ocr_par' dir='ltr' id='par_1_1' title="bbox 462 328 602 420">
     <span class='ocr_line' id='line_1_1' title="bbox 462 328 602 420; baseline 0.021 -3"><span class='ocrx_word' id='word_1_1' title='bbox 462 328 602 420; x_wconf 63' lang='lat'><strong>3583</strong></span> 
     </span>
    </p>
   </div>
   <div class='ocr_carea' id='block_1_2' title="bbox 1325 359 2818 426">
    <p class='ocr_par' dir='ltr' id='par_1_2' title="bbox 1325 359 2818 426">
     <span class='ocr_line' id='line_1_2' title="bbox 1325 359 2818 426; baseline -0.001 -4"><span class='ocrx_word' id='word_1_2' title='bbox 1325 361 1388 422; x_wconf 95' lang='lat' dir='ltr'><strong>S.</strong></span> <span class='ocrx_word' id='word_1_3' title='bbox 1414 362 1831 426; x_wconf 80' lang='lat' dir='ltr'><strong>SOPHRONII</strong></span> <span class='ocrx_word' id='word_1_4' title='bbox 1864 359 2369 425; x_wconf 62' lang='lat' dir='ltr'><strong>PATRIARCIIE</strong></span> <span class='ocrx_word' id='word_1_5' title='bbox 2412 362 2818 423; x_wconf 77' lang='lat' dir='ltr'><strong>HIEROSOL.</strong></span> 
     </span>
    </p>
   </div>
   <div class='ocr_carea' id='block_1_3' title="bbox 3587 357 3727 422">
    <p class='ocr_par' dir='ltr' id='par_1_3' title="bbox 3587 357 3727 422">
     <span class='ocr_line' id='line_1_3' title="bbox 3587 357 3727 422; baseline 0 -1"><span class='ocrx_word' id='word_1_6' title='bbox 3587 357 3727 422; x_wconf 66' lang='lat' dir='ltr'><strong>358i</strong></span> 
     </span>
    </p>
   </div>
   <div class='ocr_carea' id='block_1_4' title="bbox 462 472 2032 549">
    <p class='ocr_par' dir='ltr' id='par_1_4' title="bbox 462 472 2032 549">
     <span class='ocr_line' id='line_1_4' title="bbox 462 472 2032 549; baseline 0.004 -26"><span class='ocrx_word' id='word_1_7' title='bbox 462 472 789 540; x_wconf 79' lang='lat' dir='ltr'><strong>patiebatur,</strong></span> <span class='ocrx_word' id='word_1_8' title='bbox 815 472 911 529; x_wconf 90' lang='lat' dir='ltr'><strong>sed</strong></span> <span class='ocrx_word' id='word_1_9' title='bbox 940 473 1085 530; x_wconf 89' lang='lat' dir='ltr'><strong>intra</strong></span> <span class='ocrx_word' id='word_1_10' title='bbox 1123 473 1269 530; x_wconf 98' lang='lat' dir='ltr'><strong>labia</strong></span> <span class='ocrx_word' id='word_1_11' title='bbox 1305 476 1450 531; x_wconf 93' lang='lat' dir='ltr'><strong>sicut</strong></span> <span class='ocrx_word' id='word_1_12' title='bbox 1504 478 1558 532; x_wconf 92' lang='lat' dir='ltr'><strong>in</strong></span> <span class='ocrx_word' id='word_1_13' title='bbox 1603 480 1825 549; x_wconf 89' lang='lat' dir='ltr'><strong>proprio</strong></span> <span class='ocrx_word' id='word_1_14' title='bbox 1856 479 2032 534; x_wconf 86' lang='lat' dir='ltr'><strong>locata</strong></span> 
     </span>
    </p>
   </div>
   <div class='ocr_carea' id='block_1_5' title="bbox 2132 472 3733 549">
    <p class='ocr_par' dir='ltr' id='par_1_5' title="bbox 2145 474 3733 547">
     <span class='ocr_line' id='line_1_5' title="bbox 2145 474 3733 547; baseline 0.003 -20"><span class='ocrx_word' id='word_1_15' title='bbox 2145 476 2345 541; x_wconf 73' lang='grc' dir='ltr'>ἕσασα,</span> <span class='ocrx_word' id='word_1_16' title='bbox 2383 475 2475 529; x_wconf 80' lang='grc' dir='ltr'>καὶ</span> <span class='ocrx_word' id='word_1_17' title='bbox 2516 476 2723 547; x_wconf 81' lang='grc' dir='ltr'>κόσμον</span> <span class='ocrx_word' id='word_1_18' title='bbox 2772 474 3118 531; x_wconf 76' lang='grc' dir='ltr'>ἀναλαϐοῦσα</span> <span class='ocrx_word' id='word_1_19' title='bbox 3165 475 3257 530; x_wconf 73' lang='grc' dir='ltr'>τὸν</span> <span class='ocrx_word' id='word_1_20' title='bbox 3307 476 3591 547; x_wconf 60' lang='grc' dir='ltr'>πρότερον,</span> <span class='ocrx_word' id='word_1_21' title='bbox 3638 478 3733 531; x_wconf 75' lang='grc' dir='ltr'>καὶ</span> 
     </span>
    </p>
   </div>
   <div class='ocr_carea' id='block_1_6' title="bbox 459 565 2042 640">
    <p class='ocr_par' dir='ltr' id='par_1_6' title="bbox 459 565 2042 640">
     <span class='ocr_line' id='line_1_6' title="bbox 459 565 2042 640; baseline 0.007 -23"><span class='ocrx_word' id='word_1_22' title='bbox 459 565 723 630; x_wconf 83' lang='lat' dir='ltr'><strong>thalamo,</strong></span> <span class='ocrx_word' id='word_1_23' title='bbox 774 566 1011 636; x_wconf 81' lang='lat' dir='ltr'><strong>priorem</strong></span> <span class='ocrx_word' id='word_1_24' title='bbox 1047 576 1301 623; x_wconf 89' lang='lat' dir='ltr'><strong>ornatum</strong></span> <span class='ocrx_word' id='word_1_25' title='bbox 1346 570 1667 640; x_wconf 90' lang='lat' dir='ltr'><strong>resumpsit.</strong></span> <span class='ocrx_word' id='word_1_26' title='bbox 1706 569 1770 626; x_wconf 83' lang='lat' dir='ltr'><strong>Et</strong></span> <span class='ocrx_word' id='word_1_27' title='bbox 1810 588 1933 628; x_wconf 91' lang='lat' dir='ltr'><strong>cum</strong></span> <span class='ocrx_word' id='word_1_28' title='bbox 1961 572 2042 627; x_wconf 88' lang='lat' dir='ltr'><strong>fa-</strong></span> 
     </span>
    </p>
   </div>
   <div class='ocr_carea' id='block_1_7' title="bbox 458 658 2040 732">
    <p class='ocr_par' dir='ltr' id='par_1_7' title="bbox 458 658 2040 732">
     <span class='ocr_line' id='line_1_7' title="bbox 458 658 2040 732; baseline 0.008 -24"><span class='ocrx_word' id='word_1_29' title='bbox 458 665 606 709; x_wconf 78' lang='lat' dir='ltr'><strong>ceret</strong></span> <span class='ocrx_word' id='word_1_30' title='bbox 640 658 944 712; x_wconf 89' lang='lat' dir='ltr'><strong>secundum</strong></span> <span class='ocrx_word' id='word_1_31' title='bbox 969 668 1226 713; x_wconf 86' lang='lat' dir='ltr'><strong>naturam</strong></span> <span class='ocrx_word' id='word_1_32' title='bbox 1250 660 1624 728; x_wconf 78' lang='lat' dir='ltr'><strong>operationem</strong></span> <span class='ocrx_word' id='word_1_33' title='bbox 1674 678 1854 732; x_wconf 88' lang='lat' dir='ltr'><strong>suam,</strong></span> <span class='ocrx_word' id='word_1_34' title='bbox 1887 665 2040 722; x_wconf 88' lang='lat' dir='ltr'><strong>inco-</strong></span> 
     </span>
    </p>
   </div>
   <div class='ocr_carea' id='block_1_8' title="bbox 460 748 2038 828">
    <p class='ocr_par' dir='ltr' id='par_1_8' title="bbox 460 748 2038 828">
     <span class='ocr_line' id='line_1_8' title="bbox 460 748 2038 828; baseline 0.008 -28"><span class='ocrx_word' id='word_1_35' title='bbox 460 748 647 816; x_wconf 70' lang='lat' dir='ltr'><strong>gnitus</strong></span> <span class='ocrx_word' id='word_1_36' title='bbox 694 750 1087 805; x_wconf 88' lang='lat' dir='ltr'><strong>ostendebatur</strong></span> <span class='ocrx_word' id='word_1_37' title='bbox 1147 752 1541 821; x_wconf 81' lang='lat' dir='ltr'><strong>propemodum</strong></span> <span class='ocrx_word' id='word_1_38' title='bbox 1612 769 1748 824; x_wconf 90' lang='lat' dir='ltr'><strong>puer</strong></span> <span class='ocrx_word' id='word_1_39' title='bbox 1802 756 1887 811; x_wconf 93' lang='lat' dir='ltr'><strong>his</strong></span> <span class='ocrx_word' id='word_1_40' title='bbox 1944 759 2038 828; x_wconf 87' lang='lat' dir='ltr'><strong>qui</strong></span> 
     </span>
    </p>
   </div>
   <div class='ocr_carea' id='block_1_9' title="bbox 459 837 2038 912">
    <p class='ocr_par' dir='ltr' id='par_1_9' title="bbox 459 837 2038 912">
     <span class='ocr_line' id='line_1_9' title="bbox 459 837 2038 912; baseline 0.009 -22"><span class='ocrx_word' id='word_1_41' title='bbox 459 837 606 893; x_wconf 87' lang='lat' dir='ltr'><strong>hunc</strong></span> <span class='ocrx_word' id='word_1_42' title='bbox 635 849 760 895; x_wconf 90' lang='lat' dir='ltr'><strong>ante</strong></span> <span class='ocrx_word' id='word_1_43' title='bbox 789 842 1072 912; x_wconf 91' lang='lat' dir='ltr'><strong>paululum</strong></span> <span class='ocrx_word' id='word_1_44' title='bbox 1089 843 1370 906; x_wconf 57' lang='lat' dir='ltr'><strong>,viderant.</strong></span> <span class='ocrx_word' id='word_1_45' title='bbox 1414 842 1531 899; x_wconf 87' lang='lat' dir='ltr'><strong>Hoc</strong></span> <span class='ocrx_word' id='word_1_46' title='bbox 1572 847 2038 905; x_wconf 80' lang='lat' dir='ltr'><strong>autemniirarulo</strong></span> 
     </span>
    </p>
   </div>
   <div class='ocr_carea' id='block_1_10' title="bbox 458 929 2039 1011">
    <p class='ocr_par' dir='ltr' id='par_1_10' title="bbox 458 929 2039 1011">
     <span class='ocr_line' id='line_1_10' title="bbox 458 929 2039 1011; baseline 0.008 -27"><span class='ocrx_word' id='word_1_47' title='bbox 458 929 622 996; x_wconf 84' lang='lat' dir='ltr'><strong>facto,</strong></span> <span class='ocrx_word' id='word_1_48' title='bbox 665 933 877 989; x_wconf 88' lang='lat' dir='ltr'><strong>clamor</strong></span> <span class='ocrx_word' id='word_1_49' title='bbox 918 936 1112 1007; x_wconf 83' lang='lat' dir='ltr'><strong>ingens</strong></span> <span class='ocrx_word' id='word_1_50' title='bbox 1141 940 1210 995; x_wconf 91' lang='lat' dir='ltr'><strong>ab</strong></span> <span class='ocrx_word' id='word_1_51' title='bbox 1249 942 1336 999; x_wconf 88' lang='lat' dir='ltr'><strong>his</strong></span> <span class='ocrx_word' id='word_1_52' title='bbox 1374 941 1467 1010; x_wconf 89' lang='lat' dir='ltr'><strong>qui</strong></span> <span class='ocrx_word' id='word_1_53' title='bbox 1501 942 1663 997; x_wconf 86' lang='lat' dir='ltr'><strong>simul</strong></span> <span class='ocrx_word' id='word_1_54' title='bbox 1704 942 2039 1011; x_wconf 76' lang='lat' dir='ltr'><strong>iocabantur</strong></span> 
     </span>
    </p>
   </div>
   <div class='ocr_carea' id='block_1_11' title="bbox 458 1024 2037 1106">
    <p class='ocr_par' dir='ltr' id='par_1_11' title="bbox 458 1024 2037 1106">
     <span class='ocr_line' id='line_1_11' title="bbox 458 1024 2037 1106; baseline 0.009 -32"><span class='ocrx_word' id='word_1_55' title='bbox 458 1024 643 1091; x_wconf 83' lang='lat' dir='ltr'><strong>pueris</strong></span> <span class='ocrx_word' id='word_1_56' title='bbox 695 1029 1049 1098; x_wconf 76' lang='lat' dir='ltr'><strong>exsurgebat,</strong></span> <span class='ocrx_word' id='word_1_57' title='bbox 1102 1041 1156 1086; x_wconf 85' lang='lat' dir='ltr'><strong>et</strong></span> <span class='ocrx_word' id='word_1_58' title='bbox 1195 1048 1388 1090; x_wconf 89' lang='lat' dir='ltr'><strong>omnes</strong></span> <span class='ocrx_word' id='word_1_59' title='bbox 1419 1036 1511 1106; x_wconf 88' lang='lat' dir='ltr'><strong>qui</strong></span> <span class='ocrx_word' id='word_1_60' title='bbox 1558 1036 1612 1089; x_wconf 92' lang='lat' dir='ltr'><strong>in</strong></span> <span class='ocrx_word' id='word_1_61' title='bbox 1644 1035 1845 1104; x_wconf 77' lang='lat' dir='ltr'><strong>templo</strong></span> <span class='ocrx_word' id='word_1_62' title='bbox 1878 1042 2037 1090; x_wconf 88' lang='lat' dir='ltr'><strong>erant</strong></span> 
     </span>
    </p>
   </div>
   <div class='ocr_carea' id='block_1_12' title="bbox 456 1113 2034 1198">
    <p class='ocr_par' dir='ltr' id='par_1_12' title="bbox 456 1113 2034 1198">
     <span class='ocr_line' id='line_1_12' title="bbox 456 1113 2034 1198; baseline 0.01 -30"><span class='ocrx_word' id='word_1_63' title='bbox 456 1113 523 1168; x_wconf 89' lang='lat' dir='ltr'><strong>ad</strong></span> <span class='ocrx_word' id='word_1_64' title='bbox 566 1116 833 1173; x_wconf 83' lang='lat' dir='ltr'><strong>visionem</strong></span> <span class='ocrx_word' id='word_1_65' title='bbox 881 1123 1302 1191; x_wconf 87' lang='lat' dir='ltr'><strong>conveniebant,</strong></span> <span class='ocrx_word' id='word_1_66' title='bbox 1353 1127 1445 1197; x_wconf 91' lang='lat' dir='ltr'><strong>qui</strong></span> <span class='ocrx_word' id='word_1_67' title='bbox 1493 1128 1559 1182; x_wconf 90' lang='lat' dir='ltr'><strong>ad</strong></span> <span class='ocrx_word' id='word_1_68' title='bbox 1601 1137 2034 1198; x_wconf 87' lang='lat' dir='ltr'><strong>patratnmcon-</strong></span> 
     </span>
    </p>
   </div>
   <div class='ocr_carea' id='block_1_13' title="bbox 455 1210 2031 1289">
    <p class='ocr_par' dir='ltr' id='par_1_13' title="bbox 455 1210 2031 1289">
     <span class='ocr_line' id='line_1_13' title="bbox 455 1210 2031 1289; baseline 0.008 -28"><span class='ocrx_word' id='word_1_69' title='bbox 455 1210 683 1261; x_wconf 80' lang='lat' dir='ltr'><strong>stermti</strong></span> <span class='ocrx_word' id='word_1_70' title='bbox 715 1210 1048 1281; x_wconf 74' lang='lat' dir='ltr'><strong>prodigium,</strong></span> <span class='ocrx_word' id='word_1_71' title='bbox 1079 1225 1134 1269; x_wconf 88' lang='lat' dir='ltr'><strong>et</strong></span> <span class='ocrx_word' id='word_1_72' title='bbox 1176 1229 1401 1274; x_wconf 87' lang='lat' dir='ltr'><strong>sanctos</strong></span> <span class='ocrx_word' id='word_1_73' title='bbox 1424 1219 1677 1275; x_wconf 87' lang='lat' dir='ltr'><strong>laudibus</strong></span> <span class='ocrx_word' id='word_1_74' title='bbox 1694 1220 2031 1289; x_wconf 79' lang='lat' dir='ltr'><strong>extulerunt,</strong></span> 
     </span>
    </p>
   </div>
   <div class='ocr_carea' id='block_1_14' title="bbox 452 1302 2028 1380">
    <p class='ocr_par' dir='ltr' id='par_1_14' title="bbox 452 1302 2028 1380">
     <span class='ocr_line' id='line_1_14' title="bbox 452 1302 2028 1380; baseline 0.008 -27"><span class='ocrx_word' id='word_1_75' title='bbox 452 1308 507 1353; x_wconf 80' lang='lat' dir='ltr'><strong>et</strong></span> <span class='ocrx_word' id='word_1_76' title='bbox 529 1302 759 1370; x_wconf 88' lang='lat' dir='ltr'><strong>positam</strong></span> <span class='ocrx_word' id='word_1_77' title='bbox 782 1304 836 1358; x_wconf 92' lang='lat' dir='ltr'><strong>in</strong></span> <span class='ocrx_word' id='word_1_78' title='bbox 858 1305 1168 1377; x_wconf 82' lang='lat' dir='ltr'><strong>Evangeliis</strong></span> <span class='ocrx_word' id='word_1_79' title='bbox 1190 1310 1258 1365; x_wconf 89' lang='lat' dir='ltr'><strong>de</strong></span> <span class='ocrx_word' id='word_1_80' title='bbox 1272 1310 1799 1368; x_wconf 75' lang='lat' dir='ltr'><strong>Salvatorisactibns</strong></span> <span class='ocrx_word' id='word_1_81' title='bbox 1819 1327 2028 1380; x_wconf 87' lang='lat' dir='ltr'><strong>vocem,</strong></span> 
     </span>
    </p>
   </div>
   <div class='ocr_carea' id='block_1_15' title="bbox 455 1393 2029 1470">
    <p class='ocr_par' dir='ltr' id='par_1_15' title="bbox 455 1393 2029 1470">
     <span class='ocr_line' id='line_1_15' title="bbox 455 1393 2029 1470; baseline 0.01 -26"><span class='ocrx_word' id='word_1_82' title='bbox 455 1406 652 1460; x_wconf 82' lang='lat' dir='ltr'><strong>magna</strong></span> <span class='ocrx_word' id='word_1_83' title='bbox 701 1393 1093 1452; x_wconf 83' lang='lat' dir='ltr'><strong>vociferatione</strong></span> <span class='ocrx_word' id='word_1_84' title='bbox 1123 1400 1388 1455; x_wconf 89' lang='lat' dir='ltr'><strong>miserunt</strong></span> <span class='ocrx_word' id='word_1_85' title='bbox 1417 1420 1430 1455; x_wconf 91' lang='lat'><strong>:</strong></span> <span class='ocrx_word' id='word_1_86' title='bbox 1466 1400 1735 1467; x_wconf 83' lang='lat' dir='ltr'><strong>Vidimus,</strong></span> <span class='ocrx_word' id='word_1_87' title='bbox 1760 1404 2029 1470; x_wconf 87' lang='lat' dir='ltr'><strong>dicentes,</strong></span> 
     </span>
    </p>
   </div>
   <div class='ocr_carea' id='block_1_16' title="bbox 455 1482 2030 1565">
    <p class='ocr_par' dir='ltr' id='par_1_16' title="bbox 455 1482 2030 1565">
     <span class='ocr_line' id='line_1_16' title="bbox 455 1482 2030 1565; baseline 0.01 -30"><span class='ocrx_word' id='word_1_88' title='bbox 455 1482 730 1537; x_wconf 84' lang='lat' dir='ltr'><strong>mirabilia</strong></span> <span class='ocrx_word' id='word_1_89' title='bbox 793 1485 953 1542; x_wconf 86' lang='lat' dir='ltr'><strong>hodie</strong></span> <span class='ocrx_word' id='word_1_90' title='bbox 1002 1506 1019 1555; x_wconf 90' lang='lat'><strong>;</strong></span> <span class='ocrx_word' id='word_1_91' title='bbox 1078 1489 1471 1562; x_wconf 80' lang='lat' dir='ltr'><strong>Christumque</strong></span> <span class='ocrx_word' id='word_1_92' title='bbox 1525 1494 1727 1563; x_wconf 83' lang='lat' dir='ltr'><strong>ipsum,</strong></span> <span class='ocrx_word' id='word_1_93' title='bbox 1794 1495 1888 1564; x_wconf 89' lang='lat' dir='ltr'><strong>qui</strong></span> <span class='ocrx_word' id='word_1_94' title='bbox 1934 1510 2030 1565; x_wconf 89' lang='lat' dir='ltr'><strong>per</strong></span> 
     </span>
    </p>
   </div>
   <div class='ocr_carea' id='block_1_17' title="bbox 453 1575 2028 1658">
    <p class='ocr_par' dir='ltr' id='par_1_17' title="bbox 453 1575 2028 1658">
     <span class='ocr_line' id='line_1_17' title="bbox 453 1575 2028 1658; baseline 0.008 -29"><span class='ocrx_word' id='word_1_95' title='bbox 453 1575 674 1630; x_wconf 79' lang='lat' dir='ltr'><strong>eosdem</strong></span> <span class='ocrx_word' id='word_1_96' title='bbox 702 1588 923 1634; x_wconf 89' lang='lat' dir='ltr'><strong>sanctos</strong></span> <span class='ocrx_word' id='word_1_97' title='bbox 965 1581 1290 1637; x_wconf 88' lang='lat' dir='ltr'><strong>miraculum</strong></span> <span class='ocrx_word' id='word_1_98' title='bbox 1325 1594 1597 1655; x_wconf 78' lang='lat' dir='ltr'><strong>gesserat,</strong></span> <span class='ocrx_word' id='word_1_99' title='bbox 1627 1586 2028 1658; x_wconf 77' lang='lat' dir='ltr'><strong>glorificahant,</strong></span> 
     </span>
    </p>
   </div>
   <div class='ocr_carea' id='block_1_18' title="bbox 451 1668 2027 1750">
    <p class='ocr_par' dir='ltr' id='par_1_18' title="bbox 451 1668 2027 1750">
     <span class='ocr_line' id='line_1_18' title="bbox 451 1668 2027 1750; baseline 0.01 -30"><span class='ocrx_word' id='word_1_100' title='bbox 451 1673 506 1721; x_wconf 91' lang='lat' dir='ltr'><strong>et</strong></span> <span class='ocrx_word' id='word_1_101' title='bbox 538 1668 674 1724; x_wconf 84' lang='lat' dir='ltr'><strong>bene</strong></span> <span class='ocrx_word' id='word_1_102' title='bbox 714 1670 780 1725; x_wconf 89' lang='lat' dir='ltr'><strong>de</strong></span> <span class='ocrx_word' id='word_1_103' title='bbox 808 1674 1043 1729; x_wconf 86' lang='lat' dir='ltr'><strong>sanitate</strong></span> <span class='ocrx_word' id='word_1_104' title='bbox 1077 1679 1421 1747; x_wconf 88' lang='lat' dir='ltr'><strong>propriarum</strong></span> <span class='ocrx_word' id='word_1_105' title='bbox 1468 1679 1788 1749; x_wconf 84' lang='lat' dir='ltr'><strong>passionum</strong></span> <span class='ocrx_word' id='word_1_106' title='bbox 1842 1697 2027 1750; x_wconf 89' lang='lat' dir='ltr'><strong>spera-</strong></span> 
     </span>
    </p>
   </div>
   <div class='ocr_carea' id='block_1_19' title="bbox 448 1758 2026 1842">
    <p class='ocr_par' dir='ltr' id='par_1_19' title="bbox 448 1758 2026 1842">
     <span class='ocr_line' id='line_1_19' title="bbox 448 1758 2026 1842; baseline 0.011 -30"><span class='ocrx_word' id='word_1_107' title='bbox 448 1758 601 1813; x_wconf 84' lang='lat' dir='ltr'><strong>bant.</strong></span> <span class='ocrx_word' id='word_1_108' title='bbox 634 1758 805 1816; x_wconf 89' lang='lat' dir='ltr'><strong>Porro</strong></span> <span class='ocrx_word' id='word_1_109' title='bbox 837 1779 937 1821; x_wconf 91' lang='lat' dir='ltr'><strong>nos</strong></span> <span class='ocrx_word' id='word_1_110' title='bbox 961 1765 1294 1822; x_wconf 87' lang='lat' dir='ltr'><strong>mirabilium</strong></span> <span class='ocrx_word' id='word_1_111' title='bbox 1323 1770 1485 1826; x_wconf 86' lang='lat' dir='ltr'><strong>hodie</strong></span> <span class='ocrx_word' id='word_1_112' title='bbox 1515 1772 1793 1827; x_wconf 88' lang='lat' dir='ltr'><strong>auditores</strong></span> <span class='ocrx_word' id='word_1_113' title='bbox 1825 1771 2026 1842; x_wconf 75' lang='lat' dir='ltr'><strong>effecti,</strong></span> 
     </span>
    </p>
   </div>
   <div class='ocr_carea' id='block_1_20' title="bbox 447 1849 2025 1931">
    <p class='ocr_par' dir='ltr' id='par_1_20' title="bbox 447 1849 2025 1931">
     <span class='ocr_line' id='line_1_20' title="bbox 447 1849 2025 1931; baseline 0.009 -26"><span class='ocrx_word' id='word_1_114' title='bbox 447 1849 754 1921; x_wconf 83' lang='lat' dir='ltr'><strong>horumque</strong></span> <span class='ocrx_word' id='word_1_115' title='bbox 797 1855 1065 1924; x_wconf 89' lang='lat' dir='ltr'><strong>operariis</strong></span> <span class='ocrx_word' id='word_1_116' title='bbox 1107 1857 1290 1928; x_wconf 75' lang='lat' dir='ltr'><strong>dignis</strong></span> <span class='ocrx_word' id='word_1_117' title='bbox 1326 1859 1541 1931; x_wconf 86' lang='lat' dir='ltr'><strong>hymnis</strong></span> <span class='ocrx_word' id='word_1_118' title='bbox 1584 1862 1765 1929; x_wconf 90' lang='lat' dir='ltr'><strong>elatis,</strong></span> <span class='ocrx_word' id='word_1_119' title='bbox 1792 1863 2025 1919; x_wconf 86' lang='lat' dir='ltr'><strong>aliorqu</strong></span> 
     </span>
    </p>
   </div>
   <div class='ocr_carea' id='block_1_21' title="bbox 447 1943 1467 2022">
    <p class='ocr_par' dir='ltr' id='par_1_21' title="bbox 447 1943 1467 2022">
     <span class='ocr_line' id='line_1_21' title="bbox 447 1943 1467 2022; baseline 0.011 -26"><span class='ocrx_word' id='word_1_120' title='bbox 447 1943 784 2001; x_wconf 89' lang='lat' dir='ltr'><strong>mirabilium</strong></span> <span class='ocrx_word' id='word_1_121' title='bbox 833 1947 1132 2005; x_wconf 88' lang='lat' dir='ltr'><strong>ellieiamur</strong></span> <span class='ocrx_word' id='word_1_122' title='bbox 1164 1966 1467 2022; x_wconf 66' lang='lat' dir='ltr'><strong>praecones.</strong></span> 
     </span>
    </p>
   </div>
   <div class='ocr_carea' id='block_1_22' title="bbox 617 2102 1849 2187">
    <p class='ocr_par' dir='ltr' id='par_1_22' title="bbox 617 2102 1849 2187">
     <span class='ocr_line' id='line_1_22' title="bbox 617 2102 1849 2187; baseline 0.013 -30"><span class='ocrx_word' id='word_1_123' title='bbox 617 2102 780 2160; x_wconf 77' lang='lat' dir='ltr'><strong>XLII.</strong></span> <span class='ocrx_word' id='word_1_124' title='bbox 824 2103 901 2161; x_wconf 88' lang='lat' dir='ltr'><strong>De</strong></span> <span class='ocrx_word' id='word_1_125' title='bbox 934 2106 1173 2180; x_wconf 82' lang='lat' dir='ltr'><strong>Eugenio</strong></span> <span class='ocrx_word' id='word_1_126' title='bbox 1220 2123 1490 2183; x_wconf 83' lang='lat' dir='ltr'><strong>geometra</strong></span> <span class='ocrx_word' id='word_1_127' title='bbox 1538 2114 1849 2187; x_wconf 82' lang='lat' dir='ltr'><strong>hydropico.</strong></span> 
     </span>
    </p>
   </div>
   <div class='ocr_carea' id='block_1_23' title="bbox 518 2302 2031 2385">
    <p class='ocr_par' dir='ltr' id='par_1_23' title="bbox 518 2302 2031 2385">
     <span class='ocr_line' id='line_1_23' title="bbox 518 2302 2031 2385; baseline 0.013 -28"><span class='ocrx_word' id='word_1_128' title='bbox 518 2302 594 2359; x_wconf 87' lang='lat' dir='ltr'><strong>De</strong></span> <span class='ocrx_word' id='word_1_129' title='bbox 611 2319 740 2361; x_wconf 90' lang='lat' dir='ltr'><strong>rure</strong></span> <span class='ocrx_word' id='word_1_130' title='bbox 770 2307 928 2363; x_wconf 87' lang='lat' dir='ltr'><strong>nobis</strong></span> <span class='ocrx_word' id='word_1_131' title='bbox 951 2318 1229 2380; x_wconf 70' lang='lat' dir='ltr'><strong>geometra</strong></span> <span class='ocrx_word' id='word_1_132' title='bbox 1253 2312 1400 2368; x_wconf 82' lang='lat' dir='ltr'><strong>venit</strong></span> <span class='ocrx_word' id='word_1_133' title='bbox 1423 2312 1725 2385; x_wconf 79' lang='lat' dir='ltr'><strong>Eugenius,</strong></span> <span class='ocrx_word' id='word_1_134' title='bbox 1752 2317 1844 2385; x_wconf 88' lang='lat' dir='ltr'><strong>qui</strong></span> <span class='ocrx_word' id='word_1_135' title='bbox 1868 2334 2031 2377; x_wconf 90' lang='lat' dir='ltr'><strong>omne</strong></span> 
     </span>
    </p>
   </div>
   <div class='ocr_carea' id='block_1_24' title="bbox 444 2397 2028 2474">
    <p class='ocr_par' dir='ltr' id='par_1_24' title="bbox 444 2397 2028 2474">
     <span class='ocr_line' id='line_1_24' title="bbox 444 2397 2028 2474; baseline 0.012 -24"><span class='ocrx_word' id='word_1_136' title='bbox 444 2397 669 2468; x_wconf 87' lang='lat' dir='ltr'><strong>quidem</strong></span> <span class='ocrx_word' id='word_1_137' title='bbox 720 2415 944 2458; x_wconf 88' lang='lat' dir='ltr'><strong>mensus</strong></span> <span class='ocrx_word' id='word_1_138' title='bbox 991 2411 1075 2459; x_wconf 90' lang='lat' dir='ltr'><strong>est</strong></span> <span class='ocrx_word' id='word_1_139' title='bbox 1112 2420 1327 2474; x_wconf 85' lang='lat' dir='ltr'><strong>arvum,</strong></span> <span class='ocrx_word' id='word_1_140' title='bbox 1373 2418 1616 2464; x_wconf 81' lang='lat' dir='ltr'><strong>ventrem</strong></span> <span class='ocrx_word' id='word_1_141' title='bbox 1657 2421 1836 2467; x_wconf 88' lang='lat' dir='ltr'><strong>autem</strong></span> <span class='ocrx_word' id='word_1_142' title='bbox 1868 2430 2028 2469; x_wconf 91' lang='lat' dir='ltr'><strong>suum</strong></span> 
     </span>
    </p>
   </div>
   <div class='ocr_carea' id='block_1_25' title="bbox 448 2488 2031 2567">
    <p class='ocr_par' dir='ltr' id='par_1_25' title="bbox 448 2488 2031 2567">
     <span class='ocr_line' id='line_1_25' title="bbox 448 2488 2031 2567; baseline 0.012 -27"><span class='ocrx_word' id='word_1_143' title='bbox 448 2488 627 2542; x_wconf 89' lang='lat' dir='ltr'><strong>metiri</strong></span> <span class='ocrx_word' id='word_1_144' title='bbox 677 2505 785 2544; x_wconf 90' lang='lat' dir='ltr'><strong>non</strong></span> <span class='ocrx_word' id='word_1_145' title='bbox 836 2494 1031 2561; x_wconf 89' lang='lat' dir='ltr'><strong>potuit,</strong></span> <span class='ocrx_word' id='word_1_146' title='bbox 1091 2496 1183 2566; x_wconf 85' lang='lat' dir='ltr'><strong>qui</strong></span> <span class='ocrx_word' id='word_1_147' title='bbox 1208 2513 1274 2551; x_wconf 81' lang='lat' dir='ltr'><strong>ex</strong></span> <span class='ocrx_word' id='word_1_148' title='bbox 1321 2498 1557 2567; x_wconf 83' lang='lat' dir='ltr'><strong>quadam</strong></span> <span class='ocrx_word' id='word_1_149' title='bbox 1608 2500 1828 2556; x_wconf 92' lang='lat' dir='ltr'><strong>humida</strong></span> <span class='ocrx_word' id='word_1_150' title='bbox 1879 2503 1933 2558; x_wconf 90' lang='lat' dir='ltr'><strong>in</strong></span> <span class='ocrx_word' id='word_1_151' title='bbox 1970 2519 2031 2560; x_wconf 89' lang='lat' dir='ltr'><strong>se</strong></span> 
     </span>
    </p>
   </div>
   <div class='ocr_carea' id='block_1_26' title="bbox 386 2578 2026 2665">
    <p class='ocr_par' dir='ltr' id='par_1_26' title="bbox 446 2578 2026 2653">
     <span class='ocr_line' id='line_1_26' title="bbox 446 2578 2026 2653; baseline 0.01 -21"><span class='ocrx_word' id='word_1_152' title='bbox 446 2578 676 2634; x_wconf 88' lang='lat' dir='ltr'><strong>collecta</strong></span> <span class='ocrx_word' id='word_1_153' title='bbox 715 2583 1023 2638; x_wconf 90' lang='lat' dir='ltr'><strong>substantia</strong></span> <span class='ocrx_word' id='word_1_154' title='bbox 1073 2594 1341 2653; x_wconf 83' lang='lat' dir='ltr'><strong>creverat,</strong></span> <span class='ocrx_word' id='word_1_155' title='bbox 1382 2604 1490 2643; x_wconf 93' lang='lat' dir='ltr'><strong>non</strong></span> <span class='ocrx_word' id='word_1_156' title='bbox 1523 2590 1767 2646; x_wconf 87' lang='lat' dir='ltr'><strong>itnitatus</strong></span> <span class='ocrx_word' id='word_1_157' title='bbox 1792 2593 2026 2648; x_wconf 89' lang='lat' dir='ltr'><strong>ruralem</strong></span> 
     </span>
    </p>
   </div>
   <div class='ocr_carea' id='block_1_27' title="bbox 447 2674 2031 2755">
    <p class='ocr_par' dir='ltr' id='par_1_27' title="bbox 447 2674 2031 2755">
     <span class='ocr_line' id='line_1_27' title="bbox 447 2674 2031 2755; baseline 0.008 -28"><span class='ocrx_word' id='word_1_158' title='bbox 447 2681 504 2727; x_wconf 90' lang='lat' dir='ltr'><strong>et</strong></span> <span class='ocrx_word' id='word_1_159' title='bbox 534 2674 926 2729; x_wconf 91' lang='lat' dir='ltr'><strong>numerabilem</strong></span> <span class='ocrx_word' id='word_1_160' title='bbox 977 2679 1429 2748; x_wconf 81' lang='lat' dir='ltr'><strong>magnitudinem,</strong></span> <span class='ocrx_word' id='word_1_161' title='bbox 1478 2682 1574 2737; x_wconf 89' lang='lat' dir='ltr'><strong>sed</strong></span> <span class='ocrx_word' id='word_1_162' title='bbox 1613 2685 2031 2755; x_wconf 87' lang='lat' dir='ltr'><strong>incomprehen-</strong></span> 
     </span>
    </p>
   </div>
   <div class='ocr_carea' id='block_1_28' title="bbox 448 2764 2027 2842">
    <p class='ocr_par' dir='ltr' id='par_1_28' title="bbox 448 2764 2027 2842">
     <span class='ocr_line' id='line_1_28' title="bbox 448 2764 2027 2842; baseline 0.009 -24"><span class='ocrx_word' id='word_1_163' title='bbox 448 2764 685 2830; x_wconf 85' lang='lat' dir='ltr'><strong>sibilem,</strong></span> <span class='ocrx_word' id='word_1_164' title='bbox 730 2775 785 2821; x_wconf 92' lang='lat' dir='ltr'><strong>et</strong></span> <span class='ocrx_word' id='word_1_165' title='bbox 815 2768 957 2823; x_wconf 91' lang='lat' dir='ltr'><strong>mole</strong></span> <span class='ocrx_word' id='word_1_166' title='bbox 996 2771 1342 2842; x_wconf 77' lang='lat' dir='ltr'><strong>maximoque</strong></span> <span class='ocrx_word' id='word_1_167' title='bbox 1375 2779 1589 2829; x_wconf 89' lang='lat' dir='ltr'><strong>tumore</strong></span> <span class='ocrx_word' id='word_1_168' title='bbox 1640 2776 1841 2832; x_wconf 89' lang='lat' dir='ltr'><strong>factam</strong></span> <span class='ocrx_word' id='word_1_169' title='bbox 1867 2794 2027 2833; x_wconf 87' lang='lat' dir='ltr'><strong>mon-</strong></span> 
     </span>
    </p>
   </div>
   <div class='ocr_carea' id='block_1_29' title="bbox 449 2855 2026 2939">
    <p class='ocr_par' dir='ltr' id='par_1_29' title="bbox 449 2855 2026 2939">
     <span class='ocr_line' id='line_1_29' title="bbox 449 2855 2026 2939; baseline 0.011 -30"><span class='ocrx_word' id='word_1_170' title='bbox 449 2855 600 2912; x_wconf 90' lang='lat' dir='ltr'><strong>tibus</strong></span> <span class='ocrx_word' id='word_1_171' title='bbox 630 2857 862 2914; x_wconf 89' lang='lat' dir='ltr'><strong>similem</strong></span> <span class='ocrx_word' id='word_1_172' title='bbox 891 2860 1298 2917; x_wconf 84' lang='lat' dir='ltr'><strong>celsitudinem.</strong></span> <span class='ocrx_word' id='word_1_173' title='bbox 1323 2863 1608 2922; x_wconf 87' lang='lat' dir='ltr'><strong>Demensis</strong></span> <span class='ocrx_word' id='word_1_174' title='bbox 1633 2878 1814 2923; x_wconf 86' lang='lat' dir='ltr'><strong>autem</strong></span> <span class='ocrx_word' id='word_1_175' title='bbox 1852 2873 2026 2939; x_wconf 85' lang='lat' dir='ltr'><strong>preci-</strong></span> 
     </span>
    </p>
   </div>
   <div class='ocr_carea' id='block_1_30' title="bbox 447 2950 2028 3022">
    <p class='ocr_par' dir='ltr' id='par_1_30' title="bbox 447 2950 2028 3022">
     <span class='ocr_line' id='line_1_30' title="bbox 447 2950 2028 3022; baseline 0.01 -16"><span class='ocrx_word' id='word_1_176' title='bbox 447 2950 554 3008; x_wconf 86' lang='lat' dir='ltr'><strong>bus</strong></span> <span class='ocrx_word' id='word_1_177' title='bbox 587 2955 777 3020; x_wconf 90' lang='lat' dir='ltr'><strong>utitur,</strong></span> <span class='ocrx_word' id='word_1_178' title='bbox 806 2954 949 3010; x_wconf 91' lang='lat' dir='ltr'><strong>inter</strong></span> <span class='ocrx_word' id='word_1_179' title='bbox 972 2964 1291 3012; x_wconf 87' lang='lat' dir='ltr'><strong>sanctorum</strong></span> <span class='ocrx_word' id='word_1_180' title='bbox 1337 2961 1523 3016; x_wconf 88' lang='lat' dir='ltr'><strong>volens</strong></span> <span class='ocrx_word' id='word_1_181' title='bbox 1547 2966 1826 3019; x_wconf 89' lang='lat' dir='ltr'><strong>numerari</strong></span> <span class='ocrx_word' id='word_1_182' title='bbox 1858 2967 2028 3022; x_wconf 89' lang='lat' dir='ltr'><strong>mira-</strong></span> 
     </span>
    </p>
   </div>
   <div class='ocr_carea' id='block_1_31' title="bbox 448 3046 2026 3127">
    <p class='ocr_par' dir='ltr' id='par_1_31' title="bbox 448 3046 2026 3127">
     <span class='ocr_line' id='line_1_31' title="bbox 448 3046 2026 3127; baseline 0.01 -26"><span class='ocrx_word' id='word_1_183' title='bbox 448 3046 572 3101; x_wconf 88' lang='lat' dir='ltr'><strong>cula</strong></span> <span class='ocrx_word' id='word_1_184' title='bbox 615 3063 630 3112; x_wconf 88' lang='lat'><strong>;</strong></span> <span class='ocrx_word' id='word_1_185' title='bbox 668 3062 917 3118; x_wconf 79' lang='lat' dir='ltr'><strong>magnam</strong></span> <span class='ocrx_word' id='word_1_186' title='bbox 956 3051 1159 3121; x_wconf 88' lang='lat' dir='ltr'><strong>quippe</strong></span> <span class='ocrx_word' id='word_1_187' title='bbox 1184 3052 1286 3107; x_wconf 92' lang='lat' dir='ltr'><strong>hoc</strong></span> <span class='ocrx_word' id='word_1_188' title='bbox 1317 3068 1439 3110; x_wconf 90' lang='lat' dir='ltr'><strong>esse</strong></span> <span class='ocrx_word' id='word_1_189' title='bbox 1482 3055 1803 3127; x_wconf 74' lang='lat' dir='ltr'><strong>dignitatem</strong></span> <span class='ocrx_word' id='word_1_190' title='bbox 1831 3061 2026 3115; x_wconf 83' lang='lat' dir='ltr'><strong>existi-</strong></span> 
     </span>
    </p>
   </div>
   <div class='ocr_carea' id='block_1_32' title="bbox 450 3134 2098 3244">
    <p class='ocr_par' dir='ltr' id='par_1_32' title="bbox 450 3134 2098 3244">
     <span class='ocr_line' id='line_1_32' title="bbox 450 3134 2098 3244; baseline 0.013 -58"><span class='ocrx_word' id='word_1_191' title='bbox 450 3148 628 3244; x_wconf 64' lang='lat' dir='ltr'><strong>:nans,</strong></span> <span class='ocrx_word' id='word_1_192' title='bbox 661 3134 867 3192; x_wconf 91' lang='lat' dir='ltr'><strong>idcirco</strong></span> <span class='ocrx_word' id='word_1_193' title='bbox 891 3147 948 3192; x_wconf 90' lang='lat' dir='ltr'><strong>ut</strong></span> <span class='ocrx_word' id='word_1_194' title='bbox 973 3139 1074 3193; x_wconf 91' lang='lat' dir='ltr'><strong>hac</strong></span> <span class='ocrx_word' id='word_1_195' title='bbox 1105 3141 1257 3196; x_wconf 83' lang='lat' dir='ltr'><strong>fieret</strong></span> <span class='ocrx_word' id='word_1_196' title='bbox 1277 3142 1476 3213; x_wconf 80' lang='lat' dir='ltr'><strong>dignus</strong></span> <span class='ocrx_word' id='word_1_197' title='bbox 1509 3148 1815 3217; x_wconf 86' lang='lat' dir='ltr'><strong>proposuit.</strong></span> <span class='ocrx_word' id='word_1_198' title='bbox 1846 3149 1900 3203; x_wconf 93' lang='lat' dir='ltr'><strong>ln</strong></span> <span class='ocrx_word' id='word_1_199' title='bbox 1925 3151 2027 3207; x_wconf 91' lang='lat' dir='ltr'><strong>hoc</strong></span> <span class='ocrx_word' id='word_1_200' title='bbox 2055 3185 2098 3244; x_wconf 66' lang='grc' dir='ltr'><strong>ο</strong></span> 
     </span>
    </p>
   </div>
   <div class='ocr_carea' id='block_1_33' title="bbox 448 3224 2032 3312">
    <p class='ocr_par' dir='ltr' id='par_1_33' title="bbox 448 3224 2032 3312">
     <span class='ocr_line' id='line_1_33' title="bbox 448 3224 2032 3312; baseline 0.013 -33"><span class='ocrx_word' id='word_1_201' title='bbox 448 3224 572 3295; x_wconf 82' lang='lat' dir='ltr'><strong>ipso</strong></span> <span class='ocrx_word' id='word_1_202' title='bbox 621 3235 803 3283; x_wconf 87' lang='lat' dir='ltr'><strong>autem</strong></span> <span class='ocrx_word' id='word_1_203' title='bbox 850 3238 905 3285; x_wconf 93' lang='lat' dir='ltr'><strong>et</strong></span> <span class='ocrx_word' id='word_1_204' title='bbox 953 3232 1190 3301; x_wconf 82' lang='lat' dir='ltr'><strong>qualiter</strong></span> <span class='ocrx_word' id='word_1_205' title='bbox 1241 3249 1302 3290; x_wconf 89' lang='lat' dir='ltr'><strong>se</strong></span> <span class='ocrx_word' id='word_1_206' title='bbox 1355 3235 1579 3293; x_wconf 84' lang='lat' dir='ltr'><strong>haberet</strong></span> <span class='ocrx_word' id='word_1_207' title='bbox 1631 3243 1908 3312; x_wconf 87' lang='lat' dir='ltr'><strong>correptio</strong></span> <span class='ocrx_word' id='word_1_208' title='bbox 1936 3243 2032 3299; x_wconf 86' lang='lat' dir='ltr'><strong>de-</strong></span> 
     </span>
    </p>
   </div>
   <div class='ocr_carea' id='block_1_34' title="bbox 448 3326 2034 3403">
    <p class='ocr_par' dir='ltr' id='par_1_34' title="bbox 448 3326 2034 3403">
     <span class='ocr_line' id='line_1_34' title="bbox 448 3326 2034 3403; baseline 0.011 -30"><span class='ocrx_word' id='word_1_209' title='bbox 448 3329 789 3389; x_wconf 87' lang='lat' dir='ltr'><strong>monstrans,</strong></span> <span class='ocrx_word' id='word_1_210' title='bbox 815 3333 1026 3380; x_wconf 79' lang='lat' dir='ltr'><strong>sextum</strong></span> <span class='ocrx_word' id='word_1_211' title='bbox 1046 3341 1168 3383; x_wconf 88' lang='lat' dir='ltr'><strong>sese</strong></span> <span class='ocrx_word' id='word_1_212' title='bbox 1211 3326 1351 3383; x_wconf 88' lang='lat' dir='ltr'><strong>inter</strong></span> <span class='ocrx_word' id='word_1_213' title='bbox 1381 3330 1767 3403; x_wconf 65' lang='lat' dir='ltr'><strong>Egyptioruut</strong></span> <span class='ocrx_word' id='word_1_214' title='bbox 1804 3336 2034 3391; x_wconf 79' lang='lat' dir='ltr'><strong>adduxit</strong></span> 
     </span>
    </p>
   </div>
   <div class='ocr_carea' id='block_1_35' title="bbox 449 3409 2036 3496">
    <p class='ocr_par' dir='ltr' id='par_1_35' title="bbox 449 3409 2036 3496">
     <span class='ocr_line' id='line_1_35' title="bbox 449 3409 2036 3496; baseline 0.009 -29"><span class='ocrx_word' id='word_1_215' title='bbox 449 3419 505 3467; x_wconf 88' lang='lat' dir='ltr'><strong>et</strong></span> <span class='ocrx_word' id='word_1_216' title='bbox 532 3409 824 3484; x_wconf 78' lang='lat' dir='ltr'><strong>Libyorum</strong></span> <span class='ocrx_word' id='word_1_217' title='bbox 850 3418 1480 3492; x_wconf 75' lang='lat' dir='ltr'><strong>narrationes,pra:dicti</strong></span> <span class='ocrx_word' id='word_1_218' title='bbox 1507 3427 1719 3481; x_wconf 90' lang='lat' dir='ltr'><strong>numeri</strong></span> <span class='ocrx_word' id='word_1_219' title='bbox 1743 3425 2036 3496; x_wconf 86' lang='lat' dir='ltr'><strong>perfectio-</strong></span> 
     </span>
    </p>
   </div>
   <div class='ocr_carea' id='block_1_36' title="bbox 451 3502 2033 3587">
    <p class='ocr_par' dir='ltr' id='par_1_36' title="bbox 451 3502 2033 3587">
     <span class='ocr_line' id='line_1_36' title="bbox 451 3502 2033 3587; baseline 0.01 -30"><span class='ocrx_word' id='word_1_220' title='bbox 451 3517 575 3558; x_wconf 86' lang='lat' dir='ltr'><strong>nem</strong></span> <span class='ocrx_word' id='word_1_221' title='bbox 605 3502 909 3573; x_wconf 76' lang='lat' dir='ltr'><strong>admirans,</strong></span> <span class='ocrx_word' id='word_1_222' title='bbox 946 3517 1000 3562; x_wconf 89' lang='lat' dir='ltr'><strong>et</strong></span> <span class='ocrx_word' id='word_1_223' title='bbox 1030 3508 1176 3566; x_wconf 90' lang='lat' dir='ltr'><strong>hunc</strong></span> <span class='ocrx_word' id='word_1_224' title='bbox 1210 3521 1496 3583; x_wconf 87' lang='lat' dir='ltr'><strong>propterea</strong></span> <span class='ocrx_word' id='word_1_225' title='bbox 1542 3517 1826 3587; x_wconf 85' lang='lat' dir='ltr'><strong>suscipere</strong></span> <span class='ocrx_word' id='word_1_226' title='bbox 1880 3525 2033 3573; x_wconf 87' lang='lat' dir='ltr'><strong>sorte</strong></span> 
     </span>
    </p>
   </div>
   <div class='ocr_carea' id='block_1_37' title="bbox 451 3595 2034 3683">
    <p class='ocr_par' dir='ltr' id='par_1_37' title="bbox 451 3595 2034 3683">
     <span class='ocr_line' id='line_1_37' title="bbox 451 3595 2034 3683; baseline 0.011 -33"><span class='ocrx_word' id='word_1_227' title='bbox 451 3595 721 3654; x_wconf 79' lang='lat' dir='ltr'><strong>festinans</strong></span> <span class='ocrx_word' id='word_1_228' title='bbox 747 3615 763 3665; x_wconf 90' lang='lat'><strong>;</strong></span> <span class='ocrx_word' id='word_1_229' title='bbox 785 3600 925 3655; x_wconf 85' lang='lat' dir='ltr'><strong>unde</strong></span> <span class='ocrx_word' id='word_1_230' title='bbox 951 3616 1054 3657; x_wconf 91' lang='lat' dir='ltr'><strong>nos</strong></span> <span class='ocrx_word' id='word_1_231' title='bbox 1087 3610 1199 3659; x_wconf 90' lang='lat' dir='ltr'><strong>tam</strong></span> <span class='ocrx_word' id='word_1_232' title='bbox 1229 3605 1490 3663; x_wconf 86' lang='lat' dir='ltr'><strong>desiderii</strong></span> <span class='ocrx_word' id='word_1_233' title='bbox 1533 3624 1698 3681; x_wconf 86' lang='lat' dir='ltr'><strong>quam</strong></span> <span class='ocrx_word' id='word_1_234' title='bbox 1728 3609 2034 3683; x_wconf 71' lang='lat' dir='ltr'><strong>disciplina:</strong></span> 
     </span>
    </p>
   </div>
   <div class='ocr_carea' id='block_1_38' title="bbox 451 3687 1509 3769">
    <p class='ocr_par' dir='ltr' id='par_1_38' title="bbox 451 3687 1509 3769">
     <span class='ocr_line' id='line_1_38' title="bbox 451 3687 1509 3769; baseline 0.011 -26"><span class='ocrx_word' id='word_1_235' title='bbox 451 3687 599 3745; x_wconf 88' lang='lat' dir='ltr'><strong>hunc</strong></span> <span class='ocrx_word' id='word_1_236' title='bbox 629 3691 987 3760; x_wconf 87' lang='lat' dir='ltr'><strong>admirantes,</strong></span> <span class='ocrx_word' id='word_1_237' title='bbox 1020 3710 1210 3765; x_wconf 89' lang='lat' dir='ltr'><strong>preces</strong></span> <span class='ocrx_word' id='word_1_238' title='bbox 1259 3712 1509 3769; x_wconf 74' lang='lat' dir='ltr'><strong>agamus.</strong></span> 
     </span>
    </p>
   </div>
   <div class='ocr_carea' id='block_1_39' title="bbox 522 3865 2031 3952">
    <p class='ocr_par' dir='ltr' id='par_1_39' title="bbox 522 3865 2031 3952">
     <span class='ocr_line' id='line_1_39' title="bbox 522 3865 2031 3952; baseline 0.011 -33"><span class='ocrx_word' id='word_1_239' title='bbox 522 3865 835 3936; x_wconf 84' lang='lat' dir='ltr'><strong>Geometra,</strong></span> <span class='ocrx_word' id='word_1_240' title='bbox 867 3875 929 3924; x_wconf 93' lang='lat' dir='ltr'><strong>ut</strong></span> <span class='ocrx_word' id='word_1_241' title='bbox 962 3869 1222 3939; x_wconf 77' lang='lat' dir='ltr'><strong>diximus,</strong></span> <span class='ocrx_word' id='word_1_242' title='bbox 1260 3884 1378 3931; x_wconf 87' lang='lat' dir='ltr'><strong>erat</strong></span> <span class='ocrx_word' id='word_1_243' title='bbox 1408 3874 1711 3948; x_wconf 75' lang='lat' dir='ltr'><strong>Eugenius,</strong></span> <span class='ocrx_word' id='word_1_244' title='bbox 1740 3879 2031 3952; x_wconf 67' lang='lat' dir='ltr'><strong>Egyptius</strong></span> 
     </span>
    </p>
   </div>
   <div class='ocr_carea' id='block_1_40' title="bbox 453 3956 2028 4034">
    <p class='ocr_par' dir='ltr' id='par_1_40' title="bbox 453 3956 2028 4034">
     <span class='ocr_line' id='line_1_40' title="bbox 453 3956 2028 4034; baseline 0.01 -22"><span class='ocrx_word' id='word_1_245' title='bbox 453 3969 670 4028; x_wconf 70' lang='lat' dir='ltr'><strong>genere.</strong></span> <span class='ocrx_word' id='word_1_246' title='bbox 705 3956 806 4014; x_wconf 82' lang='lat' dir='ltr'><strong>Hic</strong></span> <span class='ocrx_word' id='word_1_247' title='bbox 834 3975 1099 4030; x_wconf 85' lang='lat' dir='ltr'><strong>aquarum</strong></span> <span class='ocrx_word' id='word_1_248' title='bbox 1131 3965 1411 4034; x_wconf 85' lang='lat' dir='ltr'><strong>potatione</strong></span> <span class='ocrx_word' id='word_1_249' title='bbox 1438 3968 1735 4025; x_wconf 85' lang='lat' dir='ltr'><strong>multarum</strong></span> <span class='ocrx_word' id='word_1_250' title='bbox 1775 3970 1847 4027; x_wconf 89' lang='lat' dir='ltr'><strong>ob</strong></span> <span class='ocrx_word' id='word_1_251' title='bbox 1891 3972 2028 4027; x_wconf 86' lang='lat' dir='ltr'><strong>cali-</strong></span> 
     </span>
    </p>
   </div>
   <div class='ocr_carea' id='block_1_41' title="bbox 451 4044 2030 4130">
    <p class='ocr_par' dir='ltr' id='par_1_41' title="bbox 451 4044 2030 4130">
     <span class='ocr_line' id='line_1_41' title="bbox 451 4044 2030 4130; baseline 0.012 -32"><span class='ocrx_word' id='word_1_252' title='bbox 451 4044 648 4101; x_wconf 88' lang='lat' dir='ltr'><strong>dorum</strong></span> <span class='ocrx_word' id='word_1_253' title='bbox 697 4062 885 4103; x_wconf 90' lang='lat' dir='ltr'><strong>aerum</strong></span> <span class='ocrx_word' id='word_1_254' title='bbox 920 4050 1228 4107; x_wconf 88' lang='lat' dir='ltr'><strong>molestiam</strong></span> <span class='ocrx_word' id='word_1_255' title='bbox 1272 4069 1428 4123; x_wconf 89' lang='lat' dir='ltr'><strong>usus,</strong></span> <span class='ocrx_word' id='word_1_256' title='bbox 1466 4057 1785 4129; x_wconf 77' lang='lat' dir='ltr'><strong>languorem</strong></span> <span class='ocrx_word' id='word_1_257' title='bbox 1815 4062 2030 4130; x_wconf 78' lang='lat' dir='ltr'><strong>gravis-</strong></span> 
     </span>
    </p>
   </div>
   <div class='ocr_carea' id='block_1_42' title="bbox 453 4139 2026 4222">
    <p class='ocr_par' dir='ltr' id='par_1_42' title="bbox 453 4139 2026 4222">
     <span class='ocr_line' id='line_1_42' title="bbox 453 4139 2026 4222; baseline 0.011 -29"><span class='ocrx_word' id='word_1_258' title='bbox 453 4139 654 4194; x_wconf 89' lang='lat' dir='ltr'><strong>simum</strong></span> <span class='ocrx_word' id='word_1_259' title='bbox 674 4141 885 4209; x_wconf 90' lang='lat' dir='ltr'><strong>incidit,</strong></span> <span class='ocrx_word' id='word_1_260' title='bbox 918 4145 1010 4214; x_wconf 91' lang='lat' dir='ltr'><strong>qui</strong></span> <span class='ocrx_word' id='word_1_261' title='bbox 1034 4144 1190 4201; x_wconf 88' lang='lat' dir='ltr'><strong>valde</strong></span> <span class='ocrx_word' id='word_1_262' title='bbox 1215 4162 1369 4202; x_wconf 89' lang='lat' dir='ltr'><strong>suam</strong></span> <span class='ocrx_word' id='word_1_263' title='bbox 1397 4149 1718 4220; x_wconf 81' lang='lat' dir='ltr'><strong>expandens</strong></span> <span class='ocrx_word' id='word_1_264' title='bbox 1742 4154 2026 4222; x_wconf 87' lang='lat' dir='ltr'><strong>virtutem,</strong></span> 
     </span>
    </p>
   </div>
   <div class='ocr_carea' id='block_1_43' title="bbox 453 4230 2028 4304">
    <p class='ocr_par' dir='ltr' id='par_1_43' title="bbox 453 4230 2028 4304">
     <span class='ocr_line' id='line_1_43' title="bbox 453 4230 2028 4304; baseline 0.01 -19"><span class='ocrx_word' id='word_1_265' title='bbox 453 4230 511 4285; x_wconf 88' lang='lat' dir='ltr'><strong>in</strong></span> <span class='ocrx_word' id='word_1_266' title='bbox 564 4231 863 4304; x_wconf 91' lang='lat' dir='ltr'><strong>hydropem</strong></span> <span class='ocrx_word' id='word_1_267' title='bbox 914 4236 1209 4292; x_wconf 80' lang='lat' dir='ltr'><strong>maximam</strong></span> <span class='ocrx_word' id='word_1_268' title='bbox 1262 4239 1546 4295; x_wconf 90' lang='lat' dir='ltr'><strong>minimum</strong></span> <span class='ocrx_word' id='word_1_269' title='bbox 1578 4241 1710 4297; x_wconf 92' lang='lat' dir='ltr'><strong>illud</strong></span> <span class='ocrx_word' id='word_1_270' title='bbox 1751 4245 2028 4301; x_wconf 91' lang='lat' dir='ltr'><strong>residuum</strong></span> 
     </span>
    </p>
   </div>
   <div class='ocr_carea' id='block_1_44' title="bbox 452 4324 2032 4405">
    <p class='ocr_par' dir='ltr' id='par_1_44' title="bbox 452 4324 2032 4405">
     <span class='ocr_line' id='line_1_44' title="bbox 452 4324 2032 4405; baseline 0.01 -27"><span class='ocrx_word' id='word_1_271' title='bbox 452 4325 757 4379; x_wconf 88' lang='lat' dir='ltr'><strong>transtulit.</strong></span> <span class='ocrx_word' id='word_1_272' title='bbox 800 4324 937 4382; x_wconf 83' lang='lat' dir='ltr'><strong>Nam</strong></span> <span class='ocrx_word' id='word_1_273' title='bbox 969 4338 1024 4384; x_wconf 91' lang='lat' dir='ltr'><strong>et</strong></span> <span class='ocrx_word' id='word_1_274' title='bbox 1072 4329 1176 4385; x_wconf 88' lang='lat' dir='ltr'><strong>hoc</strong></span> <span class='ocrx_word' id='word_1_275' title='bbox 1222 4331 1433 4389; x_wconf 91' lang='lat' dir='ltr'><strong>habens</strong></span> <span class='ocrx_word' id='word_1_276' title='bbox 1461 4331 1761 4405; x_wconf 78' lang='lat' dir='ltr'><strong>Eugenius,</strong></span> <span class='ocrx_word' id='word_1_277' title='bbox 1805 4353 1906 4393; x_wconf 90' lang='lat' dir='ltr'><strong>nec</strong></span> <span class='ocrx_word' id='word_1_278' title='bbox 1949 4340 2032 4395; x_wconf 92' lang='lat' dir='ltr'><strong>sic</strong></span> 
     </span>
    </p>
   </div>
   <div class='ocr_carea' id='block_1_45' title="bbox 453 4415 2032 4498">
    <p class='ocr_par' dir='ltr' id='par_1_45' title="bbox 453 4415 2032 4498">
     <span class='ocr_line' id='line_1_45' title="bbox 453 4415 2032 4498; baseline 0.012 -29"><span class='ocrx_word' id='word_1_279' title='bbox 453 4415 524 4470; x_wconf 89' lang='lat' dir='ltr'><strong>ab</strong></span> <span class='ocrx_word' id='word_1_280' title='bbox 557 4432 825 4485; x_wconf 91' lang='lat' dir='ltr'><strong>aquarum</strong></span> <span class='ocrx_word' id='word_1_281' title='bbox 875 4421 1154 4489; x_wconf 84' lang='lat' dir='ltr'><strong>potatione</strong></span> <span class='ocrx_word' id='word_1_282' title='bbox 1187 4425 1442 4481; x_wconf 89' lang='lat' dir='ltr'><strong>cessabat</strong></span> <span class='ocrx_word' id='word_1_283' title='bbox 1474 4443 1490 4491; x_wconf 85' lang='lat'><strong>;</strong></span> <span class='ocrx_word' id='word_1_284' title='bbox 1520 4441 1810 4498; x_wconf 89' lang='lat' dir='ltr'><strong>quousque</strong></span> <span class='ocrx_word' id='word_1_285' title='bbox 1843 4441 2032 4488; x_wconf 90' lang='lat' dir='ltr'><strong>ventre</strong></span> 
     </span>
    </p>
   </div>
   <div class='ocr_carea' id='block_1_46' title="bbox 452 4510 2030 4590">
    <p class='ocr_par' dir='ltr' id='par_1_46' title="bbox 452 4510 2030 4590">
     <span class='ocr_line' id='line_1_46' title="bbox 452 4510 2030 4590; baseline 0.01 -30"><span class='ocrx_word' id='word_1_286' title='bbox 452 4513 794 4563; x_wconf 85' lang='lat' dir='ltr'><strong>tumescente</strong></span> <span class='ocrx_word' id='word_1_287' title='bbox 814 4510 1074 4579; x_wconf 89' lang='lat' dir='ltr'><strong>paulatim</strong></span> <span class='ocrx_word' id='word_1_288' title='bbox 1096 4511 1302 4582; x_wconf 77' lang='lat' dir='ltr'><strong>jacet-et</strong></span> <span class='ocrx_word' id='word_1_289' title='bbox 1326 4515 1641 4583; x_wconf 87' lang='lat' dir='ltr'><strong>immobilis,</strong></span> <span class='ocrx_word' id='word_1_290' title='bbox 1667 4527 1785 4573; x_wconf 90' lang='lat' dir='ltr'><strong>cete</strong></span> <span class='ocrx_word' id='word_1_291' title='bbox 1804 4523 2030 4590; x_wconf 78' lang='lat' dir='ltr'><strong>grandia</strong></span> 
     </span>
    </p>
   </div>
   <div class='ocr_carea' id='block_1_47' title="bbox 452 4601 2032 4680">
    <p class='ocr_par' dir='ltr' id='par_1_47' title="bbox 452 4601 2032 4680">
     <span class='ocr_line' id='line_1_47' title="bbox 452 4601 2032 4680; baseline 0.009 -25"><span class='ocrx_word' id='word_1_292' title='bbox 452 4608 509 4656; x_wconf 87' lang='lat' dir='ltr'><strong>et</strong></span> <span class='ocrx_word' id='word_1_293' title='bbox 536 4615 763 4671; x_wconf 79' lang='lat' dir='ltr'><strong>magnos</strong></span> <span class='ocrx_word' id='word_1_294' title='bbox 816 4601 1059 4669; x_wconf 83' lang='lat' dir='ltr'><strong>imitatus</strong></span> <span class='ocrx_word' id='word_1_295' title='bbox 1104 4604 1392 4671; x_wconf 90' lang='lat' dir='ltr'><strong>dracones,</strong></span> <span class='ocrx_word' id='word_1_296' title='bbox 1442 4608 1537 4678; x_wconf 92' lang='lat' dir='ltr'><strong>qui</strong></span> <span class='ocrx_word' id='word_1_297' title='bbox 1575 4624 1867 4680; x_wconf 91' lang='lat' dir='ltr'><strong>corporum</strong></span> <span class='ocrx_word' id='word_1_298' title='bbox 1893 4615 2032 4669; x_wconf 91' lang='lat' dir='ltr'><strong>mole</strong></span> 
     </span>
    </p>
   </div>
   <div class='ocr_carea' id='block_1_48' title="bbox 454 4695 2029 4766">
    <p class='ocr_par' dir='ltr' id='par_1_48' title="bbox 454 4695 2029 4766">
     <span class='ocr_line' id='line_1_48' title="bbox 454 4695 2029 4766; baseline 0.007 -18"><span class='ocrx_word' id='word_1_299' title='bbox 454 4695 936 4766; x_wconf 75' lang='lat' dir='ltr'><strong>magnitudineque</strong></span> <span class='ocrx_word' id='word_1_300' title='bbox 966 4697 1200 4766; x_wconf 77' lang='lat' dir='ltr'><strong>gravati,</strong></span> <span class='ocrx_word' id='word_1_301' title='bbox 1235 4696 1492 4755; x_wconf 88' lang='lat' dir='ltr'><strong>incedere</strong></span> <span class='ocrx_word' id='word_1_302' title='bbox 1518 4698 1574 4755; x_wconf 90' lang='lat' dir='ltr'><strong>in</strong></span> <span class='ocrx_word' id='word_1_303' title='bbox 1618 4704 1891 4757; x_wconf 88' lang='lat' dir='ltr'><strong>anteriora</strong></span> <span class='ocrx_word' id='word_1_304' title='bbox 1921 4720 2029 4759; x_wconf 91' lang='lat' dir='ltr'><strong>non</strong></span> 
     </span>
    </p>
   </div>
   <div class='ocr_carea' id='block_1_49' title="bbox 453 4786 2033 4866">
    <p class='ocr_par' dir='ltr' id='par_1_49' title="bbox 453 4786 2033 4866">
     <span class='ocr_line' id='line_1_49' title="bbox 453 4786 2033 4866; baseline 0.007 -25"><span class='ocrx_word' id='word_1_305' title='bbox 453 4787 654 4843; x_wconf 88' lang='lat' dir='ltr'><strong>valent.</strong></span> <span class='ocrx_word' id='word_1_306' title='bbox 686 4786 887 4843; x_wconf 80' lang='lat' dir='ltr'><strong>Verum</strong></span> <span class='ocrx_word' id='word_1_307' title='bbox 915 4805 1022 4844; x_wconf 90' lang='lat' dir='ltr'><strong>non</strong></span> <span class='ocrx_word' id='word_1_308' title='bbox 1059 4800 1188 4844; x_wconf 89' lang='lat' dir='ltr'><strong>tunc</strong></span> <span class='ocrx_word' id='word_1_309' title='bbox 1234 4790 1304 4845; x_wconf 92' lang='lat' dir='ltr'><strong>ab</strong></span> <span class='ocrx_word' id='word_1_310' title='bbox 1335 4806 1599 4862; x_wconf 84' lang='lat' dir='ltr'><strong>aquarum</strong></span> <span class='ocrx_word' id='word_1_311' title='bbox 1627 4805 1754 4865; x_wconf 90' lang='lat' dir='ltr'><strong>potu</strong></span> <span class='ocrx_word' id='word_1_312' title='bbox 1786 4798 2033 4866; x_wconf 85' lang='lat' dir='ltr'><strong>quiesce-</strong></span> 
     </span>
    </p>
   </div>
   <div class='ocr_carea' id='block_1_50' title="bbox 454 4877 2032 4941">
    <p class='ocr_par' dir='ltr' id='par_1_50' title="bbox 454 4877 2032 4941">
     <span class='ocr_line' id='line_1_50' title="bbox 454 4877 2032 4941; baseline 0.003 -6"><span class='ocrx_word' id='word_1_313' title='bbox 454 4877 546 4935; x_wconf 83' lang='lat' dir='ltr'><strong>bat</strong></span> <span class='ocrx_word' id='word_1_314' title='bbox 582 4896 595 4933; x_wconf 91' lang='lat'>:</span> <span class='ocrx_word' id='word_1_315' title='bbox 639 4877 784 4934; x_wconf 91' lang='lat' dir='ltr'><strong>unde</strong></span> <span class='ocrx_word' id='word_1_316' title='bbox 808 4893 931 4934; x_wconf 92' lang='lat' dir='ltr'><strong>cum</strong></span> <span class='ocrx_word' id='word_1_317' title='bbox 966 4894 1127 4935; x_wconf 85' lang='lat' dir='ltr'><strong>omne</strong></span> <span class='ocrx_word' id='word_1_318' title='bbox 1149 4880 1546 4937; x_wconf 90' lang='lat' dir='ltr'><strong>incrementum</strong></span> <span class='ocrx_word' id='word_1_319' title='bbox 1577 4892 1785 4938; x_wconf 89' lang='lat' dir='ltr'><strong>motum</strong></span> <span class='ocrx_word' id='word_1_320' title='bbox 1831 4885 2032 4941; x_wconf 83' lang='lat' dir='ltr'><strong>haheat</strong></span> 
     </span>
    </p>
   </div>
   <div class='ocr_carea' id='block_1_51' title="bbox 454 4970 2033 5047">
    <p class='ocr_par' dir='ltr' id='par_1_51' title="bbox 454 4970 2033 5047">
     <span class='ocr_line' id='line_1_51' title="bbox 454 4970 2033 5047; baseline 0.007 -26"><span class='ocrx_word' id='word_1_321' title='bbox 454 4970 812 5042; x_wconf 80' lang='lat' dir='ltr'><strong>principium,</strong></span> <span class='ocrx_word' id='word_1_322' title='bbox 854 4973 998 5026; x_wconf 89' lang='lat' dir='ltr'><strong>sicut</strong></span> <span class='ocrx_word' id='word_1_323' title='bbox 1050 4971 1243 5027; x_wconf 89' lang='lat' dir='ltr'><strong>horum</strong></span> <span class='ocrx_word' id='word_1_324' title='bbox 1293 4973 1450 5044; x_wconf 90' lang='lat' dir='ltr'><strong>periti</strong></span> <span class='ocrx_word' id='word_1_325' title='bbox 1482 4975 1873 5047; x_wconf 80' lang='lat' dir='ltr'><strong>dogmatizant,</strong></span> <span class='ocrx_word' id='word_1_326' title='bbox 1918 4979 2033 5046; x_wconf 87' lang='lat' dir='ltr'><strong>ipse</strong></span> 
     </span>
    </p>
   </div>
   <div class='ocr_carea' id='block_1_52' title="bbox 453 5062 2032 5137">
    <p class='ocr_par' dir='ltr' id='par_1_52' title="bbox 453 5062 2032 5137">
     <span class='ocr_line' id='line_1_52' title="bbox 453 5062 2032 5137; baseline 0.003 -20"><span class='ocrx_word' id='word_1_327' title='bbox 453 5063 738 5118; x_wconf 82' lang='lat' dir='ltr'><strong>crescebat</strong></span> <span class='ocrx_word' id='word_1_328' title='bbox 804 5062 1119 5118; x_wconf 88' lang='lat' dir='ltr'><strong>nullatenus</strong></span> <span class='ocrx_word' id='word_1_329' title='bbox 1174 5074 1395 5128; x_wconf 89' lang='lat' dir='ltr'><strong>motus,</strong></span> <span class='ocrx_word' id='word_1_330' title='bbox 1453 5075 1644 5121; x_wconf 89' lang='lat' dir='ltr'><strong>natura</strong></span> <span class='ocrx_word' id='word_1_331' title='bbox 1700 5071 1863 5121; x_wconf 86' lang='lat' dir='ltr'><strong>etiam</strong></span> <span class='ocrx_word' id='word_1_332' title='bbox 1914 5069 2032 5137; x_wconf 86' lang='lat' dir='ltr'><strong>ipsa</strong></span> 
     </span>
    </p>
   </div>
   <div class='ocr_carea' id='block_1_53' title="bbox 454 5154 2030 5213">
    <p class='ocr_par' dir='ltr' id='par_1_53' title="bbox 454 5154 2030 5213">
     <span class='ocr_line' id='line_1_53' title="bbox 454 5154 2030 5213; baseline 0.004 -6"><span class='ocrx_word' id='word_1_333' title='bbox 454 5157 648 5207; x_wconf 87' lang='lat' dir='ltr'><strong>horum</strong></span> <span class='ocrx_word' id='word_1_334' title='bbox 713 5154 932 5209; x_wconf 91' lang='lat' dir='ltr'><strong>fallente</strong></span> <span class='ocrx_word' id='word_1_335' title='bbox 984 5156 1335 5210; x_wconf 85' lang='lat' dir='ltr'><strong>sententiam.</strong></span> <span class='ocrx_word' id='word_1_336' title='bbox 1376 5154 1548 5211; x_wconf 89' lang='lat' dir='ltr'><strong>Porro</strong></span> <span class='ocrx_word' id='word_1_337' title='bbox 1599 5158 1785 5212; x_wconf 74' lang='lat' dir='ltr'><strong>dicere</strong></span> <span class='ocrx_word' id='word_1_338' title='bbox 1832 5158 2030 5213; x_wconf 84' lang='lat' dir='ltr'><strong>iterum</strong></span> 
     </span>
    </p>
   </div>
   <div class='ocr_carea' id='block_1_54' title="bbox 454 5247 2032 5317">
    <p class='ocr_par' dir='ltr' id='par_1_54' title="bbox 454 5247 2032 5317">
     <span class='ocr_line' id='line_1_54' title="bbox 454 5247 2032 5317; baseline 0.004 -19"><span class='ocrx_word' id='word_1_339' title='bbox 454 5255 506 5301; x_wconf 71' lang='lat' dir='ltr'><strong>vt</strong></span> <span class='ocrx_word' id='word_1_340' title='bbox 539 5248 590 5300; x_wconf 92' lang='lat' dir='ltr'><strong>in</strong></span> <span class='ocrx_word' id='word_1_341' title='bbox 651 5248 755 5302; x_wconf 90' lang='lat' dir='ltr'><strong>hoc</strong></span> <span class='ocrx_word' id='word_1_342' title='bbox 804 5247 1067 5317; x_wconf 81' lang='lat' dir='ltr'><strong>languore</strong></span> <span class='ocrx_word' id='word_1_343' title='bbox 1114 5247 1450 5303; x_wconf 86' lang='lat' dir='ltr'><strong>medicorum</strong></span> <span class='ocrx_word' id='word_1_344' title='bbox 1478 5249 1872 5316; x_wconf 83' lang='lat' dir='ltr'><strong>infirmitatem,</strong></span> <span class='ocrx_word' id='word_1_345' title='bbox 1907 5268 2032 5305; x_wconf 76' lang='lat' dir='ltr'><strong>cum</strong></span> 
     </span>
    </p>
   </div>
   <div class='ocr_carea' id='block_1_55' title="bbox 454 5339 2032 5410">
    <p class='ocr_par' dir='ltr' id='par_1_55' title="bbox 454 5339 2032 5410">
     <span class='ocr_line' id='line_1_55' title="bbox 454 5339 2032 5410; baseline 0.001 -17"><span class='ocrx_word' id='word_1_346' title='bbox 454 5340 711 5394; x_wconf 89' lang='lat' dir='ltr'><strong>omnibus</strong></span> <span class='ocrx_word' id='word_1_347' title='bbox 740 5339 812 5394; x_wconf 88' lang='lat' dir='ltr'><strong>sit</strong></span> <span class='ocrx_word' id='word_1_348' title='bbox 851 5341 1164 5410; x_wconf 88' lang='lat' dir='ltr'><strong>perspicua,</strong></span> <span class='ocrx_word' id='word_1_349' title='bbox 1196 5342 1465 5395; x_wconf 87' lang='lat' dir='ltr'><strong>recusabo</strong></span> <span class='ocrx_word' id='word_1_350' title='bbox 1499 5357 1513 5406; x_wconf 91' lang='lat'><strong>;</strong></span> <span class='ocrx_word' id='word_1_351' title='bbox 1549 5341 1664 5394; x_wconf 82' lang='lat' dir='ltr'><strong>haec</strong></span> <span class='ocrx_word' id='word_1_352' title='bbox 1710 5341 1854 5396; x_wconf 85' lang='lat' dir='ltr'><strong>enim</strong></span> <span class='ocrx_word' id='word_1_353' title='bbox 1883 5352 2032 5397; x_wconf 87' lang='lat' dir='ltr'><strong>certa</strong></span> 
     </span>
    </p>
   </div>
   <div class='ocr_carea' id='block_1_56' title="bbox 455 5429 2034 5503">
    <p class='ocr_par' dir='ltr' id='par_1_56' title="bbox 455 5429 2034 5503">
     <span class='ocr_line' id='line_1_56' title="bbox 455 5429 2034 5503; baseline 0.001 -17"><span class='ocrx_word' id='word_1_354' title='bbox 455 5438 560 5493; x_wconf 77' lang='lat' dir='ltr'><strong>est,</strong></span> <span class='ocrx_word' id='word_1_355' title='bbox 616 5431 739 5485; x_wconf 88' lang='lat' dir='ltr'><strong>licet</strong></span> <span class='ocrx_word' id='word_1_356' title='bbox 770 5446 870 5486; x_wconf 87' lang='lat' dir='ltr'><strong>nos</strong></span> <span class='ocrx_word' id='word_1_357' title='bbox 922 5439 1225 5487; x_wconf 90' lang='lat' dir='ltr'><strong>taceamus.</strong></span> <span class='ocrx_word' id='word_1_358' title='bbox 1277 5429 1422 5501; x_wconf 72' lang='lat' dir='ltr'><strong>Ergo</strong></span> <span class='ocrx_word' id='word_1_359' title='bbox 1467 5431 1607 5486; x_wconf 90' lang='lat' dir='ltr'><strong>hanc</strong></span> <span class='ocrx_word' id='word_1_360' title='bbox 1642 5433 1860 5486; x_wconf 90' lang='lat' dir='ltr'><strong>silentio</strong></span> <span class='ocrx_word' id='word_1_361' title='bbox 1894 5449 2034 5503; x_wconf 66' lang='lat' dir='ltr'><strong>pra:-</strong></span> 
     </span>
    </p>
   </div>
   <div class='ocr_carea' id='block_1_57' title="bbox 457 5521 2033 5593">
    <p class='ocr_par' dir='ltr' id='par_1_57' title="bbox 457 5521 2033 5593">
     <span class='ocr_line' id='line_1_57' title="bbox 457 5521 2033 5593; baseline 0.005 -19"><span class='ocrx_word' id='word_1_362' title='bbox 457 5530 754 5588; x_wconf 71' lang='lat' dir='ltr'><strong>tereuutes,</strong></span> <span class='ocrx_word' id='word_1_363' title='bbox 803 5521 1032 5579; x_wconf 84' lang='lat' dir='ltr'><strong>Joannis</strong></span> <span class='ocrx_word' id='word_1_364' title='bbox 1096 5532 1149 5579; x_wconf 93' lang='lat' dir='ltr'><strong>et</strong></span> <span class='ocrx_word' id='word_1_365' title='bbox 1193 5521 1319 5593; x_wconf 85' lang='lat' dir='ltr'><strong>Cyri</strong></span> <span class='ocrx_word' id='word_1_366' title='bbox 1369 5538 1623 5579; x_wconf 89' lang='lat' dir='ltr'><strong>verorum</strong></span> <span class='ocrx_word' id='word_1_367' title='bbox 1696 5526 2033 5582; x_wconf 86' lang='lat' dir='ltr'><strong>medicorum</strong></span> 
     </span>
    </p>
   </div>
   <div class='ocr_carea' id='block_1_58' title="bbox 458 5613 2033 5689">
    <p class='ocr_par' dir='ltr' id='par_1_58' title="bbox 458 5613 2033 5689">
     <span class='ocr_line' id='line_1_58' title="bbox 458 5613 2033 5689; baseline 0.006 -24"><span class='ocrx_word' id='word_1_368' title='bbox 458 5613 714 5668; x_wconf 86' lang='lat' dir='ltr'><strong>virtutem</strong></span> <span class='ocrx_word' id='word_1_369' title='bbox 755 5615 1042 5671; x_wconf 85' lang='lat' dir='ltr'><strong>fatebimur</strong></span> <span class='ocrx_word' id='word_1_370' title='bbox 1081 5635 1093 5669; x_wconf 93' lang='lat'><strong>:</strong></span> <span class='ocrx_word' id='word_1_371' title='bbox 1133 5624 1401 5688; x_wconf 89' lang='lat' dir='ltr'><strong>quantum</strong></span> <span class='ocrx_word' id='word_1_372' title='bbox 1431 5618 1576 5673; x_wconf 91' lang='lat' dir='ltr'><strong>enim</strong></span> <span class='ocrx_word' id='word_1_373' title='bbox 1603 5614 2033 5689; x_wconf 71' lang='lat' dir='ltr'><strong>praecedentium</strong></span> 
     </span>
    </p>
   </div>
   <div class='ocr_carea' id='block_1_59' title="bbox 463 5703 2033 5783">
    <p class='ocr_par' dir='ltr' id='par_1_59' title="bbox 463 5703 2033 5783">
     <span class='ocr_line' id='line_1_59' title="bbox 463 5703 2033 5783; baseline 0.005 -23"><span class='ocrx_word' id='word_1_374' title='bbox 463 5703 752 5761; x_wconf 77' lang='lat' dir='ltr'><strong>inhi-initas</strong></span> <span class='ocrx_word' id='word_1_375' title='bbox 798 5707 937 5762; x_wconf 86' lang='lat' dir='ltr'><strong>facta</strong></span> <span class='ocrx_word' id='word_1_376' title='bbox 980 5719 1063 5765; x_wconf 84' lang='lat' dir='ltr'><strong>est</strong></span> <span class='ocrx_word' id='word_1_377' title='bbox 1096 5711 1315 5766; x_wconf 87' lang='lat' dir='ltr'><strong>silentio</strong></span> <span class='ocrx_word' id='word_1_378' title='bbox 1364 5711 1548 5783; x_wconf 76' lang='lat' dir='ltr'><strong>digna,</strong></span> <span class='ocrx_word' id='word_1_379' title='bbox 1592 5721 1798 5768; x_wconf 89' lang='lat' dir='ltr'><strong>tantum</strong></span> <span class='ocrx_word' id='word_1_380' title='bbox 1839 5714 2033 5770; x_wconf 89' lang='lat' dir='ltr'><strong>horum</strong></span> 
     </span>
    </p>
   </div>
   <div class='ocr_carea' id='block_1_60' title="bbox 466 5794 2033 5874">
    <p class='ocr_par' dir='ltr' id='par_1_60' title="bbox 466 5794 2033 5874">
     <span class='ocr_line' id='line_1_60' title="bbox 466 5794 2033 5874; baseline 0.006 -27"><span class='ocrx_word' id='word_1_381' title='bbox 466 5794 636 5849; x_wconf 73' lang='lat' dir='ltr'><strong>\lt&#39;tus</strong></span> <span class='ocrx_word' id='word_1_382' title='bbox 666 5798 975 5864; x_wconf 71' lang='lat' dir='ltr'><strong>magnison</strong></span> <span class='ocrx_word' id='word_1_383' title='bbox 1005 5800 1348 5867; x_wconf 68' lang='lat' dir='ltr'><strong>pra-diratnr.</strong></span> <span class='ocrx_word' id='word_1_384' title='bbox 1386 5801 1515 5856; x_wconf 69' lang='lat' dir='ltr'><strong>Nam</strong></span> <span class='ocrx_word' id='word_1_385' title='bbox 1542 5810 1594 5857; x_wconf 89' lang='lat' dir='ltr'><strong>cl</strong></span> <span class='ocrx_word' id='word_1_386' title='bbox 1619 5802 1725 5857; x_wconf 84' lang='lat' dir='ltr'><strong>illis</strong></span> <span class='ocrx_word' id='word_1_387' title='bbox 1760 5801 2033 5874; x_wconf 80' lang='lat' dir='ltr'><strong>Eugenius</strong></span> 
     </span>
    </p>
   </div>
   <div class='ocr_carea' id='block_1_61' title="bbox 2147 566 3733 640">
    <p class='ocr_par' dir='ltr' id='par_1_61' title="bbox 2147 566 3733 640">
     <span class='ocr_line' id='line_1_61' title="bbox 2147 566 3733 640; baseline 0.003 -21"><span class='ocrx_word' id='word_1_388' title='bbox 2147 566 2445 637; x_wconf 71' lang='grc' dir='ltr'><strong>ποιουμένη</strong></span> <span class='ocrx_word' id='word_1_389' title='bbox 2477 567 2619 621; x_wconf 84' lang='grc' dir='ltr'>κατὰ</span> <span class='ocrx_word' id='word_1_390' title='bbox 2652 569 2813 637; x_wconf 84' lang='grc' dir='ltr'>φύσιν</span> <span class='ocrx_word' id='word_1_391' title='bbox 2846 568 3044 638; x_wconf 81' lang='grc' dir='ltr'>ἑαυτῆς</span> <span class='ocrx_word' id='word_1_392' title='bbox 3070 567 3171 640; x_wconf 74' lang='grc' dir='ltr'><strong>τὴν</strong></span> <span class='ocrx_word' id='word_1_393' title='bbox 3203 567 3509 639; x_wconf 73' lang='grc' dir='ltr'><strong>ἐνέργειαν,</strong></span> <span class='ocrx_word' id='word_1_394' title='bbox 3546 567 3733 638; x_wconf 84' lang='grc' dir='ltr'><strong>ἀγνώ-</strong></span> 
     </span>
    </p>
   </div>
   <div class='ocr_carea' id='block_1_62' title="bbox 2145 658 3732 733">
    <p class='ocr_par' dir='ltr' id='par_1_62' title="bbox 2145 658 3732 733">
     <span class='ocr_line' id='line_1_62' title="bbox 2145 658 3732 733; baseline 0.003 -22"><span class='ocrx_word' id='word_1_395' title='bbox 2145 674 2326 728; x_wconf 82' lang='grc' dir='ltr'>ριστον</span> <span class='ocrx_word' id='word_1_396' title='bbox 2374 658 2587 713; x_wconf 76' lang='grc' dir='ltr'>ἐδείκνυ</span> <span class='ocrx_word' id='word_1_397' title='bbox 2636 663 2749 722; x_wconf 86' lang='grc' dir='ltr'>τοῖς</span> <span class='ocrx_word' id='word_1_398' title='bbox 2794 660 2901 731; x_wconf 77' lang='grc' dir='ltr'>πρὸ</span> <span class='ocrx_word' id='word_1_399' title='bbox 2947 660 3197 731; x_wconf 83' lang='grc' dir='ltr'><strong>βραχέως</strong></span> <span class='ocrx_word' id='word_1_400' title='bbox 3245 660 3413 733; x_wconf 79' lang='grc' dir='ltr'>ὁρῶσι</span> <span class='ocrx_word' id='word_1_401' title='bbox 3451 661 3637 733; x_wconf 72' lang='grc' dir='ltr'>σχεδὸν</span> <span class='ocrx_word' id='word_1_402' title='bbox 3670 662 3732 717; x_wconf 73' lang='grc' dir='ltr'>τὸ</span> 
     </span>
    </p>
   </div>
   <div class='ocr_carea' id='block_1_63' title="bbox 2147 750 3730 825">
    <p class='ocr_par' dir='ltr' id='par_1_63' title="bbox 2147 750 3730 825">
     <span class='ocr_line' id='line_1_63' title="bbox 2147 750 3730 825; baseline 0.004 -25"><span class='ocrx_word' id='word_1_403' title='bbox 2147 750 2454 820; x_wconf 86' lang='grc' dir='ltr'>μειράκιον.</span> <span class='ocrx_word' id='word_1_404' title='bbox 2486 751 2691 804; x_wconf 80' lang='grc' dir='ltr'>Τούτου</span> <span class='ocrx_word' id='word_1_405' title='bbox 2727 751 2835 822; x_wconf 84' lang='grc' dir='ltr'>γὰρ</span> <span class='ocrx_word' id='word_1_406' title='bbox 2863 753 3149 822; x_wconf 85' lang='grc' dir='ltr'>γεγονότος</span> <span class='ocrx_word' id='word_1_407' title='bbox 3179 753 3275 806; x_wconf 80' lang='grc' dir='ltr'>τοῦ</span> <span class='ocrx_word' id='word_1_408' title='bbox 3302 752 3603 823; x_wconf 86' lang='grc' dir='ltr'>θαύματος,</span> <span class='ocrx_word' id='word_1_409' title='bbox 3632 752 3730 825; x_wconf 77' lang='grc' dir='ltr'><strong>βοὴ</strong></span> 
     </span>
    </p>
   </div>
   <div class='ocr_carea' id='block_1_64' title="bbox 2140 838 3725 915">
    <p class='ocr_par' dir='ltr' id='par_1_64' title="bbox 2140 838 3725 915">
     <span class='ocr_line' id='line_1_64' title="bbox 2140 838 3725 915; baseline 0.004 -24"><span class='ocrx_word' id='word_1_410' title='bbox 2140 838 2464 911; x_wconf 87' lang='grc' dir='ltr'>διαπρύσιος</span> <span class='ocrx_word' id='word_1_411' title='bbox 2511 842 2647 912; x_wconf 85' lang='grc' dir='ltr'>πρὸς</span> <span class='ocrx_word' id='word_1_412' title='bbox 2697 842 2805 894; x_wconf 85' lang='grc' dir='ltr'><strong>τῶν</strong></span> <span class='ocrx_word' id='word_1_413' title='bbox 2855 843 3166 915; x_wconf 85' lang='grc' dir='ltr'>ἀθυρόντων</span> <span class='ocrx_word' id='word_1_414' title='bbox 3221 843 3450 896; x_wconf 88' lang='grc' dir='ltr'>παιδίων</span> <span class='ocrx_word' id='word_1_415' title='bbox 3483 844 3725 913; x_wconf 75' lang='grc' dir='ltr'>ἐγένετο,</span> 
     </span>
    </p>
   </div>
   <div class='ocr_carea' id='block_1_65' title="bbox 2139 932 3730 1009">
    <p class='ocr_par' dir='ltr' id='par_1_65' title="bbox 2139 932 3730 1009">
     <span class='ocr_line' id='line_1_65' title="bbox 2139 932 3730 1009; baseline 0.003 -24"><span class='ocrx_word' id='word_1_416' title='bbox 2139 932 2233 986; x_wconf 77' lang='grc' dir='ltr'><strong>καὶ</strong></span> <span class='ocrx_word' id='word_1_417' title='bbox 2264 934 2390 995; x_wconf 84' lang='grc' dir='ltr'>τοὺς</span> <span class='ocrx_word' id='word_1_418' title='bbox 2418 935 2475 985; x_wconf 81' lang='grc' dir='ltr'><strong>ἐν</strong></span> <span class='ocrx_word' id='word_1_419' title='bbox 2504 933 2581 1004; x_wconf 82' lang='grc' dir='ltr'>τῷ</span> <span class='ocrx_word' id='word_1_420' title='bbox 2610 934 2725 1004; x_wconf 80' lang='grc' dir='ltr'>ναῷ</span> <span class='ocrx_word' id='word_1_421' title='bbox 2754 934 2959 1001; x_wconf 77' lang='grc' dir='ltr'>πάντας</span> <span class='ocrx_word' id='word_1_422' title='bbox 3003 936 3096 989; x_wconf 75' lang='grc' dir='ltr'><strong>ἐπὶ</strong></span> <span class='ocrx_word' id='word_1_423' title='bbox 3143 937 3244 1009; x_wconf 79' lang='grc' dir='ltr'><strong>τήν</strong></span> <span class='ocrx_word' id='word_1_424' title='bbox 3272 936 3400 990; x_wconf 89' lang='grc' dir='ltr'>θέαν</span> <span class='ocrx_word' id='word_1_425' title='bbox 3436 938 3730 1008; x_wconf 85' lang='grc' dir='ltr'>συνήθροι-</span> 
     </span>
    </p>
   </div>
   <div class='ocr_carea' id='block_1_66' title="bbox 2139 1025 3729 1099">
    <p class='ocr_par' dir='ltr' id='par_1_66' title="bbox 2139 1025 3729 1099">
     <span class='ocr_line' id='line_1_66' title="bbox 2139 1025 3729 1099; baseline 0.004 -21"><span class='ocrx_word' id='word_1_426' title='bbox 2139 1025 2251 1090; x_wconf 79' lang='grc' dir='ltr'>ζεν,</span> <span class='ocrx_word' id='word_1_427' title='bbox 2284 1025 2333 1078; x_wconf 82' lang='grc' dir='ltr'>οἳ</span> <span class='ocrx_word' id='word_1_428' title='bbox 2378 1026 2515 1097; x_wconf 86' lang='grc' dir='ltr'>πρὸς</span> <span class='ocrx_word' id='word_1_429' title='bbox 2538 1027 2600 1078; x_wconf 87' lang='grc' dir='ltr'><strong>τὸ</strong></span> <span class='ocrx_word' id='word_1_430' title='bbox 2627 1025 2871 1097; x_wconf 84' lang='grc' dir='ltr'>πραχθὲν</span> <span class='ocrx_word' id='word_1_431' title='bbox 2901 1026 3268 1096; x_wconf 77' lang='grc' dir='ltr'>ἐκπλαγέντες</span> <span class='ocrx_word' id='word_1_432' title='bbox 3298 1029 3601 1099; x_wconf 88' lang='grc' dir='ltr'>τεράστιον,</span> <span class='ocrx_word' id='word_1_433' title='bbox 3631 1031 3729 1083; x_wconf 71' lang='grc' dir='ltr'>καὶ</span> 
     </span>
    </p>
   </div>
   <div class='ocr_carea' id='block_1_67' title="bbox 2136 1117 3728 1191">
    <p class='ocr_par' dir='ltr' id='par_1_67' title="bbox 2136 1117 3728 1191">
     <span class='ocr_line' id='line_1_67' title="bbox 2136 1117 3728 1191; baseline 0.001 -21"><span class='ocrx_word' id='word_1_434' title='bbox 2136 1118 2261 1182; x_wconf 84' lang='grc' dir='ltr'>τοὺς</span> <span class='ocrx_word' id='word_1_435' title='bbox 2289 1118 2475 1187; x_wconf 77' lang='grc' dir='ltr'>ἁγίους</span> <span class='ocrx_word' id='word_1_436' title='bbox 2510 1117 2830 1190; x_wconf 85' lang='grc' dir='ltr'>ἀνύμνησαν</span> <span class='ocrx_word' id='word_1_437' title='bbox 2850 1162 2865 1187; x_wconf 91' lang='grc'><strong>,</strong></span> <span class='ocrx_word' id='word_1_438' title='bbox 2903 1119 3164 1190; x_wconf 80' lang='grc' dir='ltr'>κάκείνην</span> <span class='ocrx_word' id='word_1_439' title='bbox 3193 1121 3293 1191; x_wconf 81' lang='grc' dir='ltr'><strong>τὴν</strong></span> <span class='ocrx_word' id='word_1_440' title='bbox 3320 1120 3506 1191; x_wconf 80' lang='grc' dir='ltr'>φωνὴν</span> <span class='ocrx_word' id='word_1_441' title='bbox 3534 1120 3632 1190; x_wconf 84' lang='grc' dir='ltr'><strong>τὴν</strong></span> <span class='ocrx_word' id='word_1_442' title='bbox 3670 1122 3728 1173; x_wconf 80' lang='grc' dir='ltr'><strong>ὲν</strong></span> 
     </span>
    </p>
   </div>
   <div class='ocr_carea' id='block_1_68' title="bbox 2136 1208 3728 1285">
    <p class='ocr_par' dir='ltr' id='par_1_68' title="bbox 2136 1208 3728 1285">
     <span class='ocr_line' id='line_1_68' title="bbox 2136 1208 3728 1285; baseline 0.001 -22"><span class='ocrx_word' id='word_1_443' title='bbox 2136 1208 2490 1278; x_wconf 80' lang='grc' dir='ltr'>Εὐαγγελίοις</span> <span class='ocrx_word' id='word_1_444' title='bbox 2518 1212 2781 1282; x_wconf 83' lang='grc' dir='ltr'><strong>κειμένην</strong></span> <span class='ocrx_word' id='word_1_445' title='bbox 2812 1213 2941 1284; x_wconf 72' lang='grc' dir='ltr'>περὶ</span> <span class='ocrx_word' id='word_1_446' title='bbox 2964 1213 3070 1265; x_wconf 83' lang='grc' dir='ltr'>τῶν</span> <span class='ocrx_word' id='word_1_447' title='bbox 3086 1211 3179 1267; x_wconf 76' lang='grc' dir='ltr'>τοῦ</span> <span class='ocrx_word' id='word_1_448' title='bbox 3197 1212 3449 1285; x_wconf 80' lang='grc' dir='ltr'><strong>Σωτῆρος</strong></span> <span class='ocrx_word' id='word_1_449' title='bbox 3474 1214 3728 1283; x_wconf 75' lang='grc' dir='ltr'>πράξεων</span> 
     </span>
    </p>
   </div>
   <div class='ocr_carea' id='block_1_69' title="bbox 2137 1302 3727 1377">
    <p class='ocr_par' dir='ltr' id='par_1_69' title="bbox 2137 1302 3727 1377">
     <span class='ocr_line' id='line_1_69' title="bbox 2137 1302 3727 1377; baseline 0.003 -23"><span class='ocrx_word' id='word_1_450' title='bbox 2137 1302 2534 1373; x_wconf 64' lang='grc' dir='ltr'>μεγαλοφώνως</span> <span class='ocrx_word' id='word_1_451' title='bbox 2553 1304 2717 1357; x_wconf 81' lang='grc' dir='ltr'>ἁνέπε</span> <span class='ocrx_word' id='word_1_452' title='bbox 2725 1321 2890 1373; x_wconf 89' lang='grc' dir='ltr'>μπον,</span> <span class='ocrx_word' id='word_1_453' title='bbox 2905 1303 3154 1375; x_wconf 64' lang='grc' dir='ltr'>Εῖδομεν,</span> <span class='ocrx_word' id='word_1_454' title='bbox 3163 1303 3434 1372; x_wconf 85' lang='grc' dir='ltr'>λέγοντες,</span> <span class='ocrx_word' id='word_1_455' title='bbox 3447 1322 3521 1358; x_wconf 89' lang='grc' dir='ltr'>πα</span> <span class='ocrx_word' id='word_1_456' title='bbox 3531 1304 3727 1377; x_wconf 82' lang='grc' dir='ltr'>ράδοξα</span> 
     </span>
    </p>
   </div>
   <div class='ocr_carea' id='block_1_70' title="bbox 2136 1395 3722 1475">
    <p class='ocr_par' dir='ltr' id='par_1_70' title="bbox 2136 1395 3722 1475">
     <span class='ocr_line' id='line_1_70' title="bbox 2136 1395 3722 1475; baseline 0.004 -29"><span class='ocrx_word' id='word_1_457' title='bbox 2136 1395 2409 1465; x_wconf 82' lang='grc' dir='ltr'><strong>σήμερον·</strong></span> <span class='ocrx_word' id='word_1_458' title='bbox 2443 1398 2535 1448; x_wconf 78' lang='grc' dir='ltr'>καὶ</span> <span class='ocrx_word' id='word_1_459' title='bbox 2574 1396 2809 1475; x_wconf 76' lang='grc' dir='ltr'>Χριστὸν</span> <span class='ocrx_word' id='word_1_460' title='bbox 2844 1398 3007 1451; x_wconf 84' lang='grc' dir='ltr'>αὐτὸν</span> <span class='ocrx_word' id='word_1_461' title='bbox 3040 1398 3131 1452; x_wconf 78' lang='grc' dir='ltr'>τὸν</span> <span class='ocrx_word' id='word_1_462' title='bbox 3177 1398 3244 1451; x_wconf 91' lang='grc' dir='ltr'>δι’</span> <span class='ocrx_word' id='word_1_463' title='bbox 3280 1398 3461 1453; x_wconf 82' lang='grc' dir='ltr'>αὐτῶν</span> <span class='ocrx_word' id='word_1_464' title='bbox 3504 1415 3722 1471; x_wconf 87' lang='grc' dir='ltr'>πεπρα-</span> 
     </span>
    </p>
   </div>
   <div class='ocr_carea' id='block_1_71' title="bbox 2133 1486 3719 1563">
    <p class='ocr_par' dir='ltr' id='par_1_71' title="bbox 2133 1486 3719 1563">
     <span class='ocr_line' id='line_1_71' title="bbox 2133 1486 3719 1563; baseline 0.003 -23"><span class='ocrx_word' id='word_1_465' title='bbox 2133 1486 2266 1557; x_wconf 83' lang='grc' dir='ltr'>χότα</span> <span class='ocrx_word' id='word_1_466' title='bbox 2309 1488 2369 1541; x_wconf 83' lang='grc' dir='ltr'><strong>τὸ</strong></span> <span class='ocrx_word' id='word_1_467' title='bbox 2414 1488 2598 1559; x_wconf 77' lang='grc' dir='ltr'>θαῦμα</span> <span class='ocrx_word' id='word_1_468' title='bbox 2646 1488 3100 1561; x_wconf 81' lang='grc' dir='ltr'><strong>εὐχαριστοῦντες</strong></span> <span class='ocrx_word' id='word_1_469' title='bbox 3134 1491 3420 1558; x_wconf 76' lang='grc' dir='ltr'>ἐδόξαζονο</span> <span class='ocrx_word' id='word_1_470' title='bbox 3469 1492 3562 1544; x_wconf 75' lang='grc' dir='ltr'>καὶ</span> <span class='ocrx_word' id='word_1_471' title='bbox 3592 1492 3719 1563; x_wconf 71' lang='grc' dir='ltr'>περὶ</span> 
     </span>
    </p>
   </div>
   <div class='ocr_carea' id='block_1_72' title="bbox 2129 1582 3724 1659">
    <p class='ocr_par' dir='ltr' id='par_1_72' title="bbox 2129 1582 3724 1659">
     <span class='ocr_line' id='line_1_72' title="bbox 2129 1582 3724 1659; baseline 0.006 -27"><span class='ocrx_word' id='word_1_472' title='bbox 2129 1582 2230 1652; x_wconf 79' lang='grc' dir='ltr'>τῆς</span> <span class='ocrx_word' id='word_1_473' title='bbox 2258 1582 2476 1651; x_wconf 66' lang='grc' dir='ltr'>ῥώσεως</span> <span class='ocrx_word' id='word_1_474' title='bbox 2503 1583 2702 1647; x_wconf 86' lang='grc' dir='ltr'>πάντες</span> <span class='ocrx_word' id='word_1_475' title='bbox 2726 1584 2973 1653; x_wconf 80' lang='grc' dir='ltr'>ἐγένοντο</span> <span class='ocrx_word' id='word_1_476' title='bbox 3001 1585 3109 1638; x_wconf 85' lang='grc' dir='ltr'><strong>τῶν</strong></span> <span class='ocrx_word' id='word_1_477' title='bbox 3138 1586 3357 1639; x_wconf 75' lang='grc' dir='ltr'><strong>οἰκείων</strong></span> <span class='ocrx_word' id='word_1_478' title='bbox 3383 1587 3724 1659; x_wconf 78' lang='grc' dir='ltr'><strong>παθημάτων</strong></span> 
     </span>
    </p>
   </div>
   <div class='ocr_carea' id='block_1_73' title="bbox 2131 1673 3722 1749">
    <p class='ocr_par' dir='ltr' id='par_1_73' title="bbox 2131 1673 3722 1749">
     <span class='ocr_line' id='line_1_73' title="bbox 2131 1673 3722 1749; baseline 0.004 -23"><span class='ocrx_word' id='word_1_479' title='bbox 2131 1673 2429 1738; x_wconf 79' lang='grc' dir='ltr'><strong>εὐέλπιδες.</strong></span> <span class='ocrx_word' id='word_1_480' title='bbox 2478 1675 2672 1746; x_wconf 86' lang='grc' dir='ltr'>Ἡμεῖς</span> <span class='ocrx_word' id='word_1_481' title='bbox 2706 1676 2763 1729; x_wconf 83' lang='grc' dir='ltr'>δὲ</span> <span class='ocrx_word' id='word_1_482' title='bbox 2791 1676 3114 1748; x_wconf 81' lang='grc' dir='ltr'>παραδόξων</span> <span class='ocrx_word' id='word_1_483' title='bbox 3149 1678 3415 1749; x_wconf 76' lang='grc' dir='ltr'>ἀκροαταὶ</span> <span class='ocrx_word' id='word_1_484' title='bbox 3441 1680 3722 1748; x_wconf 82' lang='grc' dir='ltr'>γενόμενοι</span> 
     </span>
    </p>
   </div>
   <div class='ocr_carea' id='block_1_74' title="bbox 2134 1767 3721 1844">
    <p class='ocr_par' dir='ltr' id='par_1_74' title="bbox 2134 1767 3721 1844">
     <span class='ocr_line' id='line_1_74' title="bbox 2134 1767 3721 1844; baseline 0.004 -25"><span class='ocrx_word' id='word_1_485' title='bbox 2134 1767 2400 1839; x_wconf 85' lang='grc' dir='ltr'><strong>σήμερον,</strong></span> <span class='ocrx_word' id='word_1_486' title='bbox 2442 1768 2536 1821; x_wconf 80' lang='grc' dir='ltr'>καὶ</span> <span class='ocrx_word' id='word_1_487' title='bbox 2568 1770 2695 1832; x_wconf 83' lang='grc' dir='ltr'>τοὺς</span> <span class='ocrx_word' id='word_1_488' title='bbox 2724 1768 2929 1823; x_wconf 83' lang='grc' dir='ltr'>τούτων</span> <span class='ocrx_word' id='word_1_489' title='bbox 2962 1772 3200 1840; x_wconf 77' lang='grc' dir='ltr'><strong>ἐργάτας</strong></span> <span class='ocrx_word' id='word_1_490' title='bbox 3229 1770 3395 1837; x_wconf 79' lang='grc' dir='ltr'>ἀξίως</span> <span class='ocrx_word' id='word_1_491' title='bbox 3442 1773 3721 1844; x_wconf 78' lang='grc' dir='ltr'><strong>ι’)μνήσαν⁹</strong></span> 
     </span>
    </p>
   </div>
   <div class='ocr_carea' id='block_1_75' title="bbox 2133 1859 3425 1936">
    <p class='ocr_par' dir='ltr' id='par_1_75' title="bbox 2133 1859 3425 1936">
     <span class='ocr_line' id='line_1_75' title="bbox 2133 1859 3425 1936; baseline 0.005 -23"><span class='ocrx_word' id='word_1_492' title='bbox 2133 1876 2246 1926; x_wconf 91' lang='grc' dir='ltr'>τες,</span> <span class='ocrx_word' id='word_1_493' title='bbox 2279 1859 2599 1932; x_wconf 79' lang='grc' dir='ltr'>παραδόξων</span> <span class='ocrx_word' id='word_1_494' title='bbox 2633 1860 2808 1915; x_wconf 78' lang='grc' dir='ltr'>ἄλλων</span> <span class='ocrx_word' id='word_1_495' title='bbox 2838 1861 3128 1933; x_wconf 82' lang='grc' dir='ltr'>γενώμεθα</span> <span class='ocrx_word' id='word_1_496' title='bbox 3158 1865 3425 1936; x_wconf 87' lang='grc' dir='ltr'>κήρυκες.</span> 
     </span>
    </p>
   </div>
   <div class='ocr_carea' id='block_1_76' title="bbox 2167 2088 3682 2175">
    <p class='ocr_par' dir='ltr' id='par_1_76' title="bbox 2167 2088 3682 2175">
     <span class='ocr_line' id='line_1_76' title="bbox 2167 2088 3682 2175; baseline 0.003 -17"><span class='ocrx_word' id='word_1_497' title='bbox 2167 2102 2302 2158; x_wconf 69' lang='grc' dir='ltr'>Μιιν.</span> <span class='ocrx_word' id='word_1_498' title='bbox 2356 2102 2497 2171; x_wconf 75' lang='grc' dir='ltr'>Περὶ</span> <span class='ocrx_word' id='word_1_499' title='bbox 2537 2088 2829 2173; x_wconf 64' lang='grc' dir='ltr'>Εὐγενίου</span> <span class='ocrx_word' id='word_1_500' title='bbox 2869 2103 2974 2157; x_wconf 85' lang='grc' dir='ltr'>τοῦ</span> <span class='ocrx_word' id='word_1_501' title='bbox 3012 2103 3343 2173; x_wconf 77' lang='grc' dir='ltr'>γεωμέτρου</span> <span class='ocrx_word' id='word_1_502' title='bbox 3383 2105 3682 2175; x_wconf 75' lang='grc' dir='ltr'>ὑδρωπιὰ-</span> 
     </span>
    </p>
   </div>
   <div class='ocr_carea' id='block_1_77' title="bbox 2118 2188 3050 2240">
    <p class='ocr_par' dir='ltr' id='par_1_77' title="bbox 2118 2188 3050 2240">
     <span class='ocr_line' id='line_1_77' title="bbox 2118 2188 3050 2240; baseline 0.003 -15"><span class='ocrx_word' id='word_1_503' title='bbox 2118 2188 2121 2189; x_wconf 56' lang='grc'><strong><em>⁷</em></strong></span> <span class='ocrx_word' id='word_1_504' title='bbox 2803 2189 3050 2240; x_wconf 74' lang='grc' dir='ltr'>σαντος.</span> 
     </span>
    </p>
   </div>
   <div class='ocr_carea' id='block_1_78' title="bbox 2201 2305 3715 2381">
    <p class='ocr_par' dir='ltr' id='par_1_78' title="bbox 2201 2305 3715 2381">
     <span class='ocr_line' id='line_1_78' title="bbox 2201 2305 3715 2381; baseline 0.004 -21"><span class='ocrx_word' id='word_1_505' title='bbox 2201 2306 2293 2374; x_wconf 80' lang='grc' dir='ltr'><strong>Ἐξ</strong></span> <span class='ocrx_word' id='word_1_506' title='bbox 2328 2307 2571 2380; x_wconf 81' lang='grc' dir='ltr'>ἀρούρας</span> <span class='ocrx_word' id='word_1_507' title='bbox 2601 2307 2735 2378; x_wconf 80' lang='grc' dir='ltr'>ἡμῖν</span> <span class='ocrx_word' id='word_1_508' title='bbox 2785 2308 2815 2360; x_wconf 87' lang='grc' dir='ltr'><strong>δ</strong></span> <span class='ocrx_word' id='word_1_509' title='bbox 2859 2308 3181 2381; x_wconf 80' lang='grc' dir='ltr'>γεωμέτρης</span> <span class='ocrx_word' id='word_1_510' title='bbox 3224 2305 3389 2380; x_wconf 76' lang='grc' dir='ltr'>ἦλθεν</span> <span class='ocrx_word' id='word_1_511' title='bbox 3439 2312 3715 2379; x_wconf 82' lang='grc' dir='ltr'>Εὐγένιος,</span> 
     </span>
    </p>
   </div>
   <div class='ocr_carea' id='block_1_79' title="bbox 2130 2398 3776 2477">
    <p class='ocr_par' dir='ltr' id='par_1_79' title="bbox 2130 2398 3776 2477">
     <span class='ocr_line' id='line_1_79' title="bbox 2130 2398 3776 2477; baseline 0.002 -21"><span class='ocrx_word' id='word_1_512' title='bbox 2130 2406 2313 2458; x_wconf 83' lang='grc' dir='ltr'>πᾶσαν</span> <span class='ocrx_word' id='word_1_513' title='bbox 2364 2404 2463 2475; x_wconf 84' lang='grc' dir='ltr'>μὲν</span> <span class='ocrx_word' id='word_1_514' title='bbox 2520 2403 2938 2475; x_wconf 86' lang='grc' dir='ltr'>μετρησάμενος</span> <span class='ocrx_word' id='word_1_515' title='bbox 2988 2404 3250 2476; x_wconf 85' lang='grc' dir='ltr'><strong>ἄρουραν,</strong></span> <span class='ocrx_word' id='word_1_516' title='bbox 3283 2403 3482 2459; x_wconf 80' lang='grc' dir='ltr'>ἑαυτοῦ</span> <span class='ocrx_word' id='word_1_517' title='bbox 3528 2405 3587 2459; x_wconf 82' lang='grc' dir='ltr'>δὲ</span> <span class='ocrx_word' id='word_1_518' title='bbox 3617 2407 3721 2477; x_wconf 83' lang='grc' dir='ltr'><strong>τὴν</strong></span> <span class='ocrx_word' id='word_1_519' title='bbox 3768 2398 3776 2407; x_wconf 81' lang='grc'><em>’</em></span> 
     </span>
    </p>
   </div>
   <div class='ocr_carea' id='block_1_80' title="bbox 2131 2495 3718 2569">
    <p class='ocr_par' dir='ltr' id='par_1_80' title="bbox 2131 2495 3718 2569">
     <span class='ocr_line' id='line_1_80' title="bbox 2131 2495 3718 2569; baseline 0.001 -20"><span class='ocrx_word' id='word_1_520' title='bbox 2131 2496 2370 2566; x_wconf 84' lang='grc' dir='ltr'>γαστέρα</span> <span class='ocrx_word' id='word_1_521' title='bbox 2398 2499 2618 2568; x_wconf 85' lang='grc' dir='ltr'>μετρεῖν</span> <span class='ocrx_word' id='word_1_522' title='bbox 2644 2495 2705 2549; x_wconf 85' lang='grc' dir='ltr'><strong>οὐ</strong></span> <span class='ocrx_word' id='word_1_523' title='bbox 2730 2496 3046 2565; x_wconf 84' lang='grc' dir='ltr'>δυνάμενος,</span> <span class='ocrx_word' id='word_1_524' title='bbox 3072 2495 3136 2549; x_wconf 71' lang='lat' dir='ltr'><strong>Ex</strong></span> <span class='ocrx_word' id='word_1_525' title='bbox 3156 2514 3299 2561; x_wconf 87' lang='grc' dir='ltr'>τινος</span> <span class='ocrx_word' id='word_1_526' title='bbox 3321 2498 3496 2569; x_wconf 76' lang='grc' dir='ltr'>ὑγρᾶς</span> <span class='ocrx_word' id='word_1_527' title='bbox 3528 2500 3718 2561; x_wconf 83' lang='grc' dir='ltr'>οὐσίας</span> 
     </span>
    </p>
   </div>
   <div class='ocr_carea' id='block_1_81' title="bbox 2129 2578 3719 2660">
    <p class='ocr_par' dir='ltr' id='par_1_81' title="bbox 2129 2578 3719 2660">
     <span class='ocr_line' id='line_1_81' title="bbox 2129 2578 3719 2660; baseline -0.001 -16"><span class='ocrx_word' id='word_1_528' title='bbox 2129 2578 2206 2653; x_wconf 74' lang='grc' dir='ltr'><strong>εἷς</strong></span> <span class='ocrx_word' id='word_1_529' title='bbox 2241 2589 2409 2659; x_wconf 82' lang='grc' dir='ltr'>αὐτὴν</span> <span class='ocrx_word' id='word_1_530' title='bbox 2436 2586 2830 2660; x_wconf 79' lang='grc' dir='ltr'>ἀθροιζομένης</span> <span class='ocrx_word' id='word_1_531' title='bbox 2859 2587 3178 2659; x_wconf 83' lang='grc' dir='ltr'>αὐξήσασαν</span> <span class='ocrx_word' id='word_1_532' title='bbox 3197 2627 3213 2653; x_wconf 90' lang='grc'><strong>,</strong></span> <span class='ocrx_word' id='word_1_533' title='bbox 3243 2589 3338 2642; x_wconf 76' lang='grc' dir='ltr'>καὶ</span> <span class='ocrx_word' id='word_1_534' title='bbox 3372 2591 3719 2660; x_wconf 80' lang='grc' dir='ltr'>μιμουμένην</span> 
     </span>
    </p>
   </div>
   <div class='ocr_carea' id='block_1_82' title="bbox 2130 2679 3717 2754">
    <p class='ocr_par' dir='ltr' id='par_1_82' title="bbox 2130 2679 3717 2754">
     <span class='ocr_line' id='line_1_82' title="bbox 2130 2679 3717 2754; baseline -0.002 -17"><span class='ocrx_word' id='word_1_535' title='bbox 2130 2683 2230 2737; x_wconf 89' lang='grc' dir='ltr'><strong>οὐκ</strong></span> <span class='ocrx_word' id='word_1_536' title='bbox 2268 2683 2558 2754; x_wconf 84' lang='grc' dir='ltr'>άρουραῖον</span> <span class='ocrx_word' id='word_1_537' title='bbox 2586 2682 2644 2733; x_wconf 88' lang='grc' dir='ltr'><strong>εὐ</strong></span> <span class='ocrx_word' id='word_1_538' title='bbox 2656 2680 2923 2752; x_wconf 85' lang='grc' dir='ltr'>μέτρητον</span> <span class='ocrx_word' id='word_1_539' title='bbox 2961 2680 3213 2750; x_wconf 88' lang='grc' dir='ltr'>μέγεθος,</span> <span class='ocrx_word' id='word_1_540' title='bbox 3244 2679 3359 2733; x_wconf 81' lang='grc' dir='ltr'>ἀλλ’</span> <span class='ocrx_word' id='word_1_541' title='bbox 3390 2681 3574 2752; x_wconf 77' lang='grc' dir='ltr'>ὄρεσιν</span> <span class='ocrx_word' id='word_1_542' title='bbox 3605 2684 3717 2735; x_wconf 82' lang='grc' dir='ltr'>ὲοι-</span> 
     </span>
    </p>
   </div>
   <div class='ocr_carea' id='block_1_83' title="bbox 2132 2770 3718 2843">
    <p class='ocr_par' dir='ltr' id='par_1_83' title="bbox 2132 2770 3718 2843">
     <span class='ocr_line' id='line_1_83' title="bbox 2132 2770 3718 2843; baseline -0.008 -16"><span class='ocrx_word' id='word_1_543' title='bbox 2132 2774 2226 2836; x_wconf 76' lang='grc' dir='ltr'><strong>κὸς</strong></span> <span class='ocrx_word' id='word_1_544' title='bbox 2258 2772 2581 2841; x_wconf 83' lang='grc' dir='ltr'>δυσέφικτον</span> <span class='ocrx_word' id='word_1_545' title='bbox 2617 2770 2821 2841; x_wconf 78' lang='grc' dir='ltr'>ὕψωμα</span> <span class='ocrx_word' id='word_1_546' title='bbox 2843 2810 2858 2835; x_wconf 90' lang='grc'><strong>,</strong></span> <span class='ocrx_word' id='word_1_547' title='bbox 2888 2773 3012 2834; x_wconf 88' lang='grc' dir='ltr'>ταῖς</span> <span class='ocrx_word' id='word_1_548' title='bbox 3058 2771 3384 2843; x_wconf 80' lang='grc' dir='ltr'>ὑπερόγκοις</span> <span class='ocrx_word' id='word_1_549' title='bbox 3423 2773 3517 2836; x_wconf 72' lang='grc' dir='ltr'><strong>καὶ</strong></span> <span class='ocrx_word' id='word_1_550' title='bbox 3562 2775 3718 2843; x_wconf 84' lang='grc' dir='ltr'>μεγι-</span> 
     </span>
    </p>
   </div>
   <div class='ocr_carea' id='block_1_84' title="bbox 2133 2860 3822 2934">
    <p class='ocr_par' dir='ltr' id='par_1_84' title="bbox 2133 2860 3822 2934">
     <span class='ocr_line' id='line_1_84' title="bbox 2133 2860 3822 2934; baseline 0 -18"><span class='ocrx_word' id='word_1_551' title='bbox 2133 2881 2288 2927; x_wconf 84' lang='grc' dir='ltr'>σταις</span> <span class='ocrx_word' id='word_1_552' title='bbox 2316 2862 2581 2933; x_wconf 85' lang='grc' dir='ltr'>οῐδήσεσι.</span> <span class='ocrx_word' id='word_1_553' title='bbox 2615 2860 3076 2933; x_wconf 88' lang='grc' dir='ltr'>Μεμετρημέναις</span> <span class='ocrx_word' id='word_1_554' title='bbox 3117 2862 3174 2916; x_wconf 82' lang='grc' dir='ltr'>δὲ</span> <span class='ocrx_word' id='word_1_555' title='bbox 3215 2862 3413 2933; x_wconf 81' lang='grc' dir='ltr'>χρῆται</span> <span class='ocrx_word' id='word_1_556' title='bbox 3440 2863 3715 2934; x_wconf 87' lang='grc' dir='ltr'>δεήσεσιν,</span> <span class='ocrx_word' id='word_1_557' title='bbox 3815 2895 3822 2901; x_wconf 88' lang='grc'><strong>-</strong></span> 
     </span>
    </p>
   </div>
   <div class='ocr_carea' id='block_1_85' title="bbox 2132 2951 3715 3026">
    <p class='ocr_par' dir='ltr' id='par_1_85' title="bbox 2132 2951 3715 3026">
     <span class='ocr_line' id='line_1_85' title="bbox 2132 2951 3715 3026; baseline -0.001 -18"><span class='ocrx_word' id='word_1_558' title='bbox 2132 2953 2566 3026; x_wconf 85' lang='grc' dir='ltr'>συμμετρεῖσθαι</span> <span class='ocrx_word' id='word_1_559' title='bbox 2595 2956 2709 3017; x_wconf 88' lang='grc' dir='ltr'>τοῖς</span> <span class='ocrx_word' id='word_1_560' title='bbox 2740 2951 2980 3021; x_wconf 84' lang='grc' dir='ltr'>θαύμασι</span> <span class='ocrx_word' id='word_1_561' title='bbox 3015 2952 3121 3006; x_wconf 85' lang='grc' dir='ltr'>τῶν</span> <span class='ocrx_word' id='word_1_562' title='bbox 3151 2953 3322 3021; x_wconf 88' lang='grc' dir='ltr'>ἁγίων</span> <span class='ocrx_word' id='word_1_563' title='bbox 3351 2953 3715 3024; x_wconf 86' lang='grc' dir='ltr'>βουλόμενος·</span> 
     </span>
    </p>
   </div>
   <div class='ocr_carea' id='block_1_86' title="bbox 2134 3041 3721 3118">
    <p class='ocr_par' dir='ltr' id='par_1_86' title="bbox 2134 3041 3721 3118">
     <span class='ocr_line' id='line_1_86' title="bbox 2134 3041 3721 3118; baseline 0.001 -18"><span class='ocrx_word' id='word_1_564' title='bbox 2134 3047 2379 3118; x_wconf 86' lang='grc' dir='ltr'>μεγάλην</span> <span class='ocrx_word' id='word_1_565' title='bbox 2414 3046 2522 3117; x_wconf 80' lang='grc' dir='ltr'><strong>γάρ</strong></span> <span class='ocrx_word' id='word_1_566' title='bbox 2556 3041 2697 3098; x_wconf 82' lang='grc' dir='ltr'>εἶναι</span> <span class='ocrx_word' id='word_1_567' title='bbox 2730 3045 2829 3116; x_wconf 85' lang='grc' dir='ltr'>τὴν</span> <span class='ocrx_word' id='word_1_568' title='bbox 2872 3044 3029 3109; x_wconf 79' lang='grc' dir='ltr'>ἀξίαν</span> <span class='ocrx_word' id='word_1_569' title='bbox 3070 3044 3394 3116; x_wconf 79' lang='grc' dir='ltr'>ἡγούμενος,</span> <span class='ocrx_word' id='word_1_570' title='bbox 3423 3044 3514 3100; x_wconf 83' lang='grc' dir='ltr'>διὰ</span> <span class='ocrx_word' id='word_1_571' title='bbox 3557 3044 3721 3101; x_wconf 81' lang='grc' dir='ltr'>τοῦτο</span> 
     </span>
    </p>
   </div>
   <div class='ocr_carea' id='block_1_87' title="bbox 2130 3136 3725 3210">
    <p class='ocr_par' dir='ltr' id='par_1_87' title="bbox 2130 3136 3725 3210">
     <span class='ocr_line' id='line_1_87' title="bbox 2130 3136 3725 3210; baseline 0.003 -19"><span class='ocrx_word' id='word_1_572' title='bbox 2130 3139 2337 3210; x_wconf 86' lang='grc' dir='ltr'>ταύτης</span> <span class='ocrx_word' id='word_1_573' title='bbox 2362 3137 2644 3204; x_wconf 78' lang='grc' dir='ltr'>ἀξιοῦσθαι</span> <span class='ocrx_word' id='word_1_574' title='bbox 2675 3138 3017 3209; x_wconf 86' lang='grc' dir='ltr'>προείρηται.</span> <span class='ocrx_word' id='word_1_575' title='bbox 3037 3137 3125 3190; x_wconf 85' lang='grc' dir='ltr'><strong>Ἐν</strong></span> <span class='ocrx_word' id='word_1_576' title='bbox 3149 3137 3336 3207; x_wconf 85' lang='grc' dir='ltr'>ταυτῷ</span> <span class='ocrx_word' id='word_1_577' title='bbox 3358 3136 3415 3191; x_wconf 75' lang='grc' dir='ltr'>δὲ</span> <span class='ocrx_word' id='word_1_578' title='bbox 3444 3140 3539 3193; x_wconf 80' lang='grc' dir='ltr'>καὶ</span> <span class='ocrx_word' id='word_1_579' title='bbox 3566 3141 3725 3204; x_wconf 74' lang='grc' dir='ltr'>ὅπως</span> 
     </span>
    </p>
   </div>
   <div class='ocr_carea' id='block_1_88' title="bbox 2132 3226 3719 3300">
    <p class='ocr_par' dir='ltr' id='par_1_88' title="bbox 2132 3226 3719 3300">
     <span class='ocr_line' id='line_1_88' title="bbox 2132 3226 3719 3300; baseline -0.001 -18"><span class='ocrx_word' id='word_1_580' title='bbox 2132 3228 2247 3300; x_wconf 72' lang='grc' dir='ltr'>ἔχει</span> <span class='ocrx_word' id='word_1_581' title='bbox 2277 3228 2614 3292; x_wconf 85' lang='grc' dir='ltr'>παιδεύσεως</span> <span class='ocrx_word' id='word_1_582' title='bbox 2648 3227 3079 3297; x_wconf 78' lang='grc' dir='ltr'>ἐνδεικνύμενος,</span> <span class='ocrx_word' id='word_1_583' title='bbox 3106 3226 3265 3281; x_wconf 72' lang='grc' dir='ltr'>ἕκτον</span> <span class='ocrx_word' id='word_1_584' title='bbox 3288 3227 3480 3282; x_wconf 74' lang='grc' dir='ltr'>ἑαυτὸν</span> <span class='ocrx_word' id='word_1_585' title='bbox 3510 3230 3568 3281; x_wconf 73' lang='grc' dir='ltr'><strong>ἐν</strong></span> <span class='ocrx_word' id='word_1_586' title='bbox 3596 3231 3719 3293; x_wconf 88' lang='grc' dir='ltr'>ταῖς</span> 
     </span>
    </p>
   </div>
   <div class='ocr_carea' id='block_1_89' title="bbox 2132 3317 3718 3390">
    <p class='ocr_par' dir='ltr' id='par_1_89' title="bbox 2132 3317 3718 3390">
     <span class='ocr_line' id='line_1_89' title="bbox 2132 3317 3718 3390; baseline -0.001 -17"><span class='ocrx_word' id='word_1_587' title='bbox 2132 3321 2445 3389; x_wconf 76' lang='grc' dir='ltr'>Αἰγυπτίων</span> <span class='ocrx_word' id='word_1_588' title='bbox 2489 3320 2585 3373; x_wconf 73' lang='grc' dir='ltr'>καὶ</span> <span class='ocrx_word' id='word_1_589' title='bbox 2630 3318 2847 3374; x_wconf 80' lang='grc' dir='ltr'>Λιϐύων</span> <span class='ocrx_word' id='word_1_590' title='bbox 2892 3319 3070 3389; x_wconf 75' lang='grc' dir='ltr'>ήγαγε</span> <span class='ocrx_word' id='word_1_591' title='bbox 3120 3318 3456 3390; x_wconf 87' lang='grc' dir='ltr'>διηγήσεσιν,</span> <span class='ocrx_word' id='word_1_592' title='bbox 3491 3317 3586 3371; x_wconf 83' lang='grc' dir='ltr'>τοῦ</span> <span class='ocrx_word' id='word_1_593' title='bbox 3625 3318 3718 3371; x_wconf 84' lang='grc' dir='ltr'>λε-</span> 
     </span>
    </p>
   </div>
   <div class='ocr_carea' id='block_1_90' title="bbox 2132 3407 3721 3483">
    <p class='ocr_par' dir='ltr' id='par_1_90' title="bbox 2132 3407 3721 3483">
     <span class='ocr_line' id='line_1_90' title="bbox 2132 3407 3721 3483; baseline -0.002 -18"><span class='ocrx_word' id='word_1_594' title='bbox 2132 3411 2353 3483; x_wconf 81' lang='grc' dir='ltr'>χθέντος</span> <span class='ocrx_word' id='word_1_595' title='bbox 2378 3408 2614 3482; x_wconf 85' lang='grc' dir='ltr'>ὰριθμοῦ</span> <span class='ocrx_word' id='word_1_596' title='bbox 2644 3407 2942 3480; x_wconf 79' lang='grc' dir='ltr'>θαυμάζων</span> <span class='ocrx_word' id='word_1_597' title='bbox 2962 3408 3023 3463; x_wconf 80' lang='grc' dir='ltr'>τὸ</span> <span class='ocrx_word' id='word_1_598' title='bbox 3046 3409 3251 3462; x_wconf 86' lang='grc' dir='ltr'>τέλειον</span> <span class='ocrx_word' id='word_1_599' title='bbox 3276 3449 3291 3475; x_wconf 90' lang='grc'><strong>,</strong></span> <span class='ocrx_word' id='word_1_600' title='bbox 3326 3409 3422 3462; x_wconf 74' lang='grc' dir='ltr'>καὶ</span> <span class='ocrx_word' id='word_1_601' title='bbox 3445 3408 3532 3463; x_wconf 82' lang='grc' dir='ltr'>διὰ</span> <span class='ocrx_word' id='word_1_602' title='bbox 3553 3408 3721 3462; x_wconf 84' lang='grc' dir='ltr'>τοῦτο</span> 
     </span>
    </p>
   </div>
   <div class='ocr_carea' id='block_1_91' title="bbox 2132 3501 3718 3574">
    <p class='ocr_par' dir='ltr' id='par_1_91' title="bbox 2132 3501 3718 3574">
     <span class='ocr_line' id='line_1_91' title="bbox 2132 3501 3718 3574; baseline -0.003 -15"><span class='ocrx_word' id='word_1_603' title='bbox 2132 3505 2323 3560; x_wconf 77' lang='grc' dir='ltr'>τοῦτον</span> <span class='ocrx_word' id='word_1_604' title='bbox 2372 3503 2683 3567; x_wconf 80' lang='grc' dir='ltr'>σπουδάσας</span> <span class='ocrx_word' id='word_1_605' title='bbox 2716 3501 3138 3574; x_wconf 74' lang='grc' dir='ltr'><strong>κληρώιςασθαι⁹</strong></span> <span class='ocrx_word' id='word_1_606' title='bbox 3188 3501 3309 3556; x_wconf 78' lang='grc' dir='ltr'>ὅθεν</span> <span class='ocrx_word' id='word_1_607' title='bbox 3340 3503 3502 3573; x_wconf 80' lang='grc' dir='ltr'>ἡμεῖς</span> <span class='ocrx_word' id='word_1_608' title='bbox 3528 3503 3624 3555; x_wconf 80' lang='grc' dir='ltr'>τοῦ</span> <span class='ocrx_word' id='word_1_609' title='bbox 3656 3518 3718 3555; x_wconf 81' lang='grc' dir='ltr'><strong>τε</strong></span> 
     </span>
    </p>
   </div>
   <div class='ocr_carea' id='block_1_92' title="bbox 2131 3593 3717 3665">
    <p class='ocr_par' dir='ltr' id='par_1_92' title="bbox 2131 3593 3717 3665">
     <span class='ocr_line' id='line_1_92' title="bbox 2131 3593 3717 3665; baseline -0.003 -14"><span class='ocrx_word' id='word_1_610' title='bbox 2131 3597 2299 3652; x_wconf 85' lang='grc' dir='ltr'>πόθου</span> <span class='ocrx_word' id='word_1_611' title='bbox 2330 3597 2425 3650; x_wconf 78' lang='grc' dir='ltr'>καὶ</span> <span class='ocrx_word' id='word_1_612' title='bbox 2450 3595 2550 3665; x_wconf 82' lang='grc' dir='ltr'><strong>τῆς</strong></span> <span class='ocrx_word' id='word_1_613' title='bbox 2579 3594 2831 3658; x_wconf 85' lang='grc' dir='ltr'>παιδείας</span> <span class='ocrx_word' id='word_1_614' title='bbox 2862 3594 3025 3649; x_wconf 79' lang='grc' dir='ltr'>αὐτὸν</span> <span class='ocrx_word' id='word_1_615' title='bbox 3049 3594 3413 3665; x_wconf 84' lang='grc' dir='ltr'>άγασάμενοι,</span> <span class='ocrx_word' id='word_1_616' title='bbox 3442 3593 3542 3665; x_wconf 78' lang='grc' dir='ltr'>τὴν</span> <span class='ocrx_word' id='word_1_617' title='bbox 3565 3593 3717 3665; x_wconf 81' lang='grc' dir='ltr'>αττη-</span> 
     </span>
    </p>
   </div>
   <div class='ocr_carea' id='block_1_93' title="bbox 2134 3688 2571 3761">
    <p class='ocr_par' dir='ltr' id='par_1_93' title="bbox 2134 3688 2571 3761">
     <span class='ocr_line' id='line_1_93' title="bbox 2134 3688 2571 3761; baseline 0.002 -18"><span class='ocrx_word' id='word_1_618' title='bbox 2134 3706 2221 3745; x_wconf 88' lang='grc' dir='ltr'><strong>σιν</strong></span> <span class='ocrx_word' id='word_1_619' title='bbox 2257 3688 2571 3761; x_wconf 83' lang='grc' dir='ltr'>δράσωμεν.</span> 
     </span>
    </p>
   </div>
   <div class='ocr_carea' id='block_1_94' title="bbox 2201 3865 3716 3943">
    <p class='ocr_par' dir='ltr' id='par_1_94' title="bbox 2201 3865 3716 3943">
     <span class='ocr_line' id='line_1_94' title="bbox 2201 3865 3716 3943; baseline 0.001 -21"><span class='ocrx_word' id='word_1_620' title='bbox 2201 3869 2530 3942; x_wconf 85' lang='grc' dir='ltr'>Γεωμέτρης</span> <span class='ocrx_word' id='word_1_621' title='bbox 2557 3865 2647 3942; x_wconf 79' lang='grc' dir='ltr'>ἧν,</span> <span class='ocrx_word' id='word_1_622' title='bbox 2681 3872 2757 3934; x_wconf 82' lang='grc' dir='ltr'>ὡς</span> <span class='ocrx_word' id='word_1_623' title='bbox 2786 3869 2946 3943; x_wconf 78' lang='grc' dir='ltr'>ἔφην,</span> <span class='ocrx_word' id='word_1_624' title='bbox 2974 3870 3251 3940; x_wconf 86' lang='grc' dir='ltr'>Εὐγένιος,</span> <span class='ocrx_word' id='word_1_625' title='bbox 3284 3871 3345 3924; x_wconf 81' lang='grc' dir='ltr'><strong>τὸ</strong></span> <span class='ocrx_word' id='word_1_626' title='bbox 3372 3870 3526 3938; x_wconf 91' lang='grc' dir='ltr'>γένος</span> <span class='ocrx_word' id='word_1_627' title='bbox 3547 3871 3716 3938; x_wconf 67' lang='grc' dir='ltr'>Αίγύυ-</span> 
     </span>
    </p>
   </div>
   <div class='ocr_carea' id='block_1_95' title="bbox 2132 3955 3719 4035">
    <p class='ocr_par' dir='ltr' id='par_1_95' title="bbox 2132 3955 3719 4035">
     <span class='ocr_line' id='line_1_95' title="bbox 2132 3955 3719 4035; baseline 0 -21"><span class='ocrx_word' id='word_1_628' title='bbox 2132 3977 2309 4025; x_wconf 89' lang='grc' dir='ltr'>πτιος.</span> <span class='ocrx_word' id='word_1_629' title='bbox 2349 3955 2519 4025; x_wconf 77' lang='grc' dir='ltr'>Οὗτος</span> <span class='ocrx_word' id='word_1_630' title='bbox 2544 3961 2841 4035; x_wconf 77' lang='grc' dir='ltr'>ὑδροποσία</span> <span class='ocrx_word' id='word_1_631' title='bbox 2869 3962 3038 4034; x_wconf 77' lang='grc' dir='ltr'>πολλῇ</span> <span class='ocrx_word' id='word_1_632' title='bbox 3089 3962 3179 4016; x_wconf 78' lang='grc' dir='ltr'>διὰ</span> <span class='ocrx_word' id='word_1_633' title='bbox 3219 3963 3319 4034; x_wconf 77' lang='grc' dir='ltr'>τὴν</span> <span class='ocrx_word' id='word_1_634' title='bbox 3347 3963 3455 4016; x_wconf 86' lang='grc' dir='ltr'>τῶν</span> <span class='ocrx_word' id='word_1_635' title='bbox 3496 3962 3719 4032; x_wconf 79' lang='grc' dir='ltr'>θερμῶν</span> 
     </span>
    </p>
   </div>
   <div class='ocr_carea' id='block_1_96' title="bbox 2130 4048 3718 4122">
    <p class='ocr_par' dir='ltr' id='par_1_96' title="bbox 2130 4048 3718 4122">
     <span class='ocr_line' id='line_1_96' title="bbox 2130 4048 3718 4122; baseline 0 -19"><span class='ocrx_word' id='word_1_636' title='bbox 2130 4048 2310 4121; x_wconf 82' lang='grc' dir='ltr'>ἀέρων</span> <span class='ocrx_word' id='word_1_637' title='bbox 2359 4049 2660 4120; x_wconf 86' lang='grc' dir='ltr'>ὲπάχθειαν</span> <span class='ocrx_word' id='word_1_638' title='bbox 2700 4049 3018 4122; x_wconf 82' lang='grc' dir='ltr'>χρώμενος,</span> <span class='ocrx_word' id='word_1_639' title='bbox 3067 4053 3150 4116; x_wconf 82' lang='grc' dir='ltr'><strong>είς</strong></span> <span class='ocrx_word' id='word_1_640' title='bbox 3192 4052 3349 4105; x_wconf 89' lang='grc' dir='ltr'>νόσον</span> <span class='ocrx_word' id='word_1_641' title='bbox 3402 4050 3718 4121; x_wconf 81' lang='grc' dir='ltr'>βαρυτάτην</span> 
     </span>
    </p>
   </div>
   <div class='ocr_carea' id='block_1_97' title="bbox 2132 4142 3719 4214">
    <p class='ocr_par' dir='ltr' id='par_1_97' title="bbox 2132 4142 3719 4214">
     <span class='ocr_line' id='line_1_97' title="bbox 2132 4142 3719 4214; baseline 0 -18"><span class='ocrx_word' id='word_1_642' title='bbox 2132 4142 2531 4204; x_wconf 86' lang='grc' dir='ltr'>είσπέπτωκεν,</span> <span class='ocrx_word' id='word_1_643' title='bbox 2555 4142 2677 4214; x_wconf 74' lang='grc' dir='ltr'>ήτις</span> <span class='ocrx_word' id='word_1_644' title='bbox 2707 4142 2841 4197; x_wconf 86' lang='grc' dir='ltr'><strong>πολύ</strong></span> <span class='ocrx_word' id='word_1_645' title='bbox 2871 4142 2970 4213; x_wconf 84' lang='grc' dir='ltr'>τῆς</span> <span class='ocrx_word' id='word_1_646' title='bbox 3001 4143 3208 4206; x_wconf 76' lang='grc' dir='ltr'>οἰκείας</span> <span class='ocrx_word' id='word_1_647' title='bbox 3237 4142 3464 4198; x_wconf 79' lang='grc' dir='ltr'>ὲνδοῦσα</span> <span class='ocrx_word' id='word_1_648' title='bbox 3489 4142 3719 4213; x_wconf 82' lang='grc' dir='ltr'>σφοδρό-</span> 
     </span>
    </p>
   </div>
   <div class='ocr_carea' id='block_1_98' title="bbox 2129 4233 3722 4308">
    <p class='ocr_par' dir='ltr' id='par_1_98' title="bbox 2129 4233 3722 4308">
     <span class='ocr_line' id='line_1_98' title="bbox 2129 4233 3722 4308; baseline -0.001 -18"><span class='ocrx_word' id='word_1_649' title='bbox 2129 4253 2314 4308; x_wconf 88' lang='grc' dir='ltr'>τητος,</span> <span class='ocrx_word' id='word_1_650' title='bbox 2362 4236 2443 4300; x_wconf 85' lang='grc' dir='ltr'><strong>είς</strong></span> <span class='ocrx_word' id='word_1_651' title='bbox 2474 4233 2662 4307; x_wconf 81' lang='grc' dir='ltr'>ὕδερον</span> <span class='ocrx_word' id='word_1_652' title='bbox 2703 4235 2961 4306; x_wconf 87' lang='grc' dir='ltr'>μέγιστον</span> <span class='ocrx_word' id='word_1_653' title='bbox 2990 4236 3053 4289; x_wconf 84' lang='grc' dir='ltr'>τὸ</span> <span class='ocrx_word' id='word_1_654' title='bbox 3083 4235 3317 4308; x_wconf 82' lang='grc' dir='ltr'>σμικρὸν</span> <span class='ocrx_word' id='word_1_655' title='bbox 3370 4238 3547 4291; x_wconf 76' lang='grc' dir='ltr'>έκεῖνο</span> <span class='ocrx_word' id='word_1_656' title='bbox 3592 4252 3722 4308; x_wconf 67' lang='grc' dir='ltr'>μετα</span> 
     </span>
    </p>
   </div>
   <div class='ocr_carea' id='block_1_99' title="bbox 2133 4322 3721 4403">
    <p class='ocr_par' dir='ltr' id='par_1_99' title="bbox 2133 4322 3721 4403">
     <span class='ocr_line' id='line_1_99' title="bbox 2133 4322 3721 4403; baseline 0.003 -24"><span class='ocrx_word' id='word_1_657' title='bbox 2133 4326 2325 4381; x_wconf 83' lang='grc' dir='ltr'>έ6αλεν</span> <span class='ocrx_word' id='word_1_658' title='bbox 2358 4326 2627 4397; x_wconf 76' lang='grc' dir='ltr'>έλειμμαο</span> <span class='ocrx_word' id='word_1_659' title='bbox 2675 4329 2769 4381; x_wconf 61' lang='grc' dir='ltr'><strong>καὶ⁵</strong></span> <span class='ocrx_word' id='word_1_660' title='bbox 2813 4327 2974 4381; x_wconf 82' lang='grc' dir='ltr'>τοῦτο</span> <span class='ocrx_word' id='word_1_661' title='bbox 3005 4322 3113 4403; x_wconf 83' lang='grc' dir='ltr'><strong>γὰρ</strong></span> <span class='ocrx_word' id='word_1_662' title='bbox 3144 4329 3281 4400; x_wconf 85' lang='grc' dir='ltr'>έχων</span> <span class='ocrx_word' id='word_1_663' title='bbox 3310 4331 3589 4400; x_wconf 82' lang='grc' dir='ltr'>Εὐγένιος,</span> <span class='ocrx_word' id='word_1_664' title='bbox 3618 4331 3721 4401; x_wconf 81' lang='grc' dir='ltr'>τῆς</span> 
     </span>
    </p>
   </div>
   <div class='ocr_carea' id='block_1_100' title="bbox 2131 4416 3722 4493">
    <p class='ocr_par' dir='ltr' id='par_1_100' title="bbox 2131 4416 3722 4493">
     <span class='ocr_line' id='line_1_100' title="bbox 2131 4416 3722 4493; baseline 0.001 -20"><span class='ocrx_word' id='word_1_665' title='bbox 2131 4419 2241 4473; x_wconf 85' lang='grc' dir='ltr'>τῶν</span> <span class='ocrx_word' id='word_1_666' title='bbox 2286 4419 2494 4473; x_wconf 83' lang='grc' dir='ltr'>ὐδάτων</span> <span class='ocrx_word' id='word_1_667' title='bbox 2526 4420 2626 4473; x_wconf 90' lang='grc' dir='ltr'><strong>οὐκ</strong></span> <span class='ocrx_word' id='word_1_668' title='bbox 2656 4421 2819 4491; x_wconf 71' lang='grc' dir='ltr'>ἔληγε</span> <span class='ocrx_word' id='word_1_669' title='bbox 2852 4424 3094 4486; x_wconf 77' lang='grc' dir='ltr'>πόσεωςο</span> <span class='ocrx_word' id='word_1_670' title='bbox 3142 4422 3247 4486; x_wconf 82' lang='grc' dir='ltr'>ἓως</span> <span class='ocrx_word' id='word_1_671' title='bbox 3290 4416 3352 4476; x_wconf 76' lang='grc' dir='ltr'>οὗ</span> <span class='ocrx_word' id='word_1_672' title='bbox 3392 4425 3512 4477; x_wconf 79' lang='grc' dir='ltr'>κατ’</span> <span class='ocrx_word' id='word_1_673' title='bbox 3541 4423 3722 4493; x_wconf 80' lang='grc' dir='ltr'>ὀλίγον</span> 
     </span>
    </p>
   </div>
   <div class='ocr_carea' id='block_1_101' title="bbox 2054 4511 3719 4600">
    <p class='ocr_par' dir='ltr' id='par_1_101' title="bbox 2054 4511 3719 4600">
     <span class='ocr_line' id='line_1_101' title="bbox 2054 4511 3719 4600; baseline 0.001 -34"><span class='ocrx_word' id='word_1_674' title='bbox 2054 4541 2110 4600; x_wconf 80' lang='lat' dir='ltr'><strong>D</strong></span> <span class='ocrx_word' id='word_1_675' title='bbox 2134 4511 2491 4582; x_wconf 87' lang='grc' dir='ltr'>ὀγκούμενος,</span> <span class='ocrx_word' id='word_1_676' title='bbox 2521 4511 2777 4582; x_wconf 86' lang='grc' dir='ltr'>ἀκίνητος</span> <span class='ocrx_word' id='word_1_677' title='bbox 2803 4512 3037 4583; x_wconf 74' lang='grc' dir='ltr'>ἔμεινεν,</span> <span class='ocrx_word' id='word_1_678' title='bbox 3059 4515 3152 4567; x_wconf 75' lang='grc' dir='ltr'>καὶ</span> <span class='ocrx_word' id='word_1_679' title='bbox 3181 4513 3383 4583; x_wconf 81' lang='grc' dir='ltr'>μᾶλλον</span> <span class='ocrx_word' id='word_1_680' title='bbox 3412 4515 3719 4577; x_wconf 83' lang='grc' dir='ltr'>κατέκειτο,</span> 
     </span>
    </p>
   </div>
   <div class='ocr_carea' id='block_1_102' title="bbox 2132 4601 3722 4677">
    <p class='ocr_par' dir='ltr' id='par_1_102' title="bbox 2132 4601 3722 4677">
     <span class='ocr_line' id='line_1_102' title="bbox 2132 4601 3722 4677; baseline 0.003 -23"><span class='ocrx_word' id='word_1_681' title='bbox 2132 4601 2443 4670; x_wconf 82' lang='grc' dir='ltr'>τὰμεγάλα</span> <span class='ocrx_word' id='word_1_682' title='bbox 2474 4602 2617 4672; x_wconf 86' lang='grc' dir='ltr'>κήτη</span> <span class='ocrx_word' id='word_1_683' title='bbox 2647 4603 2743 4656; x_wconf 73' lang='grc' dir='ltr'>καὶ</span> <span class='ocrx_word' id='word_1_684' title='bbox 2770 4603 2899 4667; x_wconf 83' lang='grc' dir='ltr'>τοὺς</span> <span class='ocrx_word' id='word_1_685' title='bbox 2928 4603 3197 4674; x_wconf 85' lang='grc' dir='ltr'>μεγάλους</span> <span class='ocrx_word' id='word_1_686' title='bbox 3234 4604 3568 4676; x_wconf 87' lang='grc' dir='ltr'>μιμούμενος</span> <span class='ocrx_word' id='word_1_687' title='bbox 3590 4607 3722 4677; x_wconf 78' lang='grc' dir='ltr'>δράο</span> 
     </span>
    </p>
   </div>
   <div class='ocr_carea' id='block_1_103' title="bbox 2135 4692 3717 4765">
    <p class='ocr_par' dir='ltr' id='par_1_103' title="bbox 2135 4692 3717 4765">
     <span class='ocr_line' id='line_1_103' title="bbox 2135 4692 3717 4765; baseline 0 -18"><span class='ocrx_word' id='word_1_688' title='bbox 2135 4710 2352 4759; x_wconf 89' lang='grc' dir='ltr'>κοντας,</span> <span class='ocrx_word' id='word_1_689' title='bbox 2381 4692 2430 4745; x_wconf 83' lang='grc' dir='ltr'>οἳ</span> <span class='ocrx_word' id='word_1_690' title='bbox 2463 4692 2732 4763; x_wconf 76' lang='grc' dir='ltr'>σωμάτων</span> <span class='ocrx_word' id='word_1_691' title='bbox 2781 4692 2930 4764; x_wconf 74' lang='grc' dir='ltr'>ὄγκῳ</span> <span class='ocrx_word' id='word_1_692' title='bbox 2975 4694 3069 4747; x_wconf 74' lang='grc' dir='ltr'>καὶ</span> <span class='ocrx_word' id='word_1_693' title='bbox 3106 4694 3326 4764; x_wconf 86' lang='grc' dir='ltr'>μεγέθει</span> <span class='ocrx_word' id='word_1_694' title='bbox 3367 4694 3717 4765; x_wconf 79' lang='grc' dir='ltr'>βαρούμενοι,</span> 
     </span>
    </p>
   </div>
   <div class='ocr_carea' id='block_1_104' title="bbox 2134 4786 3719 4856">
    <p class='ocr_par' dir='ltr' id='par_1_104' title="bbox 2134 4786 3719 4856">
     <span class='ocr_line' id='line_1_104' title="bbox 2134 4786 3719 4856; baseline 0.001 -17"><span class='ocrx_word' id='word_1_695' title='bbox 2134 4788 2213 4849; x_wconf 87' lang='grc' dir='ltr'>εἰς</span> <span class='ocrx_word' id='word_1_696' title='bbox 2261 4786 2333 4838; x_wconf 84' lang='grc' dir='ltr'>τὰ</span> <span class='ocrx_word' id='word_1_697' title='bbox 2380 4786 2568 4856; x_wconf 86' lang='grc' dir='ltr'>πρόσω</span> <span class='ocrx_word' id='word_1_698' title='bbox 2597 4788 2795 4856; x_wconf 89' lang='grc' dir='ltr'>χωρεῖν</span> <span class='ocrx_word' id='word_1_699' title='bbox 2822 4787 2921 4839; x_wconf 88' lang='grc' dir='ltr'><strong>οὐκ</strong></span> <span class='ocrx_word' id='word_1_700' title='bbox 2952 4786 3250 4856; x_wconf 86' lang='grc' dir='ltr'>ίσχύουσιν.</span> <span class='ocrx_word' id='word_1_701' title='bbox 3279 4787 3417 4840; x_wconf 78' lang='grc' dir='ltr'>Ἀλλ’</span> <span class='ocrx_word' id='word_1_702' title='bbox 3446 4788 3568 4841; x_wconf 83' lang='grc' dir='ltr'>οὐδὲ</span> <span class='ocrx_word' id='word_1_703' title='bbox 3595 4789 3719 4841; x_wconf 74' lang='grc' dir='ltr'>τότε</span> 
     </span>
    </p>
   </div>
   <div class='ocr_carea' id='block_1_105' title="bbox 2132 4876 3721 4949">
    <p class='ocr_par' dir='ltr' id='par_1_105' title="bbox 2132 4876 3721 4949">
     <span class='ocr_line' id='line_1_105' title="bbox 2132 4876 3721 4949; baseline -0.006 -21"><span class='ocrx_word' id='word_1_704' title='bbox 2132 4876 2230 4945; x_wconf 83' lang='grc' dir='ltr'>τῆς</span> <span class='ocrx_word' id='word_1_705' title='bbox 2258 4876 2367 4929; x_wconf 85' lang='grc' dir='ltr'>τῶν</span> <span class='ocrx_word' id='word_1_706' title='bbox 2399 4876 2609 4929; x_wconf 88' lang='grc' dir='ltr'>ὐδάτων</span> <span class='ocrx_word' id='word_1_707' title='bbox 2636 4876 2870 4929; x_wconf 83' lang='grc' dir='ltr'>ἐπαύετο</span> <span class='ocrx_word' id='word_1_708' title='bbox 2905 4877 3145 4940; x_wconf 82' lang='grc' dir='ltr'>πόσεως’</span> <span class='ocrx_word' id='word_1_709' title='bbox 3172 4876 3294 4931; x_wconf 84' lang='grc' dir='ltr'>ὅθεν</span> <span class='ocrx_word' id='word_1_710' title='bbox 3326 4879 3507 4948; x_wconf 84' lang='grc' dir='ltr'>πάσης</span> <span class='ocrx_word' id='word_1_711' title='bbox 3550 4878 3721 4949; x_wconf 43' lang='lat' dir='ltr'><strong>abet-</strong></span> 
     </span>
    </p>
   </div>
   <div class='ocr_carea' id='block_1_106' title="bbox 2134 4968 3722 5041">
    <p class='ocr_par' dir='ltr' id='par_1_106' title="bbox 2134 4968 3722 5041">
     <span class='ocr_line' id='line_1_106' title="bbox 2134 4968 3722 5041; baseline 0.001 -21"><span class='ocrx_word' id='word_1_712' title='bbox 2134 4984 2275 5031; x_wconf 88' lang='grc' dir='ltr'>σεως</span> <span class='ocrx_word' id='word_1_713' title='bbox 2303 4969 2478 5039; x_wconf 82' lang='grc' dir='ltr'>ἀρχὴν</span> <span class='ocrx_word' id='word_1_714' title='bbox 2507 4968 2739 5039; x_wconf 77' lang='grc' dir='ltr'>ἐχούσης</span> <span class='ocrx_word' id='word_1_715' title='bbox 2766 4968 2863 5039; x_wconf 83' lang='grc' dir='ltr'><strong>τὴν</strong></span> <span class='ocrx_word' id='word_1_716' title='bbox 2896 4969 3112 5041; x_wconf 83' lang='grc' dir='ltr'>κίνησιν</span> <span class='ocrx_word' id='word_1_717' title='bbox 3132 5008 3147 5031; x_wconf 87' lang='grc'><strong>,</strong></span> <span class='ocrx_word' id='word_1_718' title='bbox 3174 4969 3251 5033; x_wconf 83' lang='grc' dir='ltr'><strong>ὡς</strong></span> <span class='ocrx_word' id='word_1_719' title='bbox 3279 4969 3327 5023; x_wconf 83' lang='grc' dir='ltr'>οἱ</span> <span class='ocrx_word' id='word_1_720' title='bbox 3357 4969 3529 5024; x_wconf 75' lang='grc' dir='ltr'>ταῦτα</span> <span class='ocrx_word' id='word_1_721' title='bbox 3559 4968 3722 5023; x_wconf 75' lang='grc' dir='ltr'>δεινοὶ</span> 
     </span>
    </p>
   </div>
   <div class='ocr_carea' id='block_1_107' title="bbox 2133 5058 3723 5133">
    <p class='ocr_par' dir='ltr' id='par_1_107' title="bbox 2133 5058 3723 5133">
     <span class='ocr_line' id='line_1_107' title="bbox 2133 5058 3723 5133; baseline 0.001 -19"><span class='ocrx_word' id='word_1_722' title='bbox 2133 5060 2575 5131; x_wconf 76' lang='grc' dir='ltr'>δογματίζουσιν,</span> <span class='ocrx_word' id='word_1_723' title='bbox 2613 5061 2775 5125; x_wconf 80' lang='grc' dir='ltr'>αὐτὸς</span> <span class='ocrx_word' id='word_1_724' title='bbox 2807 5058 2960 5132; x_wconf 81' lang='grc' dir='ltr'>ηὖξε,</span> <span class='ocrx_word' id='word_1_725' title='bbox 2999 5064 3096 5117; x_wconf 58' lang='grc' dir='ltr'><strong>καὶ¹</strong></span> <span class='ocrx_word' id='word_1_726' title='bbox 3144 5062 3267 5133; x_wconf 83' lang='grc' dir='ltr'>μηδ’</span> <span class='ocrx_word' id='word_1_727' title='bbox 3296 5062 3434 5125; x_wconf 85' lang='grc' dir='ltr'>ὅλως</span> <span class='ocrx_word' id='word_1_728' title='bbox 3465 5061 3723 5133; x_wconf 83' lang='grc' dir='ltr'>κινούμε-</span> 
     </span>
    </p>
   </div>
   <div class='ocr_carea' id='block_1_108' title="bbox 2133 5153 3723 5226">
    <p class='ocr_par' dir='ltr' id='par_1_108' title="bbox 2133 5153 3723 5226">
     <span class='ocr_line' id='line_1_108' title="bbox 2133 5153 3723 5226; baseline -0.001 -19"><span class='ocrx_word' id='word_1_729' title='bbox 2133 5171 2223 5218; x_wconf 88' lang='grc' dir='ltr'><strong>νος</strong></span> <span class='ocrx_word' id='word_1_730' title='bbox 2249 5155 2348 5225; x_wconf 76' lang='grc' dir='ltr'><strong>τὴν</strong></span> <span class='ocrx_word' id='word_1_731' title='bbox 2382 5154 2543 5225; x_wconf 86' lang='grc' dir='ltr'>φύσιν</span> <span class='ocrx_word' id='word_1_732' title='bbox 2570 5154 2760 5225; x_wconf 77' lang='grc' dir='ltr'>αὐτὴν,</span> <span class='ocrx_word' id='word_1_733' title='bbox 2782 5154 2877 5208; x_wconf 72' lang='grc' dir='ltr'>καὶ</span> <span class='ocrx_word' id='word_1_734' title='bbox 2902 5154 2962 5208; x_wconf 80' lang='grc' dir='ltr'><strong>τὸ</strong></span> <span class='ocrx_word' id='word_1_735' title='bbox 2984 5153 3189 5209; x_wconf 86' lang='grc' dir='ltr'>τούτων</span> <span class='ocrx_word' id='word_1_736' title='bbox 3220 5153 3723 5226; x_wconf 75' lang='grc' dir='ltr'>παραλογιζόμενος</span> 
     </span>
    </p>
   </div>
   <div class='ocr_carea' id='block_1_109' title="bbox 2134 5242 3722 5316">
    <p class='ocr_par' dir='ltr' id='par_1_109' title="bbox 2134 5242 3722 5316">
     <span class='ocr_line' id='line_1_109' title="bbox 2134 5242 3722 5316; baseline -0.003 -17"><span class='ocrx_word' id='word_1_737' title='bbox 2134 5244 2433 5316; x_wconf 87' lang='grc' dir='ltr'>θέσπισμα.</span> <span class='ocrx_word' id='word_1_738' title='bbox 2458 5242 2662 5313; x_wconf 81' lang='grc' dir='ltr'>Λέγειν</span> <span class='ocrx_word' id='word_1_739' title='bbox 2690 5245 2745 5298; x_wconf 81' lang='grc' dir='ltr'>δὲ</span> <span class='ocrx_word' id='word_1_740' title='bbox 2773 5245 2935 5300; x_wconf 88' lang='grc' dir='ltr'>πάλιν</span> <span class='ocrx_word' id='word_1_741' title='bbox 2967 5247 3060 5299; x_wconf 77' lang='grc' dir='ltr'><strong>καὶ</strong></span> <span class='ocrx_word' id='word_1_742' title='bbox 3089 5246 3183 5299; x_wconf 75' lang='grc' dir='ltr'><strong>ἐπὶ</strong></span> <span class='ocrx_word' id='word_1_743' title='bbox 3212 5244 3402 5299; x_wconf 87' lang='grc' dir='ltr'>τούτου</span> <span class='ocrx_word' id='word_1_744' title='bbox 3433 5244 3526 5297; x_wconf 79' lang='grc' dir='ltr'>τοῦ</span> <span class='ocrx_word' id='word_1_745' title='bbox 3560 5251 3722 5314; x_wconf 75' lang='grc' dir='ltr'>νοση-</span> 
     </span>
    </p>
   </div>
   <div class='ocr_carea' id='block_1_110' title="bbox 2137 5333 3722 5409">
    <p class='ocr_par' dir='ltr' id='par_1_110' title="bbox 2137 5333 3722 5409">
     <span class='ocr_line' id='line_1_110' title="bbox 2137 5333 3722 5409; baseline -0.002 -17"><span class='ocrx_word' id='word_1_746' title='bbox 2137 5355 2308 5409; x_wconf 88' lang='grc' dir='ltr'>ματος</span> <span class='ocrx_word' id='word_1_747' title='bbox 2359 5336 2467 5390; x_wconf 83' lang='grc' dir='ltr'><strong>τῶν</strong></span> <span class='ocrx_word' id='word_1_748' title='bbox 2522 5337 2723 5408; x_wconf 88' lang='grc' dir='ltr'>ἰατρῶν</span> <span class='ocrx_word' id='word_1_749' title='bbox 2771 5336 2869 5409; x_wconf 81' lang='grc' dir='ltr'>τὴν</span> <span class='ocrx_word' id='word_1_750' title='bbox 2914 5337 3200 5391; x_wconf 88' lang='grc' dir='ltr'>ἀσθένειαν</span> <span class='ocrx_word' id='word_1_751' title='bbox 3233 5338 3307 5400; x_wconf 85' lang='grc' dir='ltr'>ὡς</span> <span class='ocrx_word' id='word_1_752' title='bbox 3343 5340 3508 5389; x_wconf 70' lang='grc' dir='ltr'>πᾶσιν</span> <span class='ocrx_word' id='word_1_753' title='bbox 3553 5333 3722 5390; x_wconf 79' lang='grc' dir='ltr'>οὖσαν</span> 
     </span>
    </p>
   </div>
   <div class='ocr_carea' id='block_1_111' title="bbox 2135 5429 3724 5502">
    <p class='ocr_par' dir='ltr' id='par_1_111' title="bbox 2135 5429 3724 5502">
     <span class='ocr_line' id='line_1_111' title="bbox 2135 5429 3724 5502; baseline 0 -19"><span class='ocrx_word' id='word_1_754' title='bbox 2135 5429 2464 5483; x_wconf 84' lang='grc' dir='ltr'>εὐσύνοπτον</span> <span class='ocrx_word' id='word_1_755' title='bbox 2495 5430 2934 5501; x_wconf 76' lang='grc' dir='ltr'>παραιτήσομαι·</span> <span class='ocrx_word' id='word_1_756' title='bbox 2970 5429 3104 5502; x_wconf 87' lang='grc' dir='ltr'>δήλη</span> <span class='ocrx_word' id='word_1_757' title='bbox 3137 5431 3245 5501; x_wconf 76' lang='grc' dir='ltr'><strong>γάρ</strong></span> <span class='ocrx_word' id='word_1_758' title='bbox 3276 5429 3412 5498; x_wconf 80' lang='grc' dir='ltr'>αὐτη</span> <span class='ocrx_word' id='word_1_759' title='bbox 3452 5429 3724 5500; x_wconf 84' lang='grc' dir='ltr'>καθέστη-</span> 
     </span>
    </p>
   </div>
   <div class='ocr_carea' id='block_1_112' title="bbox 2134 5521 3719 5595">
    <p class='ocr_par' dir='ltr' id='par_1_112' title="bbox 2134 5521 3719 5595">
     <span class='ocr_line' id='line_1_112' title="bbox 2134 5521 3719 5595; baseline -0.002 -18"><span class='ocrx_word' id='word_1_760' title='bbox 2134 5541 2252 5589; x_wconf 87' lang='grc' dir='ltr'>κεν,</span> <span class='ocrx_word' id='word_1_761' title='bbox 2301 5522 2400 5575; x_wconf 86' lang='grc' dir='ltr'>κᾶν</span> <span class='ocrx_word' id='word_1_762' title='bbox 2450 5525 2611 5593; x_wconf 77' lang='grc' dir='ltr'>ἡμεῖς</span> <span class='ocrx_word' id='word_1_763' title='bbox 2660 5524 3051 5594; x_wconf 82' lang='grc' dir='ltr'>σιωπήσωμεν.</span> <span class='ocrx_word' id='word_1_764' title='bbox 3097 5521 3306 5577; x_wconf 78' lang='grc' dir='ltr'>Οὐκοῦν</span> <span class='ocrx_word' id='word_1_765' title='bbox 3341 5522 3547 5593; x_wconf 85' lang='grc' dir='ltr'>ταύτην</span> <span class='ocrx_word' id='word_1_766' title='bbox 3591 5526 3719 5595; x_wconf 78' lang='grc' dir='ltr'>σιγῇ</span> 
     </span>
    </p>
   </div>
   <div class='ocr_carea' id='block_1_113' title="bbox 2136 5613 3719 5685">
    <p class='ocr_par' dir='ltr' id='par_1_113' title="bbox 2136 5613 3719 5685">
     <span class='ocr_line' id='line_1_113' title="bbox 2136 5613 3719 5685; baseline 0 -18"><span class='ocrx_word' id='word_1_767' title='bbox 2136 5613 2572 5685; x_wconf 75' lang='grc' dir='ltr'>παρελάσαντες,</span> <span class='ocrx_word' id='word_1_768' title='bbox 2601 5613 2698 5682; x_wconf 84' lang='grc' dir='ltr'>τὴν</span> <span class='ocrx_word' id='word_1_769' title='bbox 2736 5614 2982 5667; x_wconf 81' lang='grc' dir='ltr'>Ἰωάννου</span> <span class='ocrx_word' id='word_1_770' title='bbox 3017 5616 3109 5666; x_wconf 76' lang='grc' dir='ltr'><strong>καὶ</strong></span> <span class='ocrx_word' id='word_1_771' title='bbox 3138 5613 3322 5682; x_wconf 84' lang='grc' dir='ltr'>Κύρου</span> <span class='ocrx_word' id='word_1_772' title='bbox 3371 5613 3477 5665; x_wconf 83' lang='grc' dir='ltr'>τῶν</span> <span class='ocrx_word' id='word_1_773' title='bbox 3529 5613 3719 5684; x_wconf 81' lang='grc' dir='ltr'>ἀληθι-</span> 
     </span>
    </p>
   </div>
   <div class='ocr_carea' id='block_1_114' title="bbox 2137 5703 3721 5776">
    <p class='ocr_par' dir='ltr' id='par_1_114' title="bbox 2137 5703 3721 5776">
     <span class='ocr_line' id='line_1_114' title="bbox 2137 5703 3721 5776; baseline -0.001 -18"><span class='ocrx_word' id='word_1_774' title='bbox 2137 5704 2243 5759; x_wconf 81' lang='grc' dir='ltr'>νῶν</span> <span class='ocrx_word' id='word_1_775' title='bbox 2280 5703 2478 5774; x_wconf 79' lang='grc' dir='ltr'>ἰατρῶν</span> <span class='ocrx_word' id='word_1_776' title='bbox 2508 5704 2751 5774; x_wconf 80' lang='grc' dir='ltr'>λέξωμεν</span> <span class='ocrx_word' id='word_1_777' title='bbox 2781 5704 3009 5775; x_wconf 80' lang='grc' dir='ltr'>δύναμιν</span> <span class='ocrx_word' id='word_1_778' title='bbox 3031 5722 3044 5735; x_wconf 88' lang='grc'><strong>·</strong></span> <span class='ocrx_word' id='word_1_779' title='bbox 3093 5707 3217 5758; x_wconf 78' lang='grc' dir='ltr'>ὅσον</span> <span class='ocrx_word' id='word_1_780' title='bbox 3249 5704 3356 5775; x_wconf 82' lang='grc' dir='ltr'><strong>γάρ</strong></span> <span class='ocrx_word' id='word_1_781' title='bbox 3387 5706 3418 5776; x_wconf 79' lang='grc' dir='ltr'>ἡ</span> <span class='ocrx_word' id='word_1_782' title='bbox 3445 5705 3553 5758; x_wconf 78' lang='grc' dir='ltr'><strong>τῶν</strong></span> <span class='ocrx_word' id='word_1_783' title='bbox 3586 5721 3721 5775; x_wconf 68' lang='grc' dir='ltr'>προσ</span> 
     </span>
    </p>
   </div>
   <div class='ocr_carea' id='block_1_115' title="bbox 2137 5796 3719 5869">
    <p class='ocr_par' dir='ltr' id='par_1_115' title="bbox 2137 5796 3719 5869">
     <span class='ocr_line' id='line_1_115' title="bbox 2137 5796 3719 5869; baseline 0 -18"><span class='ocrx_word' id='word_1_784' title='bbox 2137 5799 2413 5854; x_wconf 78' lang='grc' dir='ltr'>λαϐόντων</span> <span class='ocrx_word' id='word_1_785' title='bbox 2462 5796 2716 5853; x_wconf 72' lang='grc' dir='ltr'>ἀσθένεια</span> <span class='ocrx_word' id='word_1_786' title='bbox 2768 5799 2922 5869; x_wconf 68' lang='grc' dir='ltr'>σιγῆς</span> <span class='ocrx_word' id='word_1_787' title='bbox 2958 5798 3081 5862; x_wconf 75' lang='grc' dir='ltr'>ἀξία</span> <span class='ocrx_word' id='word_1_788' title='bbox 3115 5799 3427 5869; x_wconf 69' lang='grc' dir='ltr'>γεγένηται,</span> <span class='ocrx_word' id='word_1_789' title='bbox 3477 5798 3719 5869; x_wconf 71' lang='grc' dir='ltr'>τοσαύτη</span> 
     </span>
    </p>
   </div>
  </div>
