4060 6236
325 436 485 504 3585‘

1348 426 1452 487 SS.
1491 426 1665 487 CYRI
1693 427 1787 486 ET
1825 425 2144 488 IOANNIS
2170 431 2578 496 MIRACULA.

3429 437 3569 502 3586

327 551 532 605 τούτων
576 547 607 616 ἡ
652 543 879 614 δύναμις
931 540 1328 610 μεγαλοφώνως
1367 539 1732 610 κηρύττεται·
1780 538 1903 593 ἐπεὶ

2014 551 2126 609 post
2160 545 2382 598 multam
2414 546 2807 615 experientiam
2834 556 3093 619 tanquam
3123 549 3358 606 inﬁrmis
3380 551 3572 623 depul-

329 643 614 700 κάκείνους
653 636 908 704 Εὑγένιος
937 631 1076 703 μετὰ
1107 633 1301 701 πεῖραν
1329 630 1527 702 πολλὴν
1555 631 1628 694 ὡς
1655 630 1901 693 ἀσθενεῖς

330 732 747 803 παρωσάμενος,
793 727 1014 788 τούτους
1042 724 1117 788 ὡς
1145 724 1402 788 δυνατοὺς
1432 726 1495 778 ὲκ
1531 725 1699 795 μόνης
1730 723 1903 791 ἀκοῆς

330 824 636 889 ἐπελέξατο.

403 915 605 971 Ἐλθὼν
636 909 729 967 οῦν
760 912 854 964 ἐπὶ
886 909 947 963 τὸ
975 908 1083 961 τῶν
1111 907 1281 974 ἁγίων
1314 907 1567 977 ἰατρεῖον,
1613 907 1674 958 τὸ
1723 908 1902 979 πάσης

332 1008 560 1081 ἀκηδίας
587 1009 683 1060 καὶ
713 1003 980 1058 παντοίων
1016 1000 1206 1067 παθῶν
1236 998 1575 1065 ἀλεξίκακον,
1602 1001 1695 1052 καὶ
1737 1002 1903 1071 πείρα

336 1100 653 1174 μεμάθηκεν
682 1097 710 1150 6
740 1097 806 1149 δι’
839 1095 1007 1165 ἀκοῆς
1055 1091 1162 1165 πρὸ
1201 1091 1295 1145 τοῦ
1342 1091 1544 1153 πάθους
1578 1090 1901 1159 ἐγίγνωσκε.

332 1194 444 1248 Καὶ
474 1190 725 1259 καθάπερ
757 1187 1094 1258 ἠκούσαμεν,
1133 1183 1304 1245 οὕτως
1336 1184 1430 1236 καὶ
1460 1182 1665 1251 ίδομεν,
1698 1183 1795 1235 σὺν
1829 1183 1905 1252 τῷ

336 1284 560 1356 μελῳδῷ
587 1279 920 1353 διαπρυσίως
965 1278 1260 1348 ἐκήρυττεν
1280 1292 1294 1306 °
1324 1276 1445 1330 κατ’
1474 1276 1643 1345 αὐτὴν
1673 1274 1781 1344 γὰρ
1815 1276 1906 1328 εὐ-

334 1377 471 1440 θέως
500 1376 598 1445 τὴν
626 1373 818 1437 νύκτα,
861 1368 962 1442 τὴν
999 1367 1116 1438 μεθ’
1148 1368 1364 1438 ἡμέραν
1393 1368 1451 1418 ἑν
1552 1366 1904 1435 παρεγένετο,

332 1467 441 1538 πρὸ
468 1465 561 1520 τοῦ
590 1466 763 1534 τάφου
794 1462 901 1516 τῶν
932 1461 1102 1530 ἁγίων
1133 1459 1494 1530 κοιμώμενος.
1538 1458 1755 1521 τούτους
1785 1457 1905 1528 βλέ-

333 1575 426 1611 πει
454 1555 740 1627 προϊόντας
770 1554 893 1616 τοὺς
927 1553 1229 1622 μάρτυρας,
1263 1549 1358 1602 καὶ
1384 1549 1520 1620 πρὸς
1549 1549 1709 1603 αὑτὸν
1740 1549 1908 1621 ἡκουε

318 1651 594 1719 ⁴λέγοντας
617 1665 633 1683 ο
678 1645 939 1716 ’Δναστὰς
968 1643 1237 1707 ἐντεῦθεν,
1272 1642 1515 1710 Εύγένιε,
1537 1643 1668 1713 πρὸς
1691 1643 1787 1713 τὴν
1811 1642 1909 1713 σὴν

334 1742 520 1797 ἑστίαν
569 1739 852 1810 άπόδραμε
877 1755 891 1768 ·
939 1737 1048 1790 ίδοὺ
1078 1736 1185 1806 γάρ
1220 1753 1279 1788 σε
1308 1735 1374 1787 δι’
1401 1733 1557 1805 ἡμῶν
1600 1735 1628 1787 6
1676 1734 1910 1805 Χριστὸς

332 1835 717 1908 ἐθεράπευσεν,
742 1833 839 1885 καὶ
868 1830 964 1900 τὴν
996 1829 1150 1882 νόσον
1175 1824 1242 1900 ἧς
1271 1828 1433 1880 ἕνεκα
1468 1826 1602 1898 πρὸς
1629 1827 1779 1897 ἡμᾶς
1809 1823 1905 1897 ἡλ-

335 1927 426 1987 θες
474 1924 682 1978 ἰάσατο.
730 1919 1006 1992 Ἐγερθεὶς
1034 1914 1126 1971 οὖν
1164 1916 1397 1988 πορεύου
1430 1916 1565 1989 πρὸς
1591 1916 1906 1988 ἁφεδρῶνας

335 2018 412 2080 ὡς
452 2016 705 2085 τάχιστα,
726 2014 838 2067 ικαὶ
864 2013 1043 2065 πᾶσαν
1069 2009 1165 2081 τὴν
1194 2011 1251 2063 ἐν
1281 2008 1364 2062 σοὶ
1394 2008 1749 2078 συναχθεῖσαν
1776 2007 1906 2078 ὓλην

335 2107 598 2164 ἀπόϐαλε.
644 2106 751 2161 Καὶ
795 2104 967 2158 ταῦτα
1013 2104 1285 2171 λέγοντες,
1335 2101 1435 2172 τῆς
1486 2100 1580 2154 τοῦ
1628 2102 1907 2165 νοσοῦντος

334 2199 544 2262 κοιλίας
571 2197 929 2270 προσέψαυον,
963 2194 1038 2257 ὡς
1068 2193 1227 2264 δῆθεν
1271 2192 1434 2244 αὑτὸν
1476 2190 1906 2261 καταψήχοντες,

334 2293 412 2366 τῷ
440 2292 484 2348 δ’
509 2291 699 2360 ἀληθεῖ
727 2289 823 2360 τὴν
850 2285 1079 2356 ὲκὸολὴν
1123 2283 1587 2355 δημιουργοῦντες
1633 2284 1743 2347 τοῖς
1782 2282 1910 2336 ὓδαο

338 2403 443 2439 σιν.

406 2477 577 2533 Τοῦτο
601 2473 850 2545 δρώντων
898 2471 1121 2539 αύτῶνπ
1141 2470 1216 2534 ὡς
1267 2468 1387 2540 μεθ’
1416 2468 1581 2523 ὕπνον
1613 2469 1822 2539 (ταυτὸν
1852 2469 1910 2522 δὲ

335 2576 432 2626 καὶ
480 2571 617 2642 μετὰ
658 2571 814 2621 νόσον
859 2563 1053 2635 εἰπεῖν)
1089 2562 1345 2631 Εὑγένιος
1374 2562 1558 2630 ἔλεγεν
1589 2562 1776 2633 (μέχρι
1802 2561 1911 2634 γὰρ

339 2642 509 2717 ὕπνου
554 2660 624 2715 τὰ
670 2660 766 2730 τῆς
811 2658 967 2713 νόσου
1016 2655 1373 2727 κεκράτηκε),
1401 2654 1599 2724 γύναια
1630 2653 1756 2725 τρία
1802 2654 1911 2708 τῶν

342 2755 636 2826 μαρτύρων
694 2749 915 2804 ὄπισθεν
947 2747 1211 2818 ἔκραξεν·
1248 2747 1405 2810 Τίνος
1458 2745 1681 2813 ἕνεκεν,
1742 2745 1909 2814 ἆγιοι,

338 2848 498 2917 ἡμεῖς
533 2829 630 2913 μὲν
661 2843 850 2912 χρόνον
878 2841 1072 2911 ἔχομεν
1098 2837 1285 2893 ἐνθάδε
1320 2836 1654 2908 καθήμεναι,
1676 2837 1771 2891 καὶ
1792 2839 1913 2901 ταῖς

339 2938 567 3007 πληγαῖς
592 2933 922 3001 όδυνώμεναι
958 2930 1089 3001 (τῶν
1118 2929 1226 2999 γὰρ
1263 2930 1439 2982 ἐκεῖσε
1467 2931 1738 2998 κειμένων
1758 2928 1914 2997 ἐτύγ-

338 3026 606 3099 χανώ,ὠς
640 3025 844 3087 ταύτας
876 3023 1090 3091 ἐπέγνω
1124 3020 1238 3091 μετ’
1257 3020 1386 3091 ὄναρ
1406 3022 1433 3073 6
1462 3019 1793 3091 ἄρρωστος),
1819 3021 1915 3075 καὶ

340 3119 659 3189 νοσημάτων
678 3114 832 3169 οὔπω
855 3113 1208 3183 πεπαύμεθα’
1234 3107 1386 3175 οὗτος
1414 3112 1469 3166 δὲ
1492 3111 1617 3181 χθὲς
1644 3114 1912 3182 ἀφικόμε.

339 3226 448 3274 νος,
509 3208 603 3261 καὶ
653 3205 814 3260 πάθει
859 3204 1161 3276 τηλικούτῳ
1213 3203 1619 3274 κρατούμενος,
1674 3205 1914 3276 σήμερον
1942 3229 1983 3286 C

340 3300 568 3369 ἠξίωται
607 3298 847 3369 ῥώσεως,
883 3298 976 3350 καὶ
1025 3298 1224 3369 χωρεῖν
1252 3296 1389 3349 οἶκοι
1419 3295 1739 3362 κελεύεται;
1772 3296 1911 3367 Πρὸς

314 3394 406 3455 ,ἃς
428 3393 768 3464 στραφέντες
800 3390 848 3442 ot
882 3389 1175 3461 μάρτυρες,
1205 3389 1389 3456 φησὶν,
1426 3389 1563 3458 μετὰ
1593 3389 1773 3458 πάσης
1809 3389 1913 3441 ἀπ-

343 3482 625 3552 ελογοῦντο
683 3480 1009 3551 πραότητος⁹
1060 3480 1178 3550 Οὐχ
1235 3481 1416 3550 ἡμεῖς,
1469 3474 1513 3532 ὧ
1562 3480 1780 3546 γύναια,
1813 3482 1912 3551 τῆς

344 3576 532 3645 ὑγείας
580 3574 920 3644 τυγχάνομεν
960 3572 1183 3651 κύριοι,
1229 3572 1363 3624 ἀλλά
1394 3572 1626 3641 Χριστὸς
1651 3574 1682 3624 6
1711 3571 1911 3640 προϐο-

342 3666 466 3729 λεύς
490 3685 546 3719 τε
577 3666 667 3718 καὶ
685 3662 968 3733 πρύτανις.
999 3661 1376 3730 Ἀφικνοῦνται
1404 3676 1547 3726 τινες
1571 3662 1914 3734 μακροτέρας

344 3758 592 3822 παιδείας
639 3756 906 3824 δεόμενοι,
945 3755 1039 3808 καὶ
1089 3755 1252 3808 πάλιν
1303 3754 1481 3824 ἕτεροι
1512 3754 1912 3825 θεραπευθῆναι

344 3848 536 3915 θᾶττον
581 3846 884 3917 ὀφείλοντες
904 3859 919 3874 ⁸
960 3845 1122 3914 ἡμεῖς
1159 3845 1269 3913 γὰρ
1301 3844 1440 3915 ὑπὲρ
1472 3844 1684 3898 πάντων
1713 3845 1913 3915 ὁμοίως

341 3938 441 4002 τάς
489 3938 725 3998 ἱκετείας
770 3934 1151 4006 προσφέρομεν
1171 3950 1187 3966 ο
1224 3936 1317 3987 καὶ
1342 3933 1401 3987 ὃν
1429 3934 1495 3988 ἂν
1530 3935 1667 4005 πρὸς
1693 3935 1786 3989 τοῦ
1816 3937 1914 3989 Δε-

345 4029 542 4083 σπότου
593 4028 731 4081 Θεοῦ
779 4028 873 4080 καὶ
928 4026 1180 4098 Σωτῆρος
1216 4025 1386 4094 Ἰησοῦ
1436 4026 1674 4098 Χριστοῦ
1721 4026 1914 4082 κελευο

344 4119 626 4190 σθείημεν,
654 4118 843 4171 τοῦτον
888 4114 1323 4187 θεραπεύσαντες
1375 4117 1535 4179 εὐθὺς
1583 4117 1909 4190 ἀπολύομεν.

341 4209 540 4265 Τοῦτον
565 4205 657 4263 οὖν
685 4210 779 4262 καὶ
803 4210 959 4278 ὑμεῖς
989 4208 1086 4261 σὺν
1114 4209 1245 4278 ἡμῖν
1288 4208 1623 4275 ἱκετεύσατε,
1675 4210 1762 4264 ἵνα
1812 4213 1912 4283 τὴν

341 4300 500 4370 χάριν
552 4299 823 4369 παράσχοι
873 4297 981 4351 τῶν
1038 4297 1320 4367 ὑμετέρων
1358 4298 1666 4367 αἰτήσεων*
1714 4299 1809 4351 καὶ
1861 4302 1911 4354 εί

344 4390 803 4460 σπλαγχνισθείη,
850 4388 945 4442 καὶ
992 4388 1149 4458 μόνον
1196 4386 1450 4440 κελεῦσαι
1503 4387 1909 4455 καταξιώσειεν,

340 4482 547 4552 ταχέως
580 4483 737 4551 ἡμεῖς
769 4480 1052 4551 πληρωταὶ
1075 4478 1185 4534 τῶν
1212 4479 1370 4532 θείων
1406 4478 1571 4533 αὑτοῦ
1603 4479 1911 4552 θεσπισμά-

338 4592 446 4628 των
477 4574 806 4643 γιγνόμεθα*
837 4567 898 4626 ob
931 4575 1100 4643 χωρὶς
1142 4571 1500 4636 ἐπινεύσεως,
1534 4571 1659 4624 οὔτε
1694 4575 1914 4642 κρατεῖν
1947 4584 1990 4639 υ

340 4661 463 4716 οὔτε
492 4663 748 4717 ἀπολύειν
772 4665 897 4726 τοὺς
923 4665 1058 4734 πρὸς
1090 4664 1235 4733 ἡμᾶς
1263 4661 1589 4733 ἐρχομένους
1613 4662 1910 4733 δυνάμεθα.

340 4755 450 4810 Καὶ
474 4754 653 4809 ταῦτα
686 4757 783 4826 μὲν
813 4757 860 4808 οἱ
890 4755 1166 4809 θεσπέσιοι
1203 4755 1480 4826 μάρτυρες
1519 4756 1655 4825 πρὸς
1697 4758 1793 4819 τὰς
1821 4774 1917 4822 γυ-

339 4849 532 4911 ναῖκας
572 4845 923 4915 ἐφθέγξαντο.

415 4939 622 4993 Ὕπνου
668 4940 724 4992 δὲ
769 4939 865 4992 καὶ
917 4938 1250 5008 στρωμάτων
1297 4938 1536 5001 ἀναστὰς
1579 4939 1607 4990 ὁ
1638 4939 1913 5006 Εὑγένιος,

339 5031 475 5103 πρὸς
503 5030 819 5102 ἀφεδρῶνας
858 5029 1179 5094 ἐσπούδαζε,
1215 5029 1465 5083 σπεύδειν
1491 5031 1653 5083 αὐτὸν
1683 5031 1783 5101 τῆς
1814 5048 1914 5100 γα-

342 5125 498 5196 στρὸς
530 5123 662 5193 πρὸς
687 5122 748 5175 τὸ
782 5122 1119 5194 μαρτυρικὸν
1150 5122 1567 5192 ἀναγκαζούσης
1611 5123 1912 5195 ἐπίταγμα.

341 5216 448 5268 Ka‘t
479 5218 536 5267 ἐν
568 5215 779 5277 τούτοις
812 5215 1121 5285 γενόμενος,
1173 5213 1394 5268 ἃπασαν
1443 5215 1604 5277 εὐθὺς
1650 5214 1746 5285 τὴν
1783 5214 1915 5286 ῦλην

341 5304 462 5378 [τήν
510 5309 568 5357 ὲν
597 5306 697 5376 μιᾷ
722 5304 911 5376 χρόνου
933 5307 1134 5375 στιγμῇ
1166 5305 1564 5375 προσεκέγωσευ
1588 5306 1681 5357 καὶ
1710 5305 1917 5375 ταύτην

334 5394 615 5462 κενωθεὶς,
635 5398 708 5460 ὼς
725 5398 1051 5468 εἰρήκαμεν,
1068 5399 1096 5449 6
1114 5397 1332 5450 πάντων
1347 5394 1603 5450 εἰσελθὼν
1621 5397 1747 5450 ὅσον
1782 5398 1916 5467 πρὸς

337 5482 477 5551 εἶδος
520 5489 847 5560 αύτερος,
889 5488 1024 5542 πολὺ
1060 5488 1269 5541 πολλῶν
1302 5489 1492 5558 ἐξῆλθε
1528 5490 1640 5541 τῶν
1672 5488 1917 5559 ἀφεδρὼ-

337 5491 477 5551 εἶδος
637 5491 847 5560 ύτερος,
889 5491 1024 5542 πολὺ
1060 5491 1269 5541 πολλῶν
1302 5491 1492 5558 ἐξῆλθε
1528 5491 1640 5541 τῶν
1672 5491 1916 5559 ἀφεδρῶ-

335 5598 442 5634 νων
478 5491 804 5651 ίσῇτῷος.
853 5581 1068 5634 Μᾶλλον
1111 5580 1166 5634 δὲ
1203 5582 1478 5636 κάνταῦθα
1527 5581 1839 5652 σύμμετρος
1887 5585 1916 5636 6

336 5674 653 5745 γεωμέτρης
705 5674 952 5744 ἐξέθορε·
1007 5674 1169 5744 μόνον
1229 5676 1338 5745 γάρ
1386 5676 1485 5745 τῆς
1538 5675 1774 5746 γαστρὸς
1822 5666 1925 5730 τὸν

336 5765 502 5832 ὄγκον
529 5765 684 5836 ἔσχεν
715 5765 1044 5838 ἀμέτρητον,
1072 5765 1167 5820 καὶ
1195 5765 1285 5820 τὸν
1316 5766 1507 5839 καιρὸν
1547 5767 1648 5838 τῆς
1695 5767 1911 5833 ἰάσεως,

335 5856 427 5911 τὸν
475 5858 574 5927 μὲν
621 5858 706 5912 διὰ
741 5858 941 5929 πολλὴν
975 5859 1115 5914 πάν)
1149 5858 1482 5930 βραχύτητα,
1516 5858 1607 5915 τὸν
1638 5859 1693 5913 δέ
1725 5860 1811 5915 διὰ
1855 5860 1913 5913 τὸ

2003 633 2101 697 sis,
2132 631 2232 688 bos
2265 648 2331 688 ex
2363 636 2482 691 solo
2506 636 2694 692 auditu
2722 638 2890 693 veluti
2931 647 3186 711 potentes
3211 642 3395 713 elegit.

2074 893 2262 962 Itaque
2288 909 2411 948 cum
2466 898 2701 953 venisset
2765 902 2831 955 ad
2890 902 3202 957 sanctorum
3268 904 3572 958 remedium

2004 987 2424 1053 capessendum,
2461 993 2604 1059 quod
2633 1007 2795 1047 omne
2844 997 3060 1049 tat-dium
3095 996 3418 1052 etdiversas
3449 1012 3575 1068 pas-

2007 1074 2194 1132 siones
2241 1079 2509 1148 abigebat.
2543 1085 2918 1151 experimento
2957 1089 3170 1153 didicit,
3207 1090 3352 1159 quod
3383 1091 3574 1145 auditu

2007 1174 2133 1220 ante
2190 1171 2498 1237 passionem
2543 1187 2896 1244 cngnoverat.
2948 1177 3011 1231 Et
3051 1180 3193 1234 sicut
3240 1182 3574 1244 audivimus,

2008 1257 2079 1310 ita
2105 1269 2157 1311 et
2180 1260 2434 1329 vidimus,
2455 1281 2577 1319 cum
2609 1268 3197 1327 modulatorealtisone
3223 1275 3574 1343 praedicabat.

2007 1344 2206 1401 Eadem
2251 1352 2453 1423 quippe
2485 1358 2749 1411 continuo
2801 1371 2981 1428 nocte,
3014 1371 3135 1430 post
3162 1363 3303 1418 diem
3348 1380 3455 1433 qua
3483 1380 3575 1419 ve-

2008 1448 2184 1505 nerat,
2244 1455 2367 1495 cum
2417 1454 2545 1500 ante
2599 1450 2912 1518 sepulcrum
2960 1455 3577 1521 sanctorumtlormiret,

2009 1530 2109 1587 bos
2144 1533 2287 1587 videt
2322 1538 2619 1605 procedere
2662 1526 2950 1613 martyres,
2986 1552 3038 1598 et
3072 1545 3257 1600 dicere
3293 1546 3399 1602 sibi
3424 1545 3582 1599 audi-

2011 1623 2134 1677 vit:
2177 1622 2350 1695 Surge
2392 1627 2540 1694 hinc,
2593 1630 2826 1702 Eugeni,
2894 1634 2959 1689 ad
3023 1643 3285 1707 tuamque
3346 1637 3573 1692 domum

2010 1717 2295 1782 regredere
2324 1733 2338 1769 :
2375 1732 2505 1773 ecce
2539 1721 2682 1773 enim
2707 1728 2759 1776 te
2799 1737 2893 1790 per
2927 1739 3028 1778 nos
3066 1723 3319 1779 Christus
3345 1727 3579 1793 curavit,

2011 1812 2065 1858 et
2115 1806 2459 1876 languorem,
2496 1819 2720 1881 propter
2763 1828 2924 1881 quem
2954 1813 3020 1867 ad
3048 1830 3148 1870 nos
3180 1817 3398 1880 venisti,
3419 1831 3582 1872 sana-

2011 1895 2103 1949 vit.
2134 1893 2373 1965 Surgens
2399 1913 2532 1969 ergo
2562 1902 2629 1956 ad
2655 1917 2932 1958 secessum
2956 1908 3283 1975 quantocius
3305 1922 3579 1978 propera;

2009 1993 2063 2040 et
2106 1984 2290 2042 faecem
2349 2004 2567 2046 omnem
2632 2009 2754 2064 quae
2786 1996 2840 2050 in
2875 2007 2927 2052 te
2955 1998 3184 2052 collecta
3242 2006 3347 2064 est,
3404 2000 3579 2057 abice.

2010 2074 2076 2128 Et
2103 2092 2227 2131 cum
2280 2079 2395 2135 haec
2424 2081 2688 2150 dicerent,
2717 2095 2962 2141 ventrem
2984 2090 3298 2158 tetigerunt
3317 2091 3583 2162 languen-

2010 2168 2101 2233 tis,
2141 2172 2286 2225 hunc
2337 2176 2493 2244 quasi
2530 2175 2811 2247 frieantes,
2862 2181 2955 2235 sed
2992 2181 3046 2236 in
3072 2182 3299 2237 veritate
3329 2183 3581 2238 morbum

2009 2260 2350 2331 aegritudinis
2403 2265 2780 2337 insequentes,
2832 2278 2885 2324 et
2915 2285 3180 2342 aquarum
3217 2272 3580 2343 abjectionem

2011 2352 2305 2408 salubriter
2329 2368 2639 2425 aperantes.

2080 2444 2217 2498 Cum
2254 2453 2435 2502 autem
2471 2448 2576 2504 hoc
2617 2460 2892 2521 gererent,
2926 2460 2986 2507 ut
3035 2464 3156 2525 post
3187 2454 3459 2510 somnium
3502 2455 3581 2527 (id

2013 2537 2191 2608 ipsum
2223 2548 2307 2595 est
2344 2541 2389 2595 si
2440 2540 2691 2598 dicamus
2738 2551 2863 2613 post
2902 2545 3243 2616 languorem,
3286 2562 3461 2618 usque
3517 2549 3584 2602 ad

2013 2644 2264 2684 somnum
2320 2630 2520 2703 quippe
2578 2649 2639 2688 se
2680 2635 2911 2707 languor
2964 2638 3263 2709 obtinuit),
3308 2638 3586 2710 Eugenius

2013 2721 2310 2787 asserebat,
2348 2725 2604 2781 mulieres
2639 2733 2751 2781 tres
2779 2728 3089 2783 clamabant
3114 2738 3235 2799 post
3264 2742 3534 2803 martyres
3563 2751 3576 2785 :

2013 2810 2401 2882 Quamobrem,
2439 2817 2635 2885 sancti,
2667 2832 2766 2874 nos
2811 2834 3014 2875 annum
3069 2822 3157 2876 hic
3188 2823 3467 2891 habemus
3500 2840 3589 2879 se-

2013 2901 2224 2967 dentes,
2261 2903 2560 2974 plagasqne
2587 2905 2834 2962 dolentes
2871 2910 2959 2979 (ex
2985 2909 3095 2963 illis
3124 2912 3266 2964 enim
3289 2919 3449 2966 erant
3470 2928 3589 2982 quze

2015 2990 2419 3060 illicjacebant,
2454 3004 2512 3047 ut
2549 2993 2648 3051 has
2688 3004 2810 3064 post
2859 2999 3133 3052 somnium
3157 3002 3473 3069 recognovit
3507 3002 3587 3055 in-

2016 3080 2245 3153 ﬁrmus),
2276 3091 2330 3138 et
2352 3100 2463 3154 praeI
2493 3085 2849 3157 languoribus
2883 3090 3126 3159 requiem
3159 3105 3267 3145 no.1
3299 3092 3588 3156 habemus,

2016 3183 2071 3227 et
2105 3174 2206 3230 iste
2238 3177 2331 3245 qui
2358 3176 2475 3231 heri
2502 3178 2672 3246 venit,
2710 3189 2763 3233 et
2797 3181 3057 3250 passione
3086 3190 3238 3236 tanta
3275 3186 3588 3251 tenebatur,

2020 3265 2181 3322 hodie
2206 3268 2444 3347 sanitate
2472 3268 2672 3341 dignus
2691 3270 2944 3336 eﬂicitur,
2969 3284 3023 3329 et
3046 3273 3268 3330 domum
3284 3275 3434 3331 abire
3454 3293 3589 3347 prae-

2020 3358 2256 3428 cipitur?
2282 3343 2524 3431 Ad'quas
2559 3374 2830 3436 martyres
2857 3365 3014 3436 quasi
3038 3367 3290 3422 conversi
3320 3383 3444 3422 cum
3474 3386 3590 3424 oni-

2021 3446 2077 3501 ni
2108 3450 2525 3507 mansuetudine
2556 3455 2962 3524 respondebant
2993 3473 3008 3510 :
3036 3457 3157 3512 Non
3180 3474 3300 3525 nos,
3327 3475 3360 3512 0
3394 3463 3591 3515 muliec

2020 3553 2130 3604 res,
2155 3541 2408 3597 sanitatis
2445 3543 2653 3599 domini
2693 3561 2906 3611 sumus,
2953 3552 3047 3604 sed
3086 3549 3339 3605 Christus
3376 3551 3467 3619 qui
3507 3562 3592 3606 est

2019 3629 2271 3696 provisor
2301 3638 2355 3686 et
2377 3641 2586 3688 custos.
2625 3633 2862 3691 Veniunt
2895 3638 3064 3708 igitur
3089 3639 3179 3693 hic
3212 3639 3437 3709 quidam
3473 3657 3580 3709 pro

2019 3719 2233 3775 lixioris
2260 3724 2644 3794 castigationis
2683 3738 2929 3797 egentes,
2961 3738 3017 3783 et
3051 3746 3246 3785 rursus
3274 3732 3364 3783 alii
3410 3732 3591 3786 curari

2019 3811 2128 3865 cito
2150 3813 2443 3882 debentes;
2475 3832 2575 3872 nos
2603 3818 2748 3874 enim
2772 3821 3030 3877 similiter
3062 3837 3164 3892 pro
3187 3823 3444 3878 omnibus
3463 3840 3592 3893 sup-

2018 3903 2341 3975 plicationes
2366 3908 2669 3976 oderimus,
2697 3921 2753 3966 et
2768 3927 3155 3985 quemcunque
3186 3930 3216 3970 a
3241 3915 3593 3974 dominatore

2018 3991 2130 4049 Deo
2157 4009 2223 4049 ac
2255 3993 2543 4054 Salvatore
2591 4009 2784 4056 nostro
2817 4000 2946 4058 Jesu
2978 4003 3202 4060 Christo
3239 4007 3382 4075 jussi
3425 4007 3585 4063 fueri-

2018 4103 2140 4146 mus
2170 4105 2386 4157 curare,
2417 4095 2563 4150 hunc
2613 4107 2869 4154 sanatum
2912 4094 3204 4157 'c'onfestim
3239 4102 3592 4160 dimittimus.

2017 4182 2175 4236 Hunc
2209 4198 2339 4256 ergo
2358 4193 2412 4240 et
2435 4202 2534 4243 vos
2554 4203 2658 4242 una
2681 4190 2965 4248 nobiscum
2994 4204 3240 4264 exorate,
3271 4204 3330 4251 ut
3360 4198 3592 4268 gratiam

2018 4286 2327 4334 vestrarum
2387 4281 2593 4336 tribuat
2641 4285 2988 4355 sanitatum;
3032 4295 3087 4343 et
3123 4290 3168 4344 si
3214 4290 3596 4347 misericordia

2019 4377 2200 4425 motus
2228 4378 2439 4426 tantum
2489 4373 2653 4429 fuerit
2697 4376 2889 4447 jubere
2920 4379 3200 4452 dignatus,
3253 4384 3460 4440 celeres
3493 4400 3595 4439 nos

2018 4463 2378 4531 completorcs
2414 4466 2721 4522 divinorum
2752 4471 2873 4539 ejus
2898 4473 3244 4531 decretorum
3271 4476 3591 4539 eﬂicieinur,

2019 4555 2137 4609 sine
2184 4556 2341 4626 cujus
2380 4569 2511 4612 nutu
2550 4576 2728 4630 neque
2757 4571 2944 4619 tenere
2990 4583 3166 4638 neque
3214 4570 3490 4625 dimittere
3523 4571 3591 4625 ad

2018 4662 2119 4703 nos
2161 4650 2439 4705 venientes
2492 4653 2756 4710 valemus.
2818 4655 2886 4710 Et
2920 4657 3053 4713 haec
3109 4661 3330 4730 quidem
3388 4664 3591 4735 egregii

2017 4750 2289 4814 martyres
2320 4745 2386 4800 ad
2415 4747 2674 4802 mulieres
2706 4736 2827 4804 illas
2848 4750 2996 4806 allati
3017 4763 3169 4808 sunt.

2084 4925 2220 4981 Cum
2270 4936 2447 4983 autem
2498 4944 2527 4982 a
2562 4945 2757 4986 somno
2796 4941 2849 4986 et
2900 4936 3214 4990 stramentis
3264 4940 3593 4994 surrexisset

2019 5021 2318 5090 Eugenius,
2354 5022 2418 5074 ad
2455 5021 2683 5077 latrinas
2705 5025 3071 5090 accelerabat,
3100 5027 3249 5082 hunc
3283 5030 3592 5083 accelerare

2019 5123 2210 5167 ventre
2239 5113 2302 5165 ad
2338 5116 2692 5185 mai-lyricum
2718 5127 2949 5186 cogente
2981 5129 3339 5189 prteceptum.
3368 5120 3432 5173 Et
3464 5136 3590 5174 cum

2014 5206 2079 5258 ad
2111 5204 2210 5258 bas
2234 5206 2592 5274 pervenisset,
2624 5222 2840 5260 omnetn
2870 5210 3137 5262 continuo
3170 5211 3378 5272 limum,
3416 5211 3508 5280 qui
3535 5212 3590 5266 iu

2017 5312 2080 5352 eo
2117 5298 2325 5352 diutius
2357 5296 2557 5363 fuerat,
2592 5314 2704 5352 uno
2732 5310 2939 5369 puncto
2968 5301 3233 5370 temporis
3265 5303 3587 5358 exinanirit.

2018 5386 2081 5439 Et
2130 5388 2253 5451 hoc,
2285 5398 2343 5444 ut
2378 5389 2645 5456 diximus,
2677 5391 2983 5452 exinanito,
3008 5392 3101 5460 qui
3137 5393 3388 5448 omnibus
3418 5396 3592 5449 intra-

2016 5482 2089 5536 vit
2123 5492 2388 5551 qttzmtttttt
2439 5481 2506 5537 ad
2560 5483 2797 5552 speciem
2840 5484 3120 5553 grassior,
3171 5485 3356 5539 multis
3399 5487 3588 5553 exivit,

2013 5584 2314 5629 evacuante
2364 5589 2423 5629 se
2472 5589 2714 5637 secessu,
2762 5575 3042 5646 gracilior.
3100 5575 3211 5630 lino
3254 5585 3311 5632 et
3354 5579 3435 5633 sic
3465 5595 3592 5650 geoo

2019 5674 2187 5719 metra
2222 5666 2323 5719 istc
2350 5666 2596 5736 pristina:
2620 5681 2891 5721 mensurae
2924 5665 3173 5723 redditus
3198 5670 3477 5742 exsilivit;
3501 5688 3592 5729 so-

2017 5763 2124 5815 lum
2165 5777 2400 5832 namque
2450 5762 2659 5817 ventris
2700 5762 2892 5817 habuit
2939 5770 3233 5830 tuiuorem,
3281 5772 3335 5819 et
3375 5773 3593 5838 tempus

2016 5856 2269 5910 sanitatis
2319 5856 2641 5911 immensum
2672 5871 2686 5921 ;
2720 5855 2825 5911 hoc
2854 5854 3078 5926 quidem
3115 5860 3186 5915 ob
3219 5859 3442 5914 multam
3486 5877 3593 5932 op-
