4060 6236
469 427 603 494 3531

1364 425 1425 484 S.
1460 420 1877 483 SOPHRONII
1911 419 2415 482 ΡΑΤΒΙΑΒΟΗᾹΞ
2454 421 2859 483 HIEROSOL.

3590 423 3732 488 3592

471 542 556 597 ori
594 538 904 611 proximum
953 542 1074 593 erat
1116 534 1439 603 insilientia,
1483 534 1539 590 in
1590 542 1806 589 uterum
1857 532 2051 603 puella:

2162 549 2321 588 ταντα
2372 533 2467 604 τῆς
2514 535 2815 606 ἐγγισάσης
2846 534 2924 605 τῷ
2970 533 3216 605 στόματι,
3254 532 3333 597 εἰς
3369 532 3468 605 τὴν
3491 536 3735 607 γαστέρα

471 635 636 689 allata
670 638 821 698 sunt,
857 644 964 686 non
1004 629 1377 685 voluntarium
1429 626 1760 683 sustinentia
1794 626 2045 697 lapsum.

473 724 530 778 lu
583 734 831 778 ventrem
893 733 1075 777 autem
1129 720 1323 793 puella:
1366 719 1619 784 inducta,
1671 728 1722 773 et
1769 718 2049 773 insolitam

472 815 866 870 habitationem
887 829 1229 884 nequaquam
1250 811 1502 878 ferentia,
1519 810 1711 882 fugere
1745 811 1872 865 inde
1903 816 2052 865 sata-

472 906 693 977 gebant.
747 903 958 959 Taliter
1023 912 1205 959 autem
1270 902 1675 966 discurrentia,
1731 908 1786 955 et
1838 901 2053 953 miserat

474 998 624 1053 illius
661 998 880 1052 interim
930 996 1234 1068 praecordia
1290 994 1703 1057 conturbantia,
1744 992 2051 1047 contortio-

472 1104 680 1159 nesque
710 1090 984 1144 viscerum
1021 1088 1297 1154 facientia,
1335 1087 1710 1142 intolerabiles
1761 1084 1839 1139 illi
1893 1083 2051 1138 dolo-

473 1196 564 1236 res
603 1181 999 1251 operabantur,
1043 1195 1182 1250 quos
1244 1178 1491 1249 profecto
1539 1193 1702 1232 nemo
1765 1177 2052 1246 scripturae

471 1272 961 1338 commendaverit,
981 1271 1196 1325 etiamsi
1221 1270 1449 1323 multum
1482 1269 1677 1324 habeat
1704 1267 2049 1336 experimen-

474 1372 590 1418 tum
630 1363 936 1433 languoris.
970 1360 1124 1416 Unde
1150 1361 1330 1431 puella
1381 1362 1728 1416 incessanter
1762 1359 2052 1429 plangebat

472 1462 528 1509 ct
555 1455 820 1524 ejulabat,
869 1453 1271 1522 oculorumque
1324 1452 1596 1522 lacrymas
1627 1449 1965 1513 effundebat,
2000 1460 2054 1504 et

472 1544 759 1615 quiescere
816 1542 1036 1613 penitus
1118 1557 1229 1596 non
1278 1541 1515 1595 valebat.
1575 1540 1808 1605 Quando
1870 1547 2051 1596 autem

474 1650 646 1688 unum
688 1650 755 1688 ex
797 1632 1104 1702 reptilibus,
1146 1647 1269 1702 quae
1317 1632 1574 1699 absorpta
1637 1629 1876 1693 fuerant,
1920 1645 2054 1700 pau-

473 1726 646 1782 lulum
720 1725 1084 1796 quiescebat,
1156 1726 1204 1779 si
1282 1734 1460 1778 tamen
1536 1722 1834 1792 aliquando
1899 1724 2055 1791 quie-

2150 624 2255 696 τῆς
2288 626 2477 689 παιδὸς
2506 627 2781 698 φέρονται,
2806 626 3060 680 ἀκούσιον
3097 623 3307 679 ὄλισθον
3337 626 3728 696 ὑπομείναντα.

2152 717 2248 781 Εἰς
2273 717 2371 786 τὴν
2397 716 2605 771 κοιλίαν
2627 718 2684 770 δὲ
2704 716 3100 788 κατενεχθέντα
3120 716 3219 787 τῆς
3249 716 3648 787 μείρακος,”καί
3672 720 3734 773 τὸ

2152 808 2303 875 ξένον
2325 809 2421 878 τῆς
2445 808 2628 871 ἑστίας
2656 807 2731 878 μὴ
2761 807 3013 879 φέροντα,
3033 807 3252 877 φεύγειν
3282 807 3538 860 κάκεῖθεν
3568 809 3732 877 ἠπεί-

2152 916 2309 967 γοντο
2334 916 2350 930 ο
2402 900 2538 953 ἀλλὰ
2568 900 2667 971 τὴν
2707 899 2884 964 ἔξοδον
2936 899 3038 953 οὐκ
3090 900 3445 969 ἐγίγνωσκον.
3483 900 3639 952 οὕτω
3675 898 3734 953 δὲ

2151 994 2522 1066 διατρέχοντα,
2559 995 2654 1049 καὶ
2693 993 2795 1060 τῆς
2837 993 2973 1056 τέως
3004 994 3196 1057 ἀθλίας
3217 994 3286 1048 τά
3322 993 3608 1063 σπλάγχνα
3632 1011 3733 1047 τα-

2154 1088 2439 1157 ράττοντα,
2479 1087 2574 1139 καὶ
2623 1084 2930 1155 συστροφὰς
2960 1083 3068 1138 τῶν
3115 1085 3361 1153 ἐγκάτων
3390 1086 3689 1155 ποιούμενα
3714 1125 3729 1150 ,

2148 1177 2463 1239 δυσοίστους
2506 1177 2643 1247 αὐτῇ
2695 1177 2794 1239 τὰς
2824 1176 3122 1246 ἀλγηδόνας
3147 1176 3461 1245 εἰργάζοντο
3487 1181 3502 1196 ⁹
3536 1176 3603 1239 ἀς
3631 1177 3734 1231 ob:

2152 1271 2217 1324 ἄν
2277 1287 2362 1334 τις
2423 1271 2608 1339 γραφῇ
2651 1272 3073 1340 παραστήσειεν,
3120 1267 3230 1320 οὐδ’
3266 1268 3316 1321 εἰ
3345 1270 3541 1338 πεῖραν
3574 1267 3730 1338 σχοίη

2153 1361 2353 1430 πολλὴν
2385 1360 2476 1414 τοῦ
2508 1362 2812 1437 νοσήματος
2835 1375 2849 1391 ⁸
2900 1360 3022 1413 ὅθεν
3056 1359 3089 1430 ἠ
3124 1361 3254 1424 παῖς
3280 1358 3572 1422 ἀπαύστως
3619 1360 3737 1413 ἐκό-

2160 1468 2324 1503 πτετο
2345 1451 2436 1502 καὶ
2453 1448 2702 1513 ὀλόλυζεν
2724 1449 2820 1502 καὶ
2837 1449 3048 1518 δάκρυα
3073 1448 3182 1502 τῶν
3201 1447 3467 1518 ὀμμάτων
3492 1450 3730 1518 ἐξέχεεν,

2153 1543 2247 1594 καὶ
2282 1541 2564 1604 παντελῶς
2610 1541 2840 1611 ἠρεμεῖν
2870 1540 2968 1592 οὐκ
2998 1530 3247 1610 ἠδύνατο.
3275 1541 3406 1594 Ὅτε
3436 1540 3544 1611 γὰρ
3574 1541 3634 1595 τὸ
3671 1541 3732 1595 ἐν

2153 1633 2262 1686 τῶν
2305 1632 2720 1686 καταποθέντων
2760 1632 3009 1703 ἑρπετῶν
3033 1633 3212 1700 ὀλίγον
3247 1632 3539 1702 ἡσύχαζεν,
3571 1634 3731 1706 εἴπερ

2154 1722 2285 1775 ποτὲ
2319 1722 2413 1775 καὶ
2464 1720 2758 1792 ἡσύχαζεν,
2793 1721 2860 1775 τὰ
2894 1721 3056 1774 λοιπά
3086 1721 3179 1775 δύο
3207 1721 3303 1800 τὴν
3324 1723 3492 1793 κόρην
3522 1723 3731 1791 ἐδάμα-ι

476 1823 685 1889 scebat,
732 1821 939 1891 reliqua
982 1820 1093 1875 duo
1140 1819 1376 1889 puellam
1427 1816 1757 1873 domabant.
1791 1816 1947 1882 Quod
2005 1815 2052 1873 si

2162 1811 2248 1878 ζον
2275 1829 2289 1843 ⁸
2323 1813 2355 1884 ἢ
2398 1812 2491 1866 καὶ
2528 1813 2597 1867 τὰ
2636 1812 2730 1866 δύο
2775 1812 3052 1877 πολλάκις,
3102 1812 3187 1866 ἶνα
3223 1815 3317 1866 καὶ
3335 1813 3494 1866 τοῦτο
3526 1813 3730 1884 δῶμεν,

474 1913 641 1968 etiam
723 1910 833 1966 duo
907 1925 972 1965 ex
1051 1910 1136 1965 his
1198 1924 1631 1979 nonnunquam,
1693 1918 1754 1963 ut
1828 1917 1881 1963 et
1947 1907 2050 1964 hoc

2162 1882 2466 1966 ἐκάθευδον,
2518 1904 2578 1957 τὸ
2616 1904 2802 1974 ἕτερον
2834 1904 2934 1957 οὐκ
2975 1903 3242 1956 ἐπαύετο’
3283 1882 3733 1977 ἀλλ’,ἀκοίμητον

475 2006 692 2070 demus,
746 2002 888 2058 forte
959 2001 1331 2066 dormiebant,
1392 2000 1615 2055 tertium
1673 1998 1827 2053 nullo
1887 1999 2048 2052 modo

2162 1999 2291 2068 αὐτῇ
2324 1996 2419 2067 τὴν
2450 1991 2640 2065 ὀδύνην
2674 1993 2992 2067 ἐϐράϐευον,
3022 1995 3153 2049 ποτὲ
3186 1995 3286 2065 μὲν
3317 1995 3377 2048 τὸ
3408 1996 3487 2059 ἐν,
3516 1996 3645 2048 ποτὲ
3677 1996 3735 2050 δὲ

475 2098 817 2169 quiescebat,
845 2096 941 2152 sed
965 2098 1013 2151 ei
1055 2111 1161 2150 non
1199 2094 1560 2149 dormientem
1605 2091 1921 2147 conferebat
1947 2091 2049 2146 do-

2162 2092 2225 2146 τά
2255 2091 2346 2145 δύο
2367 2131 2381 2155 ,
2418 2089 2677 2153 πολλάκις
2702 2089 2760 2143 δέ
2791 2090 2885 2142 καί
2903 2088 2972 2143 τά
2991 2089 3116 2160 τρία
3144 2090 3552 2161 σπαράσσοντα.

475 2194 668 2248 lorem.
698 2191 884 2262 Itaque
915 2191 1078 2247 modo
1119 2189 1341 2261 quidem
1368 2203 1560 2255 unum,
1593 2188 1759 2243 modo
1783 2202 1910 2244 vero
1951 2187 2081 2254 duo,
2123 2188 2400 2243 m‘ultoties
2437 2194 2620 2242 autem
2652 2193 2708 2242 et
2743 2189 2861 2256 ipsa
2926 2186 3051 2253 tria,
3109 2185 3357 2241 eamdem
3422 2186 3736 2255 discerpere

479 2286 867 2342 noscebantur.

548 2377 686 2432 Cum
714 2391 845 2447 ergo
869 2376 1010 2430 inter
1061 2372 1437 2429 iudesinentes
1488 2379 1543 2427 et
1581 2371 1882 2427 acerrimos
1906 2379 2056 2425 esset

480 2469 722 2531 dolores,
772 2466 1053 2521 ferebatur
1105 2465 1172 2519 ad
1244 2472 1501 2531 sanctos;
1552 2462 1824 2516 medicum
1910 2460 2055 2514 enim

479 2575 589 2612 non
631 2557 943 2613 inveniebat
966 2557 1158 2620 alium,
1191 2555 1285 2625 qui
1323 2564 1515 2609 contra
1565 2561 1772 2608 tantam
1808 2552 2056 2606 sullicere

482 2661 670 2720 posset
711 2663 1036 2705 aerumnam.
1073 2646 1262 2718 Igitur,
1318 2656 1378 2702 ut
1424 2646 1633 2700 dictum
1683 2654 1788 2708 est,
1831 2645 2058 2699 veniens

479 2751 535 2798 et
561 2753 835 2816 martyres
861 2741 1264 2810 compaticntcs
1285 2739 1589 2803 inveniens,
1619 2737 1887 2792 maturius
1905 2752 1931 2787 a
1956 2738 2056 2790 tri-

480 2834 609 2905 plici
650 2833 1024 2888 redimebatur
1049 2832 1342 2902 supplicio.
1381 2829 1640 2885 Dicamus
1676 2837 1857 2883 autem
1880 2835 1936 2881 ut
1971 2825 2057 2880 fa-

483 2936 570 2980 cta
601 2937 684 2980 est
743 2926 860 2996 ipsa
916 2925 1258 2995 redemptio;
1309 2931 1395 2979 est
1451 2920 1598 2977 enim
1652 2921 2057 2990 redemptorum

481 3018 655 3087 gratia
691 3018 872 3087 plena.
895 3016 1002 3070 Alii
1034 3016 1253 3070 cuidam
1280 3015 1685 3079 infirmantium
1718 3013 1949 3067 fratrum
2005 3012 2059 3067 in

481 3110 604 3163 visu
637 3110 815 3163 sancti
847 3108 1128 3164 venientes
1177 3108 1289 3173 die,
1330 3107 1608 3176 inquiunt,
1646 3104 1926 3159 monachae
1971 3104 2060 3160 isti

483 3216 606 3271 qure
643 3200 865 3264 clamat,
894 3198 1164 3254 clamabat
1186 3199 1331 3253 enim
1356 3197 1577 3253 assidue
1607 3205 1662 3252 et
1684 3213 1911 3266 prorsus
1946 3211 2054 3251 non

2243 2371 2330 2424 Ἐν
2369 2369 2668 2435 ἀπαύστοις
2694 2369 2785 2424 οὕν
2825 2370 2917 2424 καὶ
2941 2369 3215 2441 δριμείαις
3241 2369 3528 2441 ἀλγηδόσιν
3558 2372 3737 2441 ὑπάρ·

2159 2480 2331 2534 χουσα
2356 2463 2493 2534 πρὸς
2514 2464 2639 2526 τοὺς
2662 2463 2853 2532 ἁγίους
2870 2463 3118 2533 ἐφέρετο,
3146 2463 3329 2536 ἰατρὸν
3356 2464 3454 2533 οὐχ
3479 2462 3735 2531 εὕρισκεν

2158 2555 2344 2624 ἕτερον
2375 2553 2512 2627 πρὸς
2551 2555 2834 2629 συμφορὰν
2858 2553 3126 2622 τοσαύτην
3150 2553 3382 2624 ἀρκέσαι
3412 2554 3729 2625 δυνάμενον.

2173 2646 2434 2703 Ἐλθοῦσα
2453 2647 2653 2712 τοίνυν,
2680 2647 2755 2708 ὡς
2782 2644 3017 2716 εἴρηται,
3047 2645 3141 2697 καὶ
3164 2645 3469 2715 συμπαθεῖς
3499 2644 3737 2717 εὑροῦσα

2156 2742 2283 2804 τοὺς
2305 2742 2606 2812 μάρτυρας,
2628 2739 2820 2792 θᾶττον
2841 2738 2939 2807 τῆς
2960 2736 3193 2807 τριπλῆς
3216 2736 3426 2806 ἐκείνης
3447 2736 3737 2809 ἐλυτροῦτο

2164 2833 2461 2896 κολάσεως.
2497 2832 2758 2900 Εἰπωμεν
2803 2830 2859 2883 δὲ
2905 2829 3094 2883 καὶτὸ
3139 2829 3330 2898 λύτρον
3371 2827 3446 2891 ὼς
3488 2829 3734 2896 γέγονεν’

2161 2924 2307 2978 ἐστιν
2345 2923 2453 2997 γὰρ
2482 2922 2580 2994 τῆς
2611 2920 2717 2974 τῶν
2745 2922 3175 2990 λυτρωσαμένων
3206 2921 3425 2990 χάριτος
3458 2920 3695 2989 ἔμπλεον
3715 2934 3732 2950 ⁸

2167 3014 2380 3087 Ἐτέρῳ
2400 3015 2510 3068 τινὶ
2538 3014 2648 3068 τῶν
2676 3012 3042 3068 ἀσθενούντων
3062 3009 3303 3081 ἀδελφῶν
3332 3011 3464 3082 ὀναρ
3491 3012 3736 3074 ἐλθόντες

2162 3108 2212 3161 οἱ
2258 3106 2423 3175 ἅγιοι,
2459 3106 2617 3172 Εἰπὲ,
2678 3104 2837 3175 φασὶ,
2876 3105 2941 3175 τῇ
2995 3101 3176 3176 βοὼσῃ
3218 3101 3390 3172 ταύτῃ
3434 3103 3739 3173 μοναστρία

2162 3200 2314 3271 (ἐϐόα
2351 3199 2461 3270 γάρ
2493 3197 2755 3270 διηνεκῶς
2799 3199 2894 3249 καὶ
2923 3195 2982 3249 τὸ
3017 3195 3236 3249 σύνολον
3269 3195 3369 3247 οὐκ
3397 3192 3735 3263 ἐκάθευδεν),

483 3286 811 3351 dormiebat,
846 3294 904 3339 ut
941 3301 1101 3341 mane
1131 3286 1366 3356 vigilans
1407 3285 1476 3340 ad
1510 3299 1673 3339 unam
1712 3301 1780 3339 ex
1812 3285 2056 3341 tabernis

2164 3293 2252 3345 ἵνα
2292 3293 2504 3361 πρωῖας
2545 3290 2876 3361 ὀρθρίσασα,
2907 3290 2987 3350 εἰς
3019 3287 3078 3339 ἒν
3107 3287 3216 3340 τῶν
3247 3274 3557 3356 καπηλείων
3581 3285 3737 3352 ἐξέλ-

483 3376 817 3447 ιετεάἰαιυτ,
841 3378 1161 3447 priusquam
1195 3392 1376 3433 escam
1408 3385 1591 3448 gustet
1635 3378 1722 3433 vel
1769 3385 1979 3448 potum,
2011 3388 2065 3433 et

485 3468 642 3522 cadia
678 3468 782 3521 tria
808 3469 1046 3537 (species
1070 3468 1185 3522 haec
1212 3466 1405 3522 calicis
1422 3465 1529 3538 est)
1545 3469 1623 3522 sic
1647 3467 1791 3536 apud
1819 3467 2065 3521 Alexan-

485 3561 677 3615 drinos
729 3568 945 3626 vocata,
999 3560 1188 3616 bibere
1230 3559 1421 3630 jejuna
1482 3560 1742 3629 patiatur,
1768 3567 1823 3614 et
1859 3560 2065 3615 veloci-

491 3664 573 3707 ter
596 3652 885 3707 sanitatem
930 3666 1026 3722 per
1055 3651 1337 3707 cadiorum
1368 3652 1646 3722 potionem
1668 3652 1914 3721 recipiet.

558 3835 628 3887 At
663 3833 753 3888 ille
792 3831 1009 3888 somnio
1058 3831 1201 3895 viso,
1240 3837 1364 3902 post
1413 3828 1688 3885 somnium
1752 3830 2066 3885 monastriac

487 3924 699 3990 retulit,
720 3931 780 3977 ιιι
839 3923 945 3979 sibi
1000 3930 1274 3993 martyres
1327 3919 1606 3990 iusserant
1639 3935 1654 3986 ;
1693 3935 1813 3989 quae
1868 3919 2061 3974 horum

489 4018 675 4073 audita
705 4016 974 4086 iussione,
1030 4030 1190 4070 mane
1219 4014 1287 4069 ad
1330 4013 1663 4084 cauponium
1694 4013 1847 4076 exiit,
1870 4020 1925 4066 et
1955 4019 2065 4065 tres

491 4112 691 4169 situlas
722 4112 850 4165 vino
873 4110 1064 4182 plenas
1088 4108 1349 4181 protinus
1378 4106 1695 4179 bibitaquis
1722 4123 1831 4162 non
1862 4107 2063 4173 misto;

489 4221 596 4260 non
644 4205 807 4259 mista
852 4203 1052 4274 quippe
1104 4202 1289 4258 bibere
1340 4202 1448 4256 tria
1502 4200 1596 4255 illa
1638 4200 1856 4271 jussum
1892 4198 2068 4258 fuerat

488 4295 644 4351 cadia
681 4312 696 4361 ;
729 4295 951 4363 quibus,
994 4304 1053 4349 ut
1083 4293 1218 4354 dixi.
1258 4292 1560 4362 absorptis,
1588 4302 1838 4346 movetur
1879 4296 2065 4348 statim

488 4388 863 4452 advomitum,
900 4395 956 4443 et
993 4402 1119 4443 cum
1165 4387 1355 4441 vinum
1398 4385 1754 4453 evomuisset,
1787 4401 1894 4441 una
1940 4404 2063 4443 cum

490 4496 557 4536 eo
587 4479 870 4535 evidenter
894 4479 1057 4533 etiam
1097 4477 1201 4531 tria
1257 4476 1351 4530 illa
1403 4476 1646 4531 evomuit
1694 4478 2063 4543 samamithia,

2165 3381 2246 3436 θοι
2279 3381 2462 3452 πρὶνῆ
2495 3379 2783 3453 βρώματος
2808 3379 2842 3450 ἢ
2869 3378 3108 3449 πόματος
3135 3376 3401 3446 γεύσηται
3434 3391 3450 3406 ο
3483 3376 3578 3429 καὶ
3603 3375 3739 3428 κάν-

2163 3493 2252 3530 νια
2282 3475 2411 3547 τρία
2434 3471 2594 3546 (εἰδος
2645 3471 2800 3525 τοῦτο
2833 3470 3143 3539 καθέστηκε
3173 3468 3394 3531 κύλικος
3420 3467 3564 3521 οὕτω
3604 3466 3738 3538 παρ’

2175 3562 2578 3634 Ἀλεξανδρεῦσι
2611 3562 2924 3631 λεγόμενον)
2975 3562 3118 3613 πιεῖν
3162 3559 3348 3629 νῆστις
3407 3560 3695 3628 ἀνάσχοιτο
3720 3599 3737 3622 ,

2163 3658 2259 3710 καὶ
2285 3658 2444 3727 τάχος
2472 3655 2571 3726 τὴν
2620 3655 2764 3709 ἴασιν
2814 3653 2905 3707 διὰ
2956 3652 3056 3722 τῆς
3095 3651 3202 3706 τῶν
3239 3651 3472 3705 καννίων
3526 3650 3739 3716 δέξεται

2108 3782 2111 3783 ν
2163 3748 2395 3810 πόσεως.

2246 3840 2303 3893 '0
2352 3840 2408 3893 δὲ
2437 3840 2715 3911 θεωρήσας
2745 3838 2838 3892 τὸν
2876 3837 3108 3907 ὄνειρον,
3157 3839 3225 3910 τῇ
3272 3825 3503 3906 νοσούσῃ
3548 3833 3744 3892 τοῦτον

2168 3932 2284 4003 μεθ’
2318 3931 2484 3987 ὕπνον
2515 3931 2877 4002 ἀπήγγελλεν,
2900 3930 2975 3996 ῶς
3004 3933 3053 3984 οἰ
3086 3931 3362 4002 μάρτυρες
3380 3929 3528 3998 αὐτῷ
3559 3928 3745 3983 διετά-

2166 4023 2361 4089 ξαντο’
2419 4027 2453 4095 ἡ
2518 4024 2575 4077 δὲ
2634 4024 2734 4094 τῆς
2804 4024 3010 4079 τούτων
3078 4023 3355 4093 πυθομένη
3414 4020 3739 4087 κελεύσεως,

2165 4116 2377 4187 πρωτας
2420 4116 2498 4179 εἰς
2527 4116 2821 4187 καπηλεῖον
2858 4115 3161 4186 ἐξέρχεται,
3208 4116 3304 4167 καὶ
3331 4113 3431 4176 τὰς
3474 4115 3622 4184 τρεῖς
3648 4112 3742 4165 εὐ-

2167 4201 2301 4263 θέως
2326 4200 2445 4254 ἔπιε
2471 4202 2697 4266 κύλικας
2717 4242 2732 4268 ,
2768 4203 2913 4257 οἴνου
2946 4202 3220 4273 γεμούσας
3253 4200 3326 4273 μὴ
3354 4202 3607 4270 μιγέντος
3628 4203 3743 4265 τοῖς

2167 4292 2352 4347 ὕδασιν
2385 4309 2399 4321 '
2430 4292 2645 4365 ἄκρατα
2671 4294 2779 4366 γάρ
2815 4296 2959 4348 πιεῖν
2988 4297 3054 4348 τὰ
3100 4297 3227 4366 τρία
3255 4294 3578 4348 κεκέλευστο
3611 4294 3744 4348 κάν-

2167 4402 2275 4438 νια·
2298 4386 2461 4455 ἅπερ,
2493 4384 2568 4449 ὡς
2592 4383 2767 4451 εἷπον,
2795 4387 3099 4458 ῥοφήσασα,
3133 4388 3362 4439 κινεῖται
3387 4385 3579 4439 θᾶττον
3603 4385 3752 4454 πρὸς.

2168 4476 2379 4547 ἔμετον,
2413 4477 2507 4531 καὶ
2541 4477 2631 4531 τὸν
2674 4474 2816 4531 οἶνον
2855 4477 3120 4549 ἐμέσασα,
3162 4478 3287 4548 ἐμεῖ
3327 4476 3620 4548 προφανῶς
3646 4477 3744 4530 καὶ

490 4572 688 4643 quibus
729 4586 826 4641 per
856 4585 918 4625 os
939 4568 1170 4640 ahjectis
1200 4569 1270 4623 ab
1294 4568 1445 4623 omni
1477 4567 1924 4642 mogalllictione
1949 4569 2059 4624 dif-

2169 4569 2236 4622 τά
2264 4568 2391 4640 τρία
2421 4569 2518 4622 σὺν
2552 4568 2700 4638 αύτῷ
2726 4569 3038 4640 σαμαμίθια
3080 4569 3169 4623 διὰ
3207 4571 3475 4639 στόματος
3511 4566 3740 4639 ῥίψασα,

491 4661 735 4733 ficilique
767 4661 973 4721 dolore.
1017 4674 1081 4714 ac
1110 4660 1338 4715 verbere
1362 4660 1590 4715 liberata
1627 4668 1733 4728 est,
1769 4675 1889 4730 qua:
1918 4676 2063 4717 onus

493 4755 626 4809 illud
650 4754 944 4825 tridymum
965 4752 1144 4808 adhuc
1171 4752 1511 4823 parturiebat
1531 4752 1587 4807 in
1619 4764 1777 4810 utero
1805 4752 2064 4825 deporta-

492 4850 630 4894 tum.
660 4840 851 4908 Itaque
882 4840 1039 4894 Anna
1071 4839 1290 4908 quidem
1322 4839 1647 4906 mouastria,
1698 4840 1780 4896 sic
1826 4850 2059 4895 mortem

492 4948 614 5002 qua:
636 4932 795 4987 sibia
856 4931 1195 4987 daemonibus
1221 4940 1518 5002 praeparata
1570 4929 1752 4987 fuerat
1801 4933 2062 5000 exsilivit,

495 5024 695 5081 fortius
721 5023 1060 5078 medicorum
1102 5024 1392 5089 auxilium,
1415 5038 1578 5092 quam
1633 5022 1851 5077 illorum
1880 5034 2068 5080 essent

493 5119 730 5181 insidiae,
761 5126 1100 5183 consecuta;
1140 5125 1195 5172 et
1219 5114 1288 5170 ad
1331 5114 1566 5186 hymnos
1598 5124 1914 5171 sanctorum
1945 5132 2067 5172 om-

496 5226 617 5273 nes.
643 5210 734 5281 qui
788 5209 939 5263 illam
968 5209 1261 5263 sanitatem
1289 5206 1542 5260 viderant
1569 5206 1878 5270 concitans.
1906 5215 2073 5278 atque

495 5321 617 5359 cum
639 5306 723 5359 his
743 5318 838 5358 eos
857 5302 1111 5357 laudibus
1134 5299 1394 5364 eli‘erens,
1415 5314 1540 5352 cum
1570 5298 1656 5354 bis
1688 5300 1850 5353 etiam
1884 5316 1915 5355 a
1933 5311 2071 5356 tem-

496 5397 585 5467 plo
615 5394 865 5451 discedit.
896 5392 1005 5446 Nos
1029 5399 1237 5458 autem,
1265 5390 1358 5461 qui
1416 5405 1566 5444 nunc
1599 5389 1868 5457 audimus,
1911 5392 2069 5461 quasi

501 5505 630 5547 tunc
672 5496 971 5560 praesentes
1029 5499 1278 5541 essemus
1328 5484 1635 5549 credentes,
1661 5486 1866 5541 sanctis
1914 5485 2071 5558 hym-

499 5594 690 5633 norum
723 5577 981 5632 laudibus
1008 5575 1324 5641 cumulatis,
1359 5574 1429 5630 ad
1460 5574 1597 5631 alios
1623 5575 1854 5647 hymnos
1906 5578 2072 5632 mira-

500 5672 623 5726 cula
649 5669 869 5725 auditus
892 5683 1265 5739 praeparemus
1290 5679 1345 5725 et
1375 5684 1492 5725 ora.

748 5758 910 5816 XLV.
940 5760 1012 5816 De
1040 5760 1256 5818 Cobiote
1284 5762 1444 5818 surdo
1477 5764 1786 5819 comatoria.

576 5848 661 5903 Ab
711 5850 950 5921 Egypto
1000 5869 1196 5910 rursus
1248 5855 1302 5909 in
1340 5853 1562 5929 Libyam
1598 5862 1969 5916 transeamus,
2015 5866 2072 5911 et

2170 4662 2349 4733 πάσης
2400 4660 2562 4726 εὐθὺς
2616 4661 2910 4732 ἀπηλλάγη
2967 4663 3263 4725 κακώσεως
3312 4662 3406 4714 καὶ
3442 4660 3741 4732 δυσχεροῦς

2166 4752 2357 4823 ὀδύνης
2401 4752 2496 4805 καὶ
2528 4751 2811 4823 μάστιγος,
2844 4751 2912 4815 ἃς
2941 4754 2970 4805 ὀ
3019 4752 3215 4821 φόρτος
3248 4752 3455 4815 ἐκεῖνος
3486 4752 3515 4803 ό
3557 4749 3745 4820 τρίδυ-

2170 4864 2267 4917 μος
2293 4845 2824 4916 ἐπικυοφορούμενος
2858 4842 3066 4899 ὤδινεν.
3110 4845 3217 4897 Καὶ
3253 4845 3418 4897 Ἅννα
3457 4844 3552 4900 μὲν
3582 4845 3612 4911 ἡ
3646 4860 3745 4912 μο-

2168 4938 2397 5009 νάστρια
2446 4939 2586 4993 οὕτω
2633 4937 2724 4993 τὸν
2772 4941 2838 4992 ἐκ
2869 4938 3137 5008 δαιμόνων
3188 4937 3323 5007 αὐτῇ
3375 4935 3743 4989 σκευασθέντα

2166 5030 2196 5084 δ
2221 5030 2391 5099 έφυγε
2439 5029 2688 5095 θάνατον,
2748 5030 3099 5101 ἰσχυροτέρας
3144 5030 3346 5099 ἰατρῶν
3387 5028 3610 5100 ἀρωγῆς
3641 5029 3742 5096 τῆς

2169 5121 2394 5176 ἐκείνων
2437 5121 2728 5191 ἐπιϐουλῆς
2781 5122 3156 5193 εὑπορήσασα.
3215 5121 3323 5172 Καὶ
3383 5120 3589 5181 πάντας
3616 5118 3747 5179 τοὺς

2168 5209 2411 5281 ὁρῶντας
2439 5211 2537 5282 τὴν
2565 5211 2708 5265 ίασιν
2729 5212 2866 5282 πρὸς
2892 5210 3094 5281 ὕμνους
3116 5211 3223 5263 τῶν
3250 5210 3421 5278 άγίων
3447 5208 3743 5279 ὀτρύνασα,

2170 5303 2265 5356 καὶ
2309 5304 2407 5356 σὺν
2449 5303 2659 5365 τούτοις
2693 5303 2890 5367 αὐτοὺς
2926 5302 3315 5373 ἀνυμνήσασα,
3356 5299 3453 5354 τοῦ
3483 5299 3747 5370 τεμένους

2171 5395 2493 5465 ἀπέρχεται.
2543 5395 2743 5464 Ἡμεῖς
2780 5395 2834 5448 δέ
2868 5395 2963 5448 νῦν
2997 5396 3047 5447 οἰ
3080 5393 3392 5457 ἀκούοντες,
3420 5392 3498 5455 ῶς
3542 5393 3592 5445 οἰ
3621 5392 3746 5445 τότε

2171 5487 2433 5558 παρόντες
2455 5486 2821 5552 πιστεύοντες,
2846 5488 2972 5550 τοὺς
2997 5487 3186 5554 ἁγίους
3211 5486 3378 5552 ἀξίως
3405 5486 3748 5556 πλώσαντες

2172 5577 2307 5649 πρὸς
2335 5577 2552 5648 ἐτέρους
2588 5577 2791 5648 ὕμνους
2822 5579 2914 5632 καὶ
2945 5577 3200 5649 θαύματα
3231 5579 3329 5642 τὰς
3354 5570 3522 5639 ἀκοάς
3553 5578 3746 5648 εὑτρε-

2173 5669 2422 5739 πίσωμεν
2451 5669 2545 5722 καὶ
2567 5669 2633 5722 τὰ
2659 5670 2916 5739 στόματα.

2242 5760 2378 5816 ME’.
2412 5761 2547 5829 Περί
2581 5760 2872 5815 Κοσιώτου
2900 5761 3005 5817 τοῦ
3037 5763 3238 5831 κωφοῦ
3273 5763 3671 5833 καμηλαρίου.

2257 5852 2377 5905 Ἀπ’
2431 5851 2706 5921 Αἰγύπτου
2764 5851 2925 5907 πάλιν
2966 5853 3047 5917 εἰς
3098 5853 3306 5926 Διϐύην
3354 5853 3736 5926 μετέλθωμενο
