4060 6236
485 349 622 414 3593

1505 348 1606 408 SS.
1631 347 1803 408 CYRI
1839 348 1932 407 ET
1961 345 2281 408 JOANNIS
2319 339 2732 409 MIRACULA.

3610 345 3748 408 3591

486 467 583 519 καὶ
617 465 674 518 ὲν
707 462 783 534 τῷ
811 462 1085 535 Μαρεώτη
1112 463 1412 532 γενόμενοι,
1445 462 1732 532 Κοὸιώτην
1757 463 1850 515 τδν
1879 462 2062 531 κωφὸν

2191 480 2288 518 :um
2352 465 2494 534 apud
2558 463 2836 518 Mareoten
2891 460 3160 516 fuerimus
3219 459 3446 525 inventi,
3483 459 3748 516 Cobioten

486 557 912 628 άνιχνεύσωμεν.
949 557 1056 610 Τοῦ
1087 554 1388 625 Μαρεώτου
1430 555 1539 626 γάρ
1569 550 1721 620 οὗτος
1747 556 2063 624 ἐτύγχανενο

2171 556 2395 610 surdum
2424 557 2842 626 investigemus.
2879 555 2978 610 llic
3011 555 3156 610 enim
3191 551 3556 608 Mareotcnsis
3588 562 3749 620 erat;

489 652 584 706 καὶ
621 651 874 720 εὑρόντες
915 652 1029 713 τοῖς
1067 647 1430 722 προλαϐοῦσιν
1466 648 1795 719 συνάψωμεν
1817 664 1831 680 ο
1877 649 1972 702 καὶ
2001 651 2070 702 τὰ

2191 656 2221 701 ιι
2267 648 2544 701 inventum
2601 649 2776 727 virum
2821 646 3101 716 prioribus
3132 653 3510 710 annectamus,
3539 653 3593 700 et
3631 663 3754 714 qme

491 743 611 798 κατ’
649 744 810 796 αὐτὸν
852 745 963 805 τοῖς
1015 741 1306 795 ἁκούουσιν
1340 741 1801 811 άπαγγείλωμεν·
1847 741 2070 812 Γραφῆς

491 833 597 906 γάρ
649 834 774 899 ἄξια
817 832 884 886 τά
935 833 1017 895 είς
1068 833 1230 885 αὑτὸν
1283 832 1552 903 ὁραθέντα
1591 835 1704 893 τοῖς
1767 832 2058 902 μάρτυσιν.

492 925 692 993 κωφὸς
721 926 748 977 ὁ
780 922 1068 995 Κοόιώτης
1091 925 1354 993 γεγένητο
1373 963 1387 985 ,
1415 925 1513 994 οὐχ
1541 922 1713 986 οὕτως
1753 923 1818 975 ὲκ
1859 925 2072 992 μήτρας

491 1018 814 1086 γενόμενος,
851 1017 963 1069 ἀλλ’
1015 1017 1170 1084 ἄφνω
1210 1013 1496 1084 κωφωθεὶς
1528 1014 1605 1076 ὡς
1651 1016 1771 1077 ταῖς
1803 1014 2072 1083 καμήλοις

496 1109 832 1178 παρέῦαλλεν
860 1126 874 1140 ο
922 1107 1128 1162 τούτων
1175 1108 1280 1177 γὰρ
1307 1108 1393 1160 ἀεὶ
1418 1107 1526 1159 τῶν
1567 1106 1722 1170 ζώων
1757 1105 2069 1176 ἐφρόντιζε,

497 1203 587 1254 καὶ
622 1201 728 1273 πρὸ
785 1200 1120 1268 κωφώσεως,
1159 1200 1252 1253 καὶ⁹
1287 1198 1403 1268 μετ’
1463 1197 1731 1266 αἰφνίδιον
1790 1196 2070 1266 κώφωσιν,

496 1292 804 1363 βαρυτάτην
844 1291 900 1344 δὲ
947 1291 1047 1354 τὴν
1079 1291 1232 1344 νόσον
1274 1290 1628 1361 ὑπάρχουσαν
1652 1303 1665 1317 ·
1705 1287 1830 1340 οὔτε
1863 1287 1973 1359 γὰρ
2011 1289 2074 1340 τὸ

498 1385 716 1438 σύνολον
753 1385 969 1456 ἤκουεν,
1000 1380 1123 1436 οὔτε
1160 1382 1268 1435 τῶν
1298 1383 1439 1436 πάνυ
1475 1383 1727 1452 μεγάλων
1764 1382 1868 1452 τῆς
1891 1381 2075 1450 φωνῆς

497 1475 945 1546 προσησθάνετο,
988 1471 1102 1528 οἷον
1158 1474 1333 1544 δήμου
1379 1473 1511 1542 βοῆς
1557 1474 1903 1546 ἢιθαλάττης
1940 1467 2075 1543 ἦχον

498 1541 872 1636 ὑῷούμενον,ἢ
908 1567 1158 1635 μεγάλων
1175 1541 1391 1635 ἀνέμων
1419 1541 1749 1637 ῥοιζήμιατα·
1783 1565 1842 1618 ὃν
1859 1541 2072 1628 πάντες

500 1661 546 1712 οἱ
578 1658 863 1729 θεώμενοι,
879 1658 1128 1727 δαίμονος
1150 1658 1434 1728 ἐνέργειαν
1469 1658 1567 1727 τὴν
1587 1656 1845 1726 κώφωσιν
1867 1657 2074 1724 ἔλεγον,

502 1747 594 1798 καὶ
612 1746 674 1798 οὐ
710 1744 879 1808 πάθος
911 1745 944 1816 ἢ
975 1745 1292 1816 σύμπτωμα
1319 1745 1590 1815 σώματος.
1624 1747 1731 1801 Καὶ
1750 1747 1903 1816 τάχα·
1919 1747 2078 1815 τάλη-

2170 740 2318 794 circa
2343 756 2464 793 eum
2495 748 2648 809 gesta
2684 748 2834 802 sunt,
2855 739 3207 792 audientibus
3243 736 3455 817 referant
3483 753 3548 791 us
3573 780 3586 803 ,
3615 740 3756 792 scri-

2172 841 2332 900 ptura
2364 832 2565 901 quippe
2601 832 2762 900 digna
2785 840 2934 894 sunt,
2972 847 3093 900 qua:
3144 833 3196 884 iu
3233 848 3298 885 eo
3332 837 3459 884 sunt
3488 845 3516 884 a
3547 841 3752 901 marty-

2172 925 2326 977 ribus
2380 937 2520 978 aeta.
2573 923 2786 978 Surdus
2856 923 3113 980 Cohiotes
3167 923 3287 988 fuit,
3331 941 3438 977 non
3489 939 3555 978 ex
3593 925 3756 976 vulva

2174 1014 2374 1078 factus,
2408 1016 2504 1069 sed
2541 1016 2726 1070 Subito
2774 1017 2998 1079 surdus,
3050 1030 3174 1069 cum
3227 1015 3452 1068 camelis
3499 1016 3754 1076 haereret,

2182 1106 2410 1159 elTectus
2442 1113 2672 1159 :horum
2703 1122 2939 1175 namque
2965 1121 3182 1174 semper
3210 1106 3756 1166 animaliumcuram.

2173 1209 2227 1253 et
2253 1208 2379 1253 ante
2403 1209 2457 1253 et
2493 1209 2784 1268 postquam
2820 1207 3042 1268 repente
3067 1199 3268 1252 surdus
3297 1197 3475 1252 factus
3505 1208 3610 1258 est,
3641 1215 3759 1266 pcr-

2176 1293 2390 1362 agebat.
2424 1293 2562 1347 Cum
2596 1304 2776 1346 autem
2813 1292 3044 1361 languor
3071 1301 3219 1346 esset
3246 1293 3628 1361 gravissimus,
3663 1309 3759 1344 ne-

2176 1401 2282 1454 que
2311 1386 2455 1438 enim
2490 1387 2599 1438 ullo
2628 1386 2788 1439 modo
2817 1385 3092 1447 audiebat,
3116 1399 3289 1454 neque
3318 1384 3506 1438 saltem
3526 1385 3761 1454 grandes

2179 1479 2440 1546 strepitus
2488 1479 2780 1540 sentiebat,
2834 1489 2891 1531 ut
2945 1488 3075 1546 puta
3127 1477 3622 1543 vulgiclamorem,
3670 1485 3763 1529 aut

2178 1570 2391 1624 sonitus
2430 1570 2597 1623 maris
2626 1571 2823 1629 elatos,
2859 1581 2953 1623 aut
2984 1570 3286 1639 ingentium
3336 1580 3620 1622 ventorum
3658 1568 3762 1622 im-

2182 1667 2366 1728 petum
2400 1674 2652 1728 maguum
2691 1677 2703 1712 :
2731 1675 2892 1728 quem
2927 1675 3118 1712 onmes
3143 1659 3523 1727 ittspicirittes,
3556 1659 3763 1714 dmino-

2183 1752 2272 1806 nis
2353 1753 2733 1820 operationem
2790 1768 2913 1806 csse
2987 1753 3302 1822 hujusmodi
3381 1752 3762 1822 aegritudinem

501 1836 625 1898 θοῦς
651 1838 1032 1907 ἐστοχάσαντο,
1064 1837 1129 1890 ἐκ
1160 1855 1220 1890 τε
1239 1836 1334 1890 τοῦ
1361 1837 1574 1909 ἀθρόως
1605 1838 1881 1910 συμϐῆναι
1912 1839 1972 1892 τὸ
1994 1839 2078 1892 νό-

2191 1843 2610 1909 astruebant,et
2656 1859 2764 1897 non
2825 1847 3077 1913 corporis
3139 1845 3331 1898 vitium
3383 1847 3501 1899 sive
3551 1859 3767 1902 casum.

503 1945 675 1998 σημα,
693 1929 757 1981 ἐκ
786 1946 845 1981 τε
874 1928 970 1982 τοῦ
1009 1929 1217 2000 μηδένα
1246 1929 1355 1982 τῶν
1393 1929 1592 2000 ίατρῶν
1608 1929 1878 1999 ὠφέλειαν
1906 1929 2079 2000 τούτῳ

500 2021 621 2072 τινὰ
654 2020 946 2090 δυνηθῆναι
971 2021 1322 2092 χαρίσασθαι.
1365 2023 1601 2094 Πολλοὺς
1629 2021 1738 2090 γάρ
1771 2021 2072 2094 περιελθὼν

504 2112 598 2163 καὶ
648 2112 942 2183 πληρώσας
988 2112 1199 2165 πολλῶν
1249 2113 1644 2182 ἐπιτάγματος,
1694 2112 1854 2177 αὺτδς
1905 2115 1964 2166 ὲν
2004 2113 2084 2183 τῷ

504 2205 666 2258 πάθει
699 2205 962 2274 διέμενεν,
984 2205 1246 2276 διαφορὰν
1269 2207 1453 2276 εὑρεῖν
1481 2208 1540 2260 οὐ
1565 2207 1881 2275 δυνάμενος.
1914 2207 2080 2260 Ὅθεν

508 2288 710 2367 ἰατροῖς
747 2297 920 2350 πολλὰ
962 2298 1175 2368 χαίρειν
1227 2298 1622 2369 φθεγξάμενος,
1673 2299 1781 2352 τῶν
1821 2298 2086 2368 καμήλων

497 2388 1158 2460 ἐφρόντιζεν,ἁπαλλαγὴν
1187 2389 1281 2444 τοῦ
1319 2390 1511 2445 λοιποῦ
1541 2390 1617 2463 μὴ
1648 2393 1964 2463 προσδοκῶν
1990 2394 2086 2448 τοῦ

507 2483 834 2551 νοσήματος.

578 2713 689 2766 Καὶ
717 2712 857 2784 τάχα
885 2713 950 2768 ἂν
979 2713 1126 2769 οὕτω
1159 2716 1319 2786 μέχρι
1353 2714 1582 2770 Θανάτου
1612 2717 1901 2788 διέμεινεν,
1933 2719 1980 2770 εί
2013 2719 2088 2789 μὴ

511 2803 646 2874 πρὸς
670 2802 777 2856 τῶν
801 2806 1103 2875 συντέχνων
1129 2806 1203 2868 ὡς
1229 2806 1409 2874 κωφὸς
1437 2808 1817 2878 κατετρέχετο,
1846 2811 1938 2863 καὶ
1963 2809 2092 2862 πολ-

509 2895 608 2966 λὴν
634 2897 731 2966 τὴν
756 2896 971 2950 ἀδικίαν
1009 2897 1279 2966 ὑπέμενεν
1301 2913 1314 2927 ·
1343 2893 1416 2951 ὧν
1438 2900 1499 2952 οὐ
1531 2899 1805 2970 βαστάσας
1831 2901 1928 2972 τὴν
1960 2902 2088 2955 δυσ-

511 2989 644 3060 χερῆ
690 2989 1090 3060 παραπόνησιν,
1127 2990 1342 3043 ἅπαντα
1375 2989 1571 3058 λιπὼν,
1602 2993 1700 3062 τὴν
1753 2993 1958 3059 ἑστίαν,
1992 2996 2090 3058 τὰς

513 3079 814 3151 καμήλους,
836 3080 904 3134 τά
959 3081 1292 3152 ὑπάρχοντα.
1355 3083 1450 3138 καὶ
1506 3084 1694 3153 μηδενὶ
1745 3086 1911 3156 μηδὲν
1965 3088 2091 3156 περὶ

2187 1935 2247 1989 Et
2306 1934 2445 1989 forte
2493 1934 2764 1991 veraciter
2817 1937 3187 1997 restimahant,
3223 1948 3330 1988 tam
3383 1953 3448 1991 ex
3509 1949 3575 1990 eo
3621 1935 3766 2007 quod

2183 2028 2417 2096 languor
2469 2027 2653 2082 subito
2685 2028 3032 2096 contigisset,
3063 2043 3227 2095 quam
3269 2043 3334 2081 ex
3366 2044 3429 2081 eo
3460 2026 3607 2096 quod
3646 2027 3767 2080 nul-

2187 2123 2269 2176 lus
2301 2119 2639 2175 medicorum
2682 2120 2992 2189 profectum
3027 2119 3152 2171 huic
3179 2119 3476 2188 quemlibet
3512 2120 3768 2173 conferre

2188 2215 2499 2284 potuisset;
2537 2213 2741 2266 multos
2789 2211 2937 2266 enim
2974 2212 3335 2274 circumiens,
3371 2220 3426 2265 ct
3469 2216 3767 2266 multorum

2187 2307 2470 2378 complens
2491 2313 2847 2376 prmeeptum,
2871 2305 3059 2375 ipsein
3087 2305 3345 2375 passione
3368 2316 3769 2376 perseverarat,

2188 2396 2628 2452 melioratiouem
2674 2395 2914 2465 aliquam
2942 2395 3186 2464 reperire
3227 2410 3335 2450 non
3369 2398 3578 2450 valens.
3617 2395 3771 2450 Unde

2189 2488 2416 2543 medicis
2458 2489 2580 2542 vale
2643 2488 2853 2551 dicens,
2895 2488 3234 2542 camelorum
3299 2504 3488 2542 curam
3525 2489 3770 2558 gerebat.

2191 2581 2500 2636 libertatem
2533 2580 2599 2635 de
2620 2589 2822 2635 cmtero
2843 2581 3126 2650 languoris
3154 2597 3264 2635 non
3301 2582 3653 2651 praestolans.

2264 2716 2328 2770 Et
2366 2718 2506 2773 forte
2531 2718 2611 2772 sic
2645 2733 2821 2786 usque
2852 2717 2917 2771 ad
2949 2728 3179 2772 mortem
3212 2719 3401 2788 procul
3434 2719 3608 2773 dubio
3648 2735 3773 2786 pcr-

2193 2807 2508 2870 mansisset,
2541 2806 2647 2860 nisi
2700 2821 2729 2860 a
2762 2807 2982 2875 collegis
3017 2814 3279 2876 tauquam
3331 2807 3531 2862 surdus
3583 2808 3776 2861 illude-

2194 2906 2365 2959 retur,
2425 2900 2764 2967 multamque
2836 2898 3096 2968 injuriam
3166 2907 3482 2968 pateretur;
3537 2915 3772 2968 quorum

2194 2988 2466 3044 rlillicilem
2507 2989 2856 3044 amictionem
2889 3005 2997 3043 non
3034 2990 3239 3056 ferens,
3268 2991 3638 3060 ontuibusque
3681 2994 3774 3044 dc-

2195 3082 2425 3147 relictis,
2454 3082 2618 3136 domo
2649 3081 2929 3148 videlicet,
2952 3082 3175 3136 camelis
3203 3092 3254 3136 et
3286 3083 3653 3151 patrimoniis,
3685 3100 3779 3137 ne-

516 3172 743 3242 μηδενδς
797 3172 1195 3243 ἐντειλάμενος,
1247 3174 1411 3244 ζήλου
1470 3175 1750 3247 πλησθεὶς,
1798 3179 1894 3232 καὶ
1947 3178 2087 3232 θείου

2198 3176 2331 3228 mini
2363 3173 2660 3244 quidquam
2691 3174 2758 3228 de
2787 3189 3065 3243 quoquam
3103 3174 3430 3244 praecipiens
3462 3176 3581 3228 zelo
3605 3175 3782 3244 reple-

515 3262 783 3334 πρὺςτοὺς
816 3263 1099 3334 μάρτυρας
1125 3264 1345 3335 ἔρωτος,
1372 3267 1571 3331 αὐτῶν,
1598 3267 1672 3330 ὠς
1704 3262 1881 3336 οἶμαι,
1912 3270 2096 3323 τοιαύ-

512 3371 612 3423 την
644 3353 791 3423 αὗτῷ
815 3356 1304 3424 προσπνευσάντων
1339 3356 1889 3428 διάνοιαν,δρομαίως
1918 3361 2011 3414 ἐπὶ
2035 3361 2098 3414 τὸ

516 3443 718 3496 τούτων
771 3443 1067 3516 μαρτύριον
1114 3446 1355 3517 ἔτρεχεν,
1400 3450 1654 3520 τοιαύτην
1699 3451 1861 3521 μόνον
1916 3453 2098 3523 φωνὴν

521 3535 657 3605 πρὸς
710 3538 834 3598 τοὺς
887 3537 1138 3606 ἑταίρους
1186 3539 1588 3611 φθεγξάμενοςο
1623 3545 1698 3614 Ζῇ
1730 3541 1859 3616 γὰρ,
1909 3547 2096 3614 φησὶν,

521 3625 754 3695 Χριστὸς
771 3625 944 3690 ὁΘεὸς
970 3627 1148 3698 ήμῶν,
1173 3629 1248 3692 ὡς
1273 3631 1319 3682 εί
1345 3633 1419 3701 μὴ
1436 3632 1572 3702 πρὸς
1599 3633 1781 3704 Κῦρον
1807 3634 2097 3689 καὶΊωάν-

517 3735 614 3787 νην
643 3719 770 3780 τοὺς
799 3717 986 3787 ἁγίους
1013 3721 1112 3773 οὐκ
1141 3718 1359 3791 ἄπειμι,
1392 3724 1486 3776 καὶ
1513 3722 1735 3786 τούτους
1765 3726 2098 3790 ὲκϐιὸαστάς

518 3809 617 3878 τῆς
670 3810 810 3879 ἐμῆς
868 3811 1133 3880 ἐπηρείας
1184 3813 1516 3882 ποιήσομαι·
1574 3815 1669 3868 καὶ
1717 3816 1878 3870 τοῦτο
1929 3819 2099 3872 εἰπὼν

517 3899 723 3968 γυμνὸς
752 3899 1136 3972 ἐπενδυμάτων
1171 3902 1307 3972 πρὸς
1337 3903 1462 3967 τοὺς
1503 3905 1786 3975 μάρτυρας
1807 3907 2059 3980 ἔδραμεν.

589 4027 722 4081 Τότε
772 4027 984 4098 γίνεταί
1041 4045 1095 4080 τι
1154 4029 1477 4100 παράδοξον,
1530 4032 1752 4100 καὶτῆς
1780 4032 1886 4085 τῶν
1929 4034 2100 4102 ἁγίων

517 4119 741 4190 χάριτος
781 4113 953 4186 ἄξιον,
1004 4118 1097 4173 καὶ
1123 4120 1222 4190 τῆς
1245 4121 1413 4174 αὐτοῦ
1461 4121 1662 4192 πολλῆς
1721 4125 1816 4176 καὶ
1858 4126 2101 4196 μεγάλης

521 4210 877 4280 θερμότητος.
906 4211 977 4263 Ἢ
1006 4210 1167 4282 μόνον
1193 4211 1304 4283 γὰρ
1331 4211 1519 4283 ἐξῆλθε
1545 4213 1642 4285 τὴν
1670 4215 1845 4285 πύλην
1876 4217 1974 4286 τῆς
2003 4219 2100 4270 πό-

519 4303 657 4368 λεως
695 4305 816 4374 ἥτις
848 4305 1080 4376 Ἠλιακή
1113 4305 1570 4377 προσηγόρευται,
1607 4308 1809 4372 εὐθέως
1834 4309 1997 4362 αὐτοῦ
2035 4312 2102 4366 τὰ

519 4388 633 4448 ῶτα
657 4395 886 4467 ἧρξαντο
913 4396 1401 4466 διανοίγεσθαι,καὶ
1422 4389 1600 4467 ςρωνὰς
1618 4403 1780 4465 αὐτὸς
1799 4402 2101 4471 ἀνθρώπων

2199 3275 2289 3322 tus
2321 3275 2374 3323 et
2405 3267 2592 3321 divino
2625 3281 2750 3335 erga
2783 3275 3053 3336 martyres
3083 3266 3380 3333 desiderio,
3426 3267 3563 3336 ipsis
3593 3268 3666 3328 ei.
3721 3275 3782 3321 ut

2201 3376 2344 3424 reor,
2372 3360 2532 3414 talem
2577 3358 2980 3427 inspirantihus
3018 3359 3280 3422 animam,
3318 3360 3525 3413 cursim
3557 3359 3624 3413 ad
3678 3360 3780 3412 ho-

2199 3468 2320 3508 rum
2355 3450 2676 3521 martyrium
2703 3448 3042 3514 festinabat;
3100 3449 3416 3518 hujusmodi
3473 3450 3540 3504 ad
3597 3450 3780 3504 socios

2201 3557 2333 3597 voce
2363 3549 2576 3595 tantum
2625 3539 2845 3603 allatus,
2880 3537 3029 3593 Vivit
3058 3539 3204 3594 enim
3264 3538 3543 3602 Christus,
3578 3539 3778 3609 inquit,

2203 3634 2366 3700 Deus,
2393 3635 2439 3689 si
2466 3635 2533 3688 ad
2579 3632 2781 3704 Cyrum
2811 3641 2865 3687 et
2920 3630 3187 3686 Joannem
3236 3638 3461 3685 sanctos
3489 3646 3598 3684 non
3641 3631 3777 3694 iero,

2201 3737 2256 3782 et
2290 3729 2390 3782 hos
2422 3733 2776 3782 exsecutores
2816 3724 3081 3778 molestiae
3113 3739 3248 3777 mea:
3299 3738 3410 3776 non
3443 3723 3646 3777 fecero.
3714 3723 3780 3777 Et

2202 3819 2306 3872 hoc
2341 3817 2510 3879 dicto,
2571 3816 2908 3870 indumentis
2960 3823 3160 3869 exutus
3195 3815 3447 3869 cucurrit
3505 3815 3573 3868 ad
3627 3831 3777 3870 mar-

2205 3921 2369 3980 tyres.

2271 4039 2430 4095 Tunc
2457 4041 2621 4095 etiam
2654 4040 2713 4094 ﬁt
2743 4039 3003 4110 quiddam
3036 4039 3312 4104 mirabile,
3350 4049 3783 4110 sanctorumque

2201 4128 2398 4200 gratia,
2428 4137 2482 4183 et
2507 4129 2682 4199 ipsius
2714 4128 2888 4182 multo
2919 4137 2974 4183 et
3003 4143 3202 4197 magno
3254 4128 3468 4183 fervore
3519 4128 3783 4198 dignissi-

2202 4235 2374 4274 mum.
2407 4217 2478 4273 Ut
2498 4220 2642 4272 enim
2673 4226 2886 4271 tantum
2922 4226 3136 4287 portam
3170 4216 3412 4271 civitatis
3438 4215 3628 4279 exivit,
3661 4233 3782 4286 quae

2203 4311 2420 4367 l-leliace
2457 4311 2727 4381 appellata
2758 4319 2864 4376 est,
2892 4324 3018 4364 mox
3076 4323 3238 4363 aures
3284 4309 3405 4378 ejus
3436 4324 3652 4379 erepere
3687 4327 3782 4380 pa-

2201 4413 2433 4468 tescere,
2469 4413 2524 4457 et
2556 4403 2838 4457 homimun
2881 4402 3000 4470 ipse
3041 4416 3207 4456 voces
3238 4402 3468 4468 audire;
3523 4409 3578 4456 et
3606 4419 3782 4472 quan-

520 4489 904 4543 πυνθάνεσθαι·
937 4491 1047 4558 ὅσῳ
1068 4491 1126 4544 δὲ
1153 4494 1219 4562 τῇ
1256 4492 1454 4564 πορείᾳ
1478 4495 1798 4562 προέκοπτε,
1843 4495 2087 4550 τοσοῦτον

2205 4501 2318 4546 tum
2371 4492 2425 4546 in
2457 4492 2654 4546 itinere
2699 4489 3042 4560 proﬁciebat,
3101 4497 3310 4542 tantum
3343 4504 3508 4544 voces
3542 4492 3779 4559 recipie-

521 4581 706 4652 φωνῆς
754 4581 937 4634 πλεῖον
986 4580 1423 4654 ἀντελαμϐάνετο
1447 4599 1462 4614 ο
1510 4584 1604 4636 καὶ
1644 4584 1785 4638 οὕτω
1825 4585 1884 4638 τὸ
1922 4586 2095 4655 δῶρον

521 4673 658 4744 πρὸς
704 4672 802 4744 τὴν
846 4673 949 4742 τῆς
993 4672 1116 4726 ὁδοῦ
1162 4673 1446 4745 προκοπὴν
1484 4675 1862 4746 κομιζόμενος,
1897 4678 1955 4729 ὲν
1987 4677 2098 4747 ὅσῳ

520 4767 629 4818 τῶν
675 4765 847 4835 ἁγίων
874 4765 1046 4837 εἰσείη
1074 4765 1135 4819 τὸ
1161 4767 1406 4837 τέμενος,
1465 4768 1527 4820 τὸ
1573 4768 1775 4820 τέλειον
1801 4770 1900 4840 τῆς
1929 4771 2098 4840 ἀκοῆς

521 4858 896 4928 ἀπελάμϐανε,
953 4859 1061 4911 πᾶν
1112 4858 1257 4928 ῐχνος
1296 4859 1388 4913 καὶ
1426 4857 1711 4930 γνώρισμα
1752 4860 1849 4930 τῆς
1896 4860 2098 4930 πολλῆς

521 4953 734 5020 ἐκείνης
780 4949 1080 5020 άπολείψας
1134 4950 1465 5019 κωφώσεως.
1509 4952 1620 5004 Καὶ
1674 4950 1739 5021 δὴ
1781 4951 1879 5021 τὴν
1928 4952 2099 5022 ρῶσιν

522 5042 665 5096 κατὰ
698 5043 797 5113 τὴν
831 5043 1058 5112 πορείαν
1091 5040 1447 5111 δρεψάμενος,
1483 5041 1558 5103 ὡς
1596 5040 1752 5111 ὑγιὴς
1777 5046 1889 5104 τοῖς
1922 5043 2099 5110 άγίοις

523 5137 618 5189 καὶ
667 5135 766 5205 οὐχ
799 5135 874 5197 ὼς
923 5135 1062 5203 ἔχων
1114 5135 1460 5204 προσήρχετο
1500 5133 1714 5203 νόσημα
1731 5131 1752 5163 “·
1796 5135 1890 5186 καὶ
1935 5152 2101 5205 προσ-

524 5229 753 5296 ενέγκας
778 5227 937 5290 εὐθὺς
972 5225 1041 5279 τὰ
1072 5228 1424 5296 χαριστήρια,
1454 5225 1589 5295 ᾠδαὶ
1613 5226 1657 5278 δ’
1686 5222 1824 5298 ἦσαν
1855 5228 1981 5290 τοὺς
2011 5245 2099 5282 σεο

524 5323 774 5383 σωκότας
805 5320 1177 5389 γεραίρουσαι,
1213 5321 1310 5389 τὴν
1335 5318 1502 5389 αὐτὴν
1522 5318 1720 5381 εὐθέως
1747 5318 2051 5390 ὑπέστρεφε
2083 5337 2098 5353 ο

526 5418 661 5488 μηδὲ
712 5415 936 5470 καθίσαι
984 5413 1127 5466 κατὰ
1176 5413 1268 5465 τὸν
1314 5412 1420 5464 τῶν
1454 5411 1746 5482 μαρτύρων
1778 5421 1943 5481 σηκτλν
1969 5414 2098 5464 άνα-

526 5494 805 5580 σχόμενος.
853 5507 962 5560 Καὶ
992 5506 1151 5576 ἡμεῖς
1200 5505 1256 5558 δὲ
1293 5503 1394 5572 τὴν
1445 5505 1571 5572 περὶ
1620 5503 1810 5556 τούτου
1847 5503 2101 5575 διήγησιν

523 5601 996 5673 ἐκπληρώσαντες,
1051 5598 1144 5651 καὶ
1170 5596 1240 5649 τά
1262 5598 1405 5667 ὑπὲρ
1432 5596 1604 5664 αὐτῆς
1632 5594 1962 5666 χαριστήρια
1989 5599 2102 5660 τοῖς

527 5693 701 5762 ἁγίοις
749 5691 1152 5765 προσάξαντες,
1178 5690 1427 5761 διήγησιν
1457 5688 1618 5742 ἄλλου
1658 5688 1938 5757 ποιώμεθα
1968 5688 2101 5743 θαύ-

529 5803 716 5857 ματος.

808 5879 1080 5941 Ριιτιιοι..
1119 5880 1233 5940 Gn.
1276 5878 1649 5942 LXXXVII.

2198 4585 2309 4648 bat,
2335 4592 2388 4637 et
2417 4584 2497 4638 sic
2515 4584 2717 4638 donum
2745 4581 3048 4636 secundum
3067 4581 3168 4636 viae
3193 4581 3496 4650 profectum
3519 4582 3780 4650 paulatim

2200 4677 2530 4747 percipiens,
2587 4674 2716 4728 dum
2771 4681 3090 4728 sanctorum
3156 4673 3539 4744 ingrederetur
3593 4674 3783 4729 basili-

2199 4781 2342 4830 cam,
2403 4764 2796 4835 perfectionem
2837 4763 3150 4818 resumebat
3191 4763 3435 4826 auditus,
3494 4765 3643 4817 omni
3686 4781 3780 4818 ve-

2201 4859 2364 4926 stigio
2413 4864 2468 4911 et
2521 4857 2680 4925 signo
2740 4857 2928 4909 multa;
2970 4871 3084 4910 suae
3134 4855 3388 4910 absurdae
3441 4852 3778 4912 inﬁrmitatis

2201 4950 2400 5003 deleto.
2457 4947 2702 5018 Cumque
2761 4947 3198 5002 incolumitatem
3261 4947 3456 5000 itinere
3503 4947 3780 5016 percepis-

2201 5050 2305 5109 set,
2353 5054 2612 5113 tauquam
2647 5055 2818 5098 sanus
2847 5049 2901 5095 et
2955 5056 3065 5094 non
3099 5041 3243 5095 sicut
3301 5048 3540 5110 aegrotus
3595 5055 3782 5109 proce-

2201 5138 2364 5192 debat
2415 5137 2482 5189 ad
2527 5146 2794 5200 sanctos;
2829 5142 2880 5189 et
2915 5134 3216 5204 gratiarum
3283 5131 3594 5186 actionibus
3645 5148 3781 5185 con-

2203 5229 2382 5282 festim
2441 5229 2665 5293 oblatis,
2743 5227 2996 5282 cantibus
3083 5227 3302 5282 scilicet
3382 5225 3782 5279 honorantibus
3841 5236 3854 5244 “

2204 5325 2528 5386 salvatot'es,
2559 5321 2748 5376 eadem
2782 5320 2873 5375 die
2905 5320 3174 5375 continuo
3211 5317 3497 5377 remeavit,
3540 5333 3639 5370 nec
3695 5334 3784 5372 se-

2201 5415 2331 5467 dere
2358 5413 2579 5482 quidem
2612 5412 2667 5465 in
2725 5421 3025 5482 martyrum
3073 5409 3301 5463 basilica
3335 5419 3553 5476 pasStts.
3611 5407 3785 5462 Porro

2205 5523 2306 5562 nos
2356 5509 2424 5561 de
2478 5507 2583 5560 hoc
2636 5504 2955 5558 narratione
3003 5502 3295 5572 completa,
3353 5509 3407 5553 et
3449 5502 3782 5570 'gratiarum

2203 5600 2410 5657 sanctis
2439 5598 2633 5654 ciliciis
2659 5597 2975 5667 persolutis,
3008 5593 3330 5652 relationem
3361 5593 3591 5650 alterius
3612 5595 3784 5651 facie-

2205 5707 2327 5748 mus
2356 5690 2625 5747 miraculi.

3320 5877 3435 5936 113
