4060 6236
356 293 494 360 3595

761 403 942 458 XLVI.
1001 405 1070 458 De
1108 407 1315 460 tribuno
1355 425 1508 460 ca'co.

428 497 636 550 Menum
667 499 922 567 martyris
950 499 1229 566 templum,
1277 509 1328 552 ct
1362 500 1504 566 quod
1541 506 1624 552 est
1665 501 1921 564 templum

359 599 480 642 mite
517 588 910 653 habitaculum,
965 589 1134 642 totius
1165 600 1250 642 est
1299 589 1478 660 Libya:
1523 590 1796 658 gloriatio,
1832 605 1928 643 cu-

356 685 442 736 ius
471 681 752 760 habitator
801 693 1026 738 sanctus
1077 690 1131 737 et
1165 691 1356 738 custos
1410 683 1572 736 etiam
1634 691 1926 752 antequam

356 789 456 842 pro
486 772 713 828 Christo
749 782 1054 844 pateretur,
1085 791 1226 838 erat,
1257 787 1311 833 et
1364 779 1590 848 posthac
1622 777 1796 831 fuisse
1847 775 1928 828 di-

357 859 660 931 gnoscitur.
706 859 770 912 Et
827 870 976 916 certe
1017 863 1188 930 gloria
1239 875 1292 917 et
1331 863 1654 918 excellentia
1707 863 1928 930 dignum

359 962 446 1008 est
481 951 797 1015 aedificium,
827 962 882 1007 et
934 955 1271 1009 sublimitate
1326 956 1518 1024 majori
1551 970 1566 1008 :
1603 971 1699 1025 per
1755 957 1930 1024 ipsum

359 1049 506 1102 enim
533 1055 644 1100 tam
687 1047 978 1118 Mareotes'
997 1063 1162 1115 quam
1209 1048 1378 1120 Libya
1401 1059 1522 1110 tota
1552 1064 1725 1118 usque
1753 1050 1808 1101 in
1836 1048 1934 1100 ho-

361 1141 612 1194 diernum
651 1138 793 1192 diem
851 1139 1128 1201 consistit,
1179 1148 1235 1193 ct
1297 1141 1440 1208 quod
1499 1149 1584 1194 est
1638 1141 1932 1194 maximum

363 1231 694 1285 Alexandria
723 1247 912 1300 magna
943 1241 996 1286 ct
1031 1232 1178 1285 clara
1201 1233 1521 1300 Christique
1551 1247 1767 1302 semper
1793 1232 1934 1284 ami-

363 1337 447 1377 ca.
477 1322 754 1392 Quotquot
780 1337 908 1392 ergo
933 1324 1186 1394 martyris
1210 1325 1385 1378 nostis
1409 1325 1752 1396 martyrium,
1774 1323 1935 1376 etiam

365 1415 507 1482 quod
548 1415 691 1466 eirea
719 1415 823 1467 hoc
849 1414 1138 1468 aedilicium
1176 1417 1366 1485 utique
1397 1417 1610 1479 nostis;
1639 1415 1732 1470 ubi
1759 1427 1814 1470 et
1842 1414 1940 1467 tri-

365 1506 568 1564 bunus,
590 1505 680 1573 qui
714 1521 953 1572 przescns
985 1505 1049 1559 ad
1083 1507 1398 1560 relationem
1434 1507 1674 1576 prolatus
1707 1515 1813 1568 est,
1843 1507 1933 1558 ibi-

367 1597 487 1650 dem
525 1610 684 1652 natus
715 1607 878 1668 atque
912 1598 1168 1664 nutritus,
1198 1599 1249 1653 in
1275 1599 1448 1654 virum
1501 1599 1798 1668 perfectura
1848 1613 1941 1650 oc-

367 1689 563 1744 currit.

441 1779 537 1834 llic
567 1780 720 1836 valde
739 1780 1030 1836 crudeliter
1063 1780 1265 1834 visibus
1297 1779 1625 1842 inﬁrmatus,
1654 1795 1777 1832 cum
1831 1794 1938 1834 non

371 1873 674 1926 invenisset
711 1872 1002 1937 medicum,
1045 1873 1135 1940 qui
1160 1872 1471 1941 passionem
1507 1887 1702 1926 sanare
1732 1881 1938 1942 posset,

369 1967 434 2019 ad
479 1965 784 2034 perfectam
809 1964 1110 2033 impellitur
1159 1965 1479 2018 cmcitatcm.
1535 1964 1609 2017 Ita
1650 1973 1709 2017 ut
1736 1959 1942 2034 'neque

371 2061 548 2112 noctis
587 2057 892 2112 absmliam
946 2073 1121 2125 nequc
1161 2059 1266 2111 dici
1323 2062 1666 2126 praesentiam
1717 2067 1939 2122 nossvt;

368 2162 713 2216 compressos
750 2147 894 2199 enim
956 2147 1188 2200 habebat
1240 2148 1430 2200 oettlos
1495 2159 1547 2200 et
1595 2164 1940 2218 nequaquam

372 2256 610 2306 apertos,
639 2257 762 2294 cum
799 2240 1056 2294 videlicet
1086 2243 1151 2292 ah
1183 2240 1414 2294 invicem
1465 2243 1705 2306 separari
1759 2241 1942 2310 palpe—
1975 2307 1978 2310 ι

373 2338 480 2386 lrze
517 2333 664 2385 milio
697 2333 855 2384 modo
895 2340 1141 2400 possent,
1201 2347 1267 2384 ac
1328 2333 1374 2386 si
1427 2334 1662 2401 ginttino
1707 2336 1941 2402 quodam

369 2440 614 2477 annexae.
657 2422 854 2477 Verum
889 2431 942 2476 et
971 2423 1062 2475 tali
1097 2423 1350 2476 tribunus
1383 2423 1698 2476 inﬁrmitate
1736 2422 1942 2484 habita,

373 2536 478 2570 non
555 2515 868 2568 im'redulus
927 2503 1122 2582 'gratize
1173 2513 1302 2583 Cyri
1358 2512 1460 2566 fuit
1527 2514 1640 2568 sive
1695 2511 1942 2578 Joannis,

371 2609 462 2661 sed
506 2607 590 2676 pie
629 2613 683 2658 ct
735 2605 883 2672 juste
933 2605 1211 2666 credebat,
1247 2603 1392 2673 quod
1425 2605 1471 2658 si
1525 2602 1787 2674 profugus
1841 2604 1941 2658 ho-

373 2714 491 2750 rum
553 2695 835 2766 profectus
891 2694 1214 2761 elliccretur,
1270 2696 1446 2749 visum
1503 2695 1748 2766 proiecto
1801 2697 1944 2750 reci-

374 2797 545 2854 peret,
597 2787 742 2856 quod
788 2797 843 2842 et
891 2795 1014 2840 actu
1072 2787 1403 2856 completum
1463 2797 1587 2853 est;
1643 2789 1736 2855 qui
1797 2785 1942 2840 cnim

373 2881 478 2934 tit-lc
527 2879 887 2932 Confirmatus
941 2885 1046 2942 est,
1103 2885 1156 2930 et
1220 2878 1381 2944 hujus
1453 2879 1616 2931 habet
1671 2879 1945 2932 immobi!c

373 2973 811 3036 fundamentum,
863 2973 1150 3026 amandam
1191 2973 1476 3026 consuevit
1522 2987 1642 3038 quae
1673 2971 1726 3023 in
1765 2970 1942 3040 operi-

373 3069 474 3120 bus
525 3074 610 3118 cst.
667 3064 895 3134 adipisci
957 3063 1370 3133 perfectionem.
1428 3063 1561 3116 Nam
1631 3080 1788 3116 nemo
1851 3065 2015 3137 quia

375 3158 483 3208 Deo
537 3155 790 3219 credidit,
825 3153 1122 3208 derelictus
1155 3162 1281 3218 est;
1345 3155 1437 3207 sed
1493 3162 1654 3223 prout
1691 3152 1942 3226 credidit,

330 3281 336 3288 -
373 3249 574 3300 factum
614 3255 738 3313 est;
800 3257 851 3299 et
883 3261 980 3315 pro
1024 3245 1276 3308 mercede
1313 3245 1456 3310 tidei,
1497 3245 1795 3299 desiderata
1851 3244 1946 3296 oh-

443 3429 521 3481 Ad
559 3428 884 3499 martyrium
923 3443 1053 3496 ergo
1091 3436 1410 3482 sanctorum
1444 3429 1690 3490 veniens,
1736 3438 1787 3482 ct
1822 3435 1948 3480 nato

373 3536 516 3574 neco
543 3520 698 3574 [idem
732 3521 938 3575 habens
975 3521 1336 3584 consimilem,
1367 3531 1422 3576 ct
1459 3521 1758 3576 secundum
1797 3521 1944 3574 illum

372 3616 658 3670 dormiens
693 3631 720 3668 ιι
755 3623 1073 3668 sanctorum
1101 3614 1356 3668 audiebat
1385 3614 1590 3684 gratia:
1629 3610 1794 3677 Vade,
1829 3613 1944 3666 lava

374 3709 426 3760 in
482 3707 648 3768 Siloa,
682 3717 734 3759 et
775 3706 949 3760 vides.
1007 3706 1316 3760 lmitatorcs
1347 3705 1494 3760 enim
1529 3704 1583 3756 hi
1647 3702 1948 3759 Salvatoris

372 3815 498 3852 cuin
540 3799 671 3860 sint,
731 3799 937 3852 eisdem
973 3799 1148 3866 ipsius
1181 3798 1365 3853 verbis
1399 3809 1646 3859 utuntur,
1681 3799 1946 3852 festinan-

377 3902 456 3945 tes
513 3907 729 3958 semper
778 3889 1091 3954 ostendere,
1142 3889 1286 3945 unde
1341 3890 1639 3944 sanitatum
1715 3891 1946 3960 gratiam

377 3981 624 4035 t'umlant.
659 3981 794 4034 Cum
827 3990 1007 4035 autem
1057 3980 1364 4050 langueret,
1402 3988 1704 4051 martyrum
1758 3980 1948 4032 audito

378 4087 680 4144 ptrecepzo,
735 4073 799 4128 ad
848 4084 1097 4129 sanctam
1139 4073 1348 4128 Christi
1392 4071 1486 4128 Dei
1547 4073 1722 4126 nostri
1759 4073 1949 4126 civita-

375 4179 484 4221 tem
514 4168 680 4230 venit,
711 4173 765 4219 ct
797 4180 922 4219 cum
951 4165 1332 4220 descendisset
1377 4165 1431 4218 in
1490 4164 1719 4227 Siloam,
1784 4164 1948 4230 hujus

376 4259 534 4326 aquis
561 4259 730 4320 lotus,
769 4258 1028 4327 protinus
1058 4257 1210 4310 vidit.
1253 4255 1384 4311 inde
1426 4272 1558 4309 vero
1611 4271 1735 4310 cum
1799 4257 1948 4310 ince-

378 4353 512 4407 dens
541 4351 768 4414 videret,
814 4351 996 4404 sciens
1047 4350 1290 4404 numeris
1336 4349 1552 4402 visuum
1615 4347 1946 4416 tuagnitudi-

1973 1751 2015 1806 π
2115 1779 2156 1831 o

1252 299 1310 356 S.
1345 295 1758 354 SOI‘IlRONlI
1798 295 2300 355 PATRIARClLE
2344 299 2743 359 HIEROSOL.
3471 293 3608 353 ’ἷῖκίῖῦ

2257 410 2405 476 atqu
2444 411 2582 477 Περὶ
2621 410 2933 478 τρισούνου
2978 408 3082 461 τοῦ
3125 405 3379 474 τυφλοῦ.

2100 501 2172 552 Τὸ
2217 503 2378 572 Μηνᾶ
2417 501 2510 554 τοῦ
2545 501 2824 571 μάρτυρος
2853 501 3098 569 τέμενος,
3145 501 3239 552 καὶ
3279 499 3342 552 τὸ
3369 497 3474 566 πρὸ
3513 495 3609 550 τοῦ

2027 596 2285 662 τεμένους
2297 595 2774 664 δωμάτιον,πάσης
2789 592 3308 662 Λιϐύηςκαθέστηκε
3327 591 3612 660 φρύαγμα,

2027 680 2096 756 ἦς
2137 686 2374 754 οἰκήτωρ
2425 687 2451 737 ὁ
2497 687 2652 753 ἆγιος
2681 684 2778 736 καὶ
2811 683 3005 750 φύλαξ,
3058 683 3153 736 καὶ
3199 683 3306 752 προ
3336 680 3438 751 τῆς
3471 681 3613 748 ὑπὲρ

2032 776 2266 846 Χριστοῦ
2323 777 2626 847 μαρτυρίας
2689 775 3022 844 ἐτύγχανεν,
3071 775 3164 826 καὶ
3218 772 3358 844 μετά
3409 771 3614 839 ταύτην

2033 867 2379 937 γνωρίζεται*
2416 869 2528 921 Καὶ
2551 866 2700 932 ἄξιον
2735 865 2903 928 ὅντως
2935 865 3183 928 εὐκλείας
3203 864 3265 916 τὸ
3296 864 3484 931 κτῆμα
3519 865 3607 916 ita"

2035 961 2390 1029 φρυάγματος
2445 959 2688 1030 μείζονος
2720 974 2732 986 ·
2772 957 2836 1010 δι’
2885 954 3052 1009 αὐτοῦ
3093 957 3202 1027 γὰρ
3229 957 3258 1009 ὃ
3293 973 3352 1008 τε
3385 956 3615 1024 Μαρεώ-

2033 1068 2155 1119 της,
2187 1053 2278 1104 καὶ
2307 1053 2340 1122 ἡ
2374 1051 2546 1120 Λιὸύη
2578 1052 2727 1103 πᾶσα
2763 1049 2926 1118 μέχρι
2948 1049 3048 1117 τῆς
3080 1049 3320 1116 τήμερον
3342 1047 3572 1118 ἕστηκεν
3599 1063 3612 1078 ·

2036 1142 2133 1196 καὶ
2158 1142 2218 1195 τὸ
2241 1142 2304 1212 δὴ
2337 1144 2610 1211 μέγιστον,
2641 1142 3073 1212 Ἀλεξάνδρειαὴ
3107 1140 3316 1210 μεγάλη
3352 1139 3447 1192 καὶ
3475 1138 3612 1208 λαμο

2038 1233 2155 1305 πρά
2189 1234 2284 1287 καὶ
2333 1234 2708 1304 φιλόχριστος.
2745 1234 2901 1288 Ὀσοι
2941 1233 3072 1300 γοῦν
3115 1231 3294 1284 τὸτοῦ
3345 1230 3616 1300 μάρτυρος

2042 1325 2154 1377 ίστε
2191 1325 2510 1396 μαρτύριον,
2545 1326 2638 1380 καὶ
2672 1325 2732 1378 τὸ
2763 1326 2892 1394 περὶ
2934 1325 3092 1378 τοῦτο
3121 1323 3419 1394 κτημάτων
3443 1362 3458 1386 ,
3485 1327 3618 1374 πάνυ

2039 1431 2132 1476 τες
2155 1413 2510 1483 γιγνώσκετε,
2534 1413 2654 1466 ὅθεν
2679 1416 2704 1466 ὁ
2729 1413 2920 1482 παρὼν
2949 1412 3228 1484 τριϐούνος
3253 1413 3334 1474 είς
3363 1412 3615 1480 διήγησιν

2043 1502 2286 1572 ὥρμητο,
2319 1505 2494 1556 ἐκεῖσε
2535 1503 2818 1573 γεννηθεὶς
2848 1504 2943 1556 καὶ
2963 1503 3193 1573 τραφεὶς
3219 1503 3312 1556 καὶ
3342 1504 3422 1564 εἰς
3445 1501 3612 1572 ἄνδρα

2041 1595 2246 1648 τέλειον
2275 1596 2624 1666 ἀφικόμενος.

2162 1773 2284 1840 bro;
2308 1779 2446 1831 πάνυ
2482 1777 2670 1840 δεινῶς
2706 1777 3010 1847 ἀσθενήσας
3043 1777 3142 1847 τὴν
3164 1777 3378 1846 ὅρασιν,
3411 1776 3506 1830 καὶ
3542 1776 3615 1846 μὴ

2043 1869 2217 1939 τυχὼν
2246 1869 2430 1940 ἰατροῦ
2455 1869 2751 1940 δυναμένου
2777 1869 2836 1922 τὸ
2868 1869 3038 1932 πάθος
3067 1869 3342 1936 ίάσασθαι,
3371 1869 3508 1938 πρὸς
3537 1886 3618 1920 τε-

2043 1961 2190 2018 λείαν
2213 1961 2498 2014 ἐλαύνεται
2529 1960 2823 2028 τύφλωσιν,
2857 1960 2932 2022 ὡς
2968 1952 3104 2030 μηδὲ
3126 1961 3319 2024 νυκτὸς
3347 1960 3614 2013 ἀπουσίαν

2047 2052 2181 2125 μηδὲ
2225 2051 2530 2122 παρουσίαν
2561 2053 2778 2123 ἡμέρας
2826 2051 3154 2105 ἐπίστασθαι
3200 2052 3254 2106 εἴ
3293 2069 3435 2114 τινος
3471 2051 3614 2102 λίποι

2043 2143 2136 2196 τοῦ
2163 2142 2570 2210 διαγγέλλοντος
2599 2160 2614 2174 ·
2647 2142 2938 2212 μεμυκότα
2977 2142 3084 2212 γὰρ
3114 2141 3238 2211 ἔσχε
3269 2145 3338 2194 τὰ
3369 2141 3612 2210 lippam,

2045 2235 2140 2287 καὶ
2191 2234 2458 2303 μηδαμῶς
2505 2235 2829 2302 ἀνοιγόμενα
2862 2252 2876 2265 ·
2907 2234 3039 2304 μηδὲ
3081 2231 3334 2304 χωρίζειν
3371 2233 3616 2303 ἀλλήλοιν

2044 2327 2344 2396 δυνάμενος
2393 2327 2468 2388 ὡς
2513 2326 2624 2380 ἀπὸ
2689 2326 2884 2396 κολλῆς
2929 2343 3071 2388 τινος
3111 2326 3510 2396 προσηλωμένα
3549 2328 3616 2377 τὰ

2047 2417 2310 2488 βλέφαρα.
2344 2418 2452 2472 Καὶ
2482 2417 2739 2485 τοιαύτην
2766 2418 2794 2468 ό
2829 2417 3110 2488 τριὸοῦνος
3147 2418 3285 2487 ἔχων
3312 2419 3613 2475 ἀσθένεια-ι,

2043 2511 2143 2562 οὐκ
2181 2509 2399 2580 ἠπίστει
2425 2508 2608 2580 Κύρου
2629 2507 2729 2560 ’καὶ
2773 2509 3018 2562 Ἰωάννου
3049 2511 3114 2580 τῇ
3147 2510 3350 2578 χάριτι,
3386 2508 3500 2560 ἀλλ’
3527 2509 3618 2560 εύο

2047 2600 2220 2663 σεσῶς
2243 2601 2336 2654 καὶ
2361 2600 2436 2653 δι)
2451 2600 2584 2664 αίως
2633 2602 2940 2662 ἐπίστευεν,
2974 2600 3048 2662 ὡς
3087 2602 3136 2654 εί
3161 2600 3409 2670 πρόσφυξ
3436 2600 3614 2654 αὐτῶν

2045 2691 2374 2760 ἀφικόμενος
2403 2691 2629 2760 γένοιτο,
2662 2693 2877 2754 πάντως
2912 2691 2972 2744 τὸ
3001 2675 3217 2761 βλέπειν
3249 2691 3564 2762 κομίσηται,
3589 2691 3617 2744 δ

2047 2783 2140 2835 καὶ
2181 2780 2376 2850 πράξει
2408 2781 2786 2852 πεπλήρωται.
2828 2782 2887 2834 '0
2919 2781 3025 2852 γὰρ
3066 2784 3244 2835 πίστει
3277 2781 3614 2852 βεϐαιωθεὶς,

2047 2871 2140 2924 καὶ
2187 2870 2392 2940 ταύτης
2436 2869 2530 2923 τὸν
2574 2869 2826 2940 θεμέλιον
2879 2869 3017 2940 ἔχων
3068 2870 3384 2936 ἀσάλευτον,
3427 2869 3616 2922 εἴωθεν

2045 2963 2332 3032 τυγχάνειν
2365 2962 2458 3015 καὶ
2501 2964 2614 3026 τοῖς
2643 2964 2700 3016 ὲν
2732 2960 2912 3033 ἔργοις
2947 2961 3084 3032 πρὸς
3127 2961 3312 3030 φίλους
3342 2961 3614 3028 τελειότη-

2045 3070 2133 3116 τος
2164 3070 2176 3084 ·
2211 3054 2333 3106 ἐπεὶ
2379 3055 2566 3124 μηδεὶς
2611 3053 2907 3117 πιστεύσας
2949 3054 3094 3124 παρὰ
3137 3055 3271 3107 Θεοῦ
3307 3053 3617 3108 καταλέλει-

2052 3160 2200 3206 πται,
2243 3145 2358 3196 ἀλλ’
2393 3146 2470 3204 ὡς
2498 3145 2750 3198 ἐπίστευε
2777 3147 2989 3213 γέγονε,
3024 3145 3117 3196 καὶ
3149 3143 3340 3214 μισθὸν
3368 3145 3492 3215 ἔσχε
3518 3145 3619 3214 τῆς

2053 3233 2287 3295 πίστεως
2315 3233 2411 3302 τὴν
2439 3233 2548 3286 τῶν
2581 3235 2929 3304 ποθουμὲνων
2957 3234 3274 3289 ἀπόλαυσιν.

2133 3421 2219 3474 Ἐν
2251 3421 2326 3489 τῷ
2358 3421 2641 3490 μαρτυρίῳ
2670 3419 2800 3488 γοῦν
2824 3421 2950 3474 ’τῶν
2979 3421 3146 3488 ἁγίων
3183 3422 3488 3492 γενόμενος,
3529 3425 3620 3476 καὶ

2048 3513 2126 3582 τῷ
2156 3515 2218 3565 ἐκ
2257 3511 2524 3580 γεννητῆς
2554 3511 2740 3582 τυφλῷ
2773 3511 2870 3583 τὴν
2913 3513 3096 3565 πίστιν
3128 3511 3264 3582 ἔχων
3300 3515 3616 3584 ἐφάμιλλον,

2050 3608 2170 3658 κατ’
2197 3607 2404 3659 ἐκεῖνον
2429 3605 2789 3675 κοιμώμενος,
2833 3606 2968 3676 πρὸς
2989 3606 3088 3675 τῆς
3113 3606 3221 3661 τῶν
3253 3607 3422 3675 ἁγίων
3452 3609 3618 3679 ἤκουε

2049 3698 2289 3768 χάριτος,
2319 3698 2536 3766 ’Ὕπαγε
2569 3697 2717 3768 νίψαι
2751 3699 2830 3760 είς
2871 3697 2961 3750 τὸν
2991 3699 3234 3769 Σιλωὰμ,
3267 3701 3360 3753 καὶ⁵
3391 3701 3619 3752 ἀναϐλέ-

2050 3807 2194 3852 πεις.
2221 3788 2473 3860 Μιμηταὶ
2513 3789 2619 3863 γὰρ
2650 3783 2794 3844 οὗτοι
2839 3789 2936 3843 τοῦ
2977 3791 3228 3859 Σωτῆρος
3262 3793 3618 3862 ὑπάρχοντες,

2047 3885 2160 3945 τοῖς
2199 3882 2364 3935 αὑτοῦ
2406 3881 2699 3954 κέχρηνται
2747 3882 3006 3952 ῥήμασιν,
3055 3881 3143 3936 διὰ
3190 3884 3406 3936 πάντων
3451 3883 3621 3946 δεῖξαι

2053 3973 2444 4037 σπουδάζοντες
2467 3973 2574 4026 τῶν
2603 3974 2867 4042 ἰαμάτων,
2891 3973 3012 4026 ὅθεν
3035 3973 3132 4044 τὴν
3156 3973 3316 4044 χάριν
3339 3973 3618 4044 ἀρύονται.

2063 4065 2120 4116 '0
2142 4065 2310 4117 νοσῶν
2335 4063 2392 4116 δὲ
2415 4063 2510 4116 τοῦ
2539 4063 2648 4116 τῶν
2679 4063 2974 4134 μαρτύρων
2997 4062 3240 4126 ἀκούσας
3272 4065 3622 4134 προστάγμα-

2049 4171 2160 4218 τος,
2191 4155 2287 4225 τὴν
2319 4155 2480 4221 ἁγίαν
2508 4153 2744 4225 Χριστοῦ
2777 4153 2870 4208 τοῦ
2899 4153 3037 4206 Θεοῦ
3073 4153 3231 4224 ἡμῶν
3265 4155 3418 4206 πόλιν
3443 4155 3624 4208 mersi-

2050 4241 2208 4316 ληφε,
2241 4248 2334 4300 καὶ⁴
2362 4247 2637 4300 κατελθὼν
2667 4247 2748 4310 είς
2785 4247 2879 4300 τὸν
2904 4245 3146 4314 Σιλωὰμ,
3170 4249 3284 4310 τοϊς
3315 4247 3508 4300 τούτου
3545 4265 3622 4298 νι-

2049 4337 2290 4406 ψάμενος
2313 4338 2520 4402 ὕδασιν,
2544 4337 2746 4401 εὺθέως
2765 4337 3076 4407 ἀνέϐλεψεν.
3115 4336 3355 4391 Ἐκεῖθεν
3383 4338 3438 4391 δὲ
3461 4337 3621 4392 πάλιν

379 4459 526 4506 nem,
562 4444 628 4496 ad
655 4450 877 4496 sanctos
901 4455 1098 4496 rursus
1127 4441 1393 4505 occurrit,
1429 4450 1482 4494 et
1511 4438 1654 4508 apud
1687 4454 1781 4496 eos
1811 4439 1943 4493 rosi-

2051 4431 2192 4504 ὁρῶν
2247 4432 2596 4501 ἀφικόμενος,
2651 4429 2808 4496 εἰδὼς
2863 4431 2958 4484 τοῦ
2987 4431 3096 4484 τῶν
3139 4431 3315 4501 ὄψεων
3343 4430 3517 4502 δώρου
3561 4430 3622 4483 τὺ

377 4537 487 4587 duo
511 4535 633 4588 vitae
654 4543 896 4600 tempore
925 4532 1212 4589 habitavit,
1235 4529 1407 4584 donec
1429 4530 1708 4583 dormiens
1739 4530 1789 4582 in
1819 4543 1949 4597 pace

378 4626 770 4692 requiesceret,
803 4623 1046 4677 bonitate
1079 4623 1237 4676 nobis
1267 4630 1487 4676 ostensa
1514 4637 1676 4690 quam
1701 4637 1828 4686 erga
1859 4621 1950 4672 be-

380 4713 688 4768 oel‘actores
731 4713 933 4767 habere
962 4697 1246 4768 debemus.

453 4897 517 4951 Et
549 4897 806 4952 tribunus
837 4897 1080 4966 quidem.
1110 4898 1292 4950 taliter
1355 4912 1456 4966 ope
1512 4903 1788 4967 percepta,
1848 4897 1949 4950 title

382 5008 444 5045 ae
489 4991 868 5045 incolumitate
891 4989 1005 5058 jam
1031 4989 1175 5045 dicta
1211 4989 1414 5058 potitus
1439 4997 1543 5043 est.
1579 4989 1734 5043 Alius
1763 4995 1948 5042 autem

380 5085 602 5149 quidam
641 5080 1023 5135 'l‘abt-nnensis
1051 5081 1374 5143 monactnzs,
1410 5094 1472 5132 ex
1511 5078 1594 5132 his
1623 5079 1716 5148 qui
1745 5087 1950 5148 patrem

379 5183 435 5226 ct
483 5171 703 5238 Optimae
737 5172 862 5226 vita:
893 5171 1218 5241 magistrum
1255 5186 1510 5238 niagnum
1543 5185 1603 5224 se
1649 5169 1953 5238 gloriantur

381 5265 642 5320 habuisse
679 5261 1060 5327 Pachomitnn,
1103 5273 1362 5331 tanquam
1398 5278 1522 5314 eum
1577 5264 1669 5329 qui
1721 5263 1952 5315 conver-

382 5357 613 5410 sationis
645 5370 835 5410 eorum
872 5355 1036 5409 fuerit
1061 5362 1273 5417 auctor,
1295 5352 1580 5422 tactusque
1613 5353 1780 5409 siteis
1808 5353 1953 5406 scala

382 5463 410 5498 ει
437 5458 580 5501 terra
603 5447 816 5502 ducens
842 5447 910 5502 ad
935 5447 1162 5512 cmlum,
1196 5445 1396 5500 Irilmni
1429 5448 1740 5514 languorem
1775 5444 1954 5498 ferens

386 5536 451 5588 ad
487 5547 760 5607 martyres
797 5537 965 5592 venit.
1035 5537 1099 5590 Et
1129 5537 1316 5591 eadem
1355 5540 1423 5589 ah
1461 5536 1541 5588 eis
1589 5535 1774 5588 audita
1831 5535 1952 5601 jus-

386 5630 562 5692 eiom,
595 5630 741 5685 Vade
774 5629 1112 5694 dicentibus,
1169 5629 1285 5682 lava
1329 5628 1382 5681 in
1441 5629 1612 5688 Siloa,
1661 5636 1713 5680 et
1767 5627 1953 5692 vides;

381 5721 739 5777 El'ahilalorio
770 5721 850 5776 eis
879 5721 1072 5776 atl‘ectu
1107 5720 1384 5789 respondit
1415 5738 1426 5772 :
1481 5720 1572 5772 Ille
1604 5719 1820 5787 quidem
1851 5736 1950 5771 ra:-

2055 4523 2302 4592 μέγεθος,
2348 4525 2461 4586 τοῖς
2490 4522 2666 4592 ἁγίοις
2709 4523 2864 4585 αὖθις
2914 4523 3317 4594 προσέδραμεν,
3352 4526 3444 4576 καὶ
3487 4525 3620 4594 παρ’

2049 4615 2234 4676 αὐτοῖς
2253 4613 2342 4666 τὸν
2369 4613 2650 4666 ἐπίλοιπον
2666 4611 2757 4666 τοῦ
2785 4614 2898 4684 βίου
2928 4614 3118 4684 χρόνον
3146 4611 3488 4682 κατῴκησεν,
3523 4615 3622 4682 μέ·-

2051 4723 2173 4774 κρις
2211 4698 2272 4758 οὗ
2309 4703 2592 4774 κοιμηθεὶς
2619 4705 2986 4766 ἀνεπαύσατο,
3012 4705 3112 4773 τὴν
3143 4703 3356 4756 εὔνοιαν
3377 4706 3514 4774 ἡμῖν
3543 4706 3625 4756 ἐν·

2051 4799 2417 4868 δεικνύμενος,
2451 4799 2518 4869 ἢν
2558 4797 2690 4867 πρὸς
2713 4797 3006 4866 εὐεργέτας
3036 4797 3179 4867 ἔχειν
3206 4797 3514 4866 ὀφείλομεν.

2123 4890 2231 4945 Καὶ
2268 4890 2550 4962 τριϐοῦνος
2593 4892 2688 4959 μὲν
2723 4889 2894 4952 οὓτως
2943 4889 3220 4949 ἀπώνατο,
3268 4887 3502 4952 πίστεως
3532 4889 3624 4941 καὶ

2054 4983 2272 5052 ῥώσεως
2303 4983 2402 5051 τῆς
2432 4982 2715 5052 λεχθείσης
2747 4982 3032 5051 ἐπέτυχεν.
3063 4981 3254 5044 ’Ἄλλος
3278 4981 3334 5034 δέ
3361 4999 3442 5044 τις
3462 4997 3625 5046 μονα-

2055 5077 2183 5145 στὴς
2212 5075 2660 5145 Ταὸεννησιώτης
2691 5075 2781 5128 τὸν
2829 5075 3081 5144 πατέρων
3109 5075 3322 5142 πατέρα
3353 5075 3448 5128 καὶ
3480 5074 3625 5143 ζωῆς

2053 5167 2280 5239 ἀρίστης
2311 5168 2627 5222 διδάσκαλον
2656 5168 2746 5220 τὸν
2785 5168 2957 5237 μέγαν
2986 5167 3294 5236 αὐχούντων
3323 5168 3622 5238 Παχόμιον,

2052 5261 2126 5324 ὡς
2158 5261 2256 5330 τῆς
2295 5261 2472 5314 αὐτῶν
2507 5261 2778 5324 πολιτείας
2812 5261 3126 5330 ἀρχηγέτην
3170 5260 3463 5329 γενόμενον
3485 5299 3500 5322 ,
3529 5261 3626 5313 καὶ

2054 5351 2254 5422 κλίμαξ
2293 5353 2476 5416 αὐτοῖς
2503 5351 2744 5420 γεγονὼς
2787 5353 2920 5422 πρὸς
2959 5351 3188 5421 οὐρανὸν
3220 5352 3328 5404 ἀπὸ
3359 5351 3460 5420 γῆς
3489 5352 3620 5403 ἀνα·

2055 5446 2317 5512 φέρουσα,
2349 5445 2409 5497 τὸ
2449 5444 2541 5497 τοῦ
2569 5444 2851 5514 τριόούνου
2885 5445 3064 5512 φέρων
3107 5441 3449 5514 ἀρρώστημα
3475 5427 3624 5518 ’πρὸς

2055 5538 2178 5599 τοὺς
2211 5537 2491 5606 μάρτυρας
2533 5536 2772 5606 ἔρχεται,
2808 5537 2902 5588 καὶ
2941 5535 3040 5602 τῆς
3079 5535 3250 5603 αὐτῆς
3282 5533 3417 5603 πρὸς
3446 5531 3625 5587 αὐτῶν

2055 5626 2294 5689 ἀκούσας
2325 5627 2648 5690 κελεύσεως,
2674 5628 2889 5694 ”)’τ.αγε
2911 5625 3383 5695 λεγόντωνςνίψαι
3415 5627 3493 5688 είς
3531 5627 3626 5678 τὸν

2059 5716 2280 5784 Σιλωὰμ
2327 5716 2420 5769 καὶ
2451 5717 2776 5780 ἀναϐλέπεις
2801 5762 2813 5784 ,
2845 5720 3141 5788 χαριέντως
3174 5718 3356 5780 αὐτοῖς
3398 5715 3613 5788 ἁπεκρί-
