4060 6236
249 219 386 282 3539

1185 221 1248 282 S.
1281 220 1694 282 SOPHRONII
1737 217 2244 279 PATRIARCHzE
2286 219 2693 279 HIEROSOL.

3364 211 3504 275 3605i

246 342 423 385 cret-os
449 327 734 384 nominare
770 328 987 395 solent;
1040 328 1151 399 jam
1200 346 1308 385 non
1352 330 1591 386 laborem
1629 332 1817 400 quem-

1941 327 2139 380 Βλέπων
2184 326 2437 396 ἐλέγετο·
2473 328 2615 380 οὕτω
2656 326 2766 398 γάρ
2810 325 3072 396 εὐφήμως
3117 324 3243 388 τοὺς
3273 324 3511 392 τυφλοὺς

246 421 375 477 libet
428 429 693 493 praestans
743 420 791 477 ei
848 420 942 491 qui
1000 429 1162 477 antea
1202 423 1521 478 medebatur
1566 441 1580 478 :
1627 425 1827 479 etenim

243 514 531 585 albugines
564 514 618 568 in
654 514 925 570 ambobus
957 514 1135 569 oculis
1178 514 1406 579 habens,
1444 515 1736 584 pessimam
1760 516 1827 569 li-

245 608 511 664 bertatem
571 607 806 677 accepit,
870 608 940 661 ob
989 620 1153 676 quam
1219 606 1449 663 ulterius
1490 607 1831 676 Asclepiadis

245 696 472 753 minime
492 697 868 766 subdebatur;
892 698 986 753 sed
1011 698 1243 754 habebat
1271 700 1571 755 caecitatem
1603 701 1832 771 inexpu—
1886 752 1892 757 .

244 785 519 855 gnabilem
549 784 853 851 dominam,
884 800 1007 856 qua:
1038 800 1097 842 se
1129 788 1288 855 quasi
1319 801 1583 842 mucrone
1607 796 1826 857 captum

244 893 275 933 a
297 877 529 934 medicis
548 878 938 947 subripuerat:
964 889 1155 934 contra
1181 894 1345 947 quam
1369 878 1480 948 jam
1503 893 1828 950 repugnare,

243 968 388 1026 etab
414 985 477 1025 ea
496 972 772 1042 captivum
802 972 1069 1041 recipere,
1097 971 1358 1026 omnibus
1374 978 1491 1025 erat
1516 971 1829 1025 hominibus

246 1061 611 1132 impossibile,
642 1060 745 1118 soli
776 1072 958 1117 autem
989 1060 1097 1115 Deo
1129 1061 1413 1131 possibile,
1436 1068 1490 1115 et
1515 1061 1598 1115 his
1628 1062 1829 1130 quibus

245 1156 317 1211 ab
336 1170 403 1211 eo
426 1154 603 1226 gratia
632 1154 933 1210 sanitatum
962 1153 1248 1216 tribuitur,
1269 1154 1534 1225 apostolis
1555 1153 1828 1220 videlicet,

240 1242 427 1310 justis,
454 1241 760 1312 prophetis.
790 1250 842 1296 et
888 1240 1254 1311 martyribus,
1287 1243 1379 1311 qui
1421 1241 1829 1312 irreprehensi-

190 1336 215 1347 ’
244 1330 428 1384 biliter
459 1330 737 1393 vixerunt,
767 1328 1049 1398 Deumque
1088 1328 1247 1382 bonis
1295 1329 1551 1400 operibus
1578 1328 1830 1398 placave-

246 1423 404 1484 runt;
456 1425 510 1470 et
557 1415 768 1471 idcirco
830 1416 984 1470 illum
1045 1416 1303 1471 omnibus
1355 1430 1479 1486 quae
1535 1415 1825 1482 voluerint,

246 1509 451 1564 habent
479 1510 878 1564 exauditorem.

318 1604 462 1658 ltuos
514 1612 694 1658 autem
741 1617 807 1659 ex
857 1603 959 1657 hac
1009 1602 1164 1658 beata
1222 1612 1277 1657 et
1314 1601 1553 1672 gloriosa
1608 1610 1830 1656 caterva

242 1696 444 1770 Cyrum
493 1698 658 1751 etiam
719 1705 776 1752 et
814 1695 1111 1762 Joannem,
1148 1695 1422 1751 Patricius
1456 1710 1581 1751 esse
1617 1695 1823 1759 sciens,
1865 1681 1906 1737 Β

242 1795 298 1844 et
325 1803 484 1858 posse
506 1802 567 1842 se
606 1787 676 1843 ab
702 1802 891 1842 amara
923 1786 1014 1840 illa
1046 1785 1267 1841 domina
1302 1786 1557 1852 liberare,
1585 1793 1639 1840 et
1665 1786 1829 1841 liber-

243 1890 411 1937 tatem
455 1880 662 1936 donare
702 1895 868 1951 quam
901 1880 1241 1936 medicorum
1270 1880 1523 1932 amittere
1556 1877 1683 1932 fecit
1711 1876 1829 1947 opi-

242 1975 456 2040 tulatio,
486 1973 553 2029 ad
585 1974 708 2028 illos
739 1988 864 2029 cum
904 1973 1008 2027 [ide
1039 1972 1209 2035 venit,
1242 1987 1349 2041 qua
1388 1970 1595 2041 liquido
1623 1970 1831 2025 sciebat

245 2081 406 2135 posse
436 2065 654 2123 ﬂectere
691 2071 980 2135 martyres.
1010 2063 1080 2118 At
1122 2063 1200 2117 illi
1240 2063 1371 2118 huic
1414 2077 1511 2132 per
1554 2061 1828 2116 somnium

244 2169 451 2231 astant,
472 2140 527 2215 et
547 2161 765 2215 modum
789 2157 1045 2215 sanitatis
1075 2158 1407 2212 annuntiant
1435 2175 1449 2211 :
1479 2157 1533 2209 in
1571 2155 1828 2211 balneum

244 2252 444 2321 quippe
477 2249 687 2317 ingredi
719 2248 933 2316 jubent,
986 2256 1040 2301 et
1082 2246 1251 2303 iacies
1309 2246 1496 2301 colore
1558 2245 1738 2312 linire,
1777 2252 1833 2300 et

245 2359 339 2412 per
391 2344 539 2396 hunc
589 2341 765 2396 visum
808 2339 1078 2409 recipere,
1121 2337 1283 2407 cujus
1332 2337 1572 2390 maxima
1618 2350 1743 2404 pars
1775 2343 1835 2389 ut

243 2438 401 2497 aiunt
448 2434 572 2489 calx
624 2441 732 2499 est,
766 2437 1093 2503 priusquam
1150 2429 1407 2485 laticibus
1458 2429 1832 2498 irrigaretur:

246 2527 554 2583 inccnsoria
610 2540 742 2581 vero
779 2532 862 2579 est
914 2523 1032 2578 hazc
1084 2521 1309 2592 oppido,
1348 2528 1403 2577 et
1442 2535 1636 2592 parum
1678 2518 1838 2574 valde

244 2620 504 2676 concedit
549 2617 684 2688 igni,
749 2624 810 2671 ut
861 2617 1098 2672 humana
1134 2628 1365 2681 corpora
1415 2612 1592 2683 magis
1619 2620 1836 2669 exurat.

250 2716 344 2770 Ille
366 2727 497 2769 vero
522 2710 656 2766 nihil
680 2709 746 2763 ad
779 2717 1096 2765 sanctorum
1126 2715 1401 2778 praecepta
1432 2714 1747 2767 cunctatus.
1771 2702 1840 2757 ad

257 2804 512 2859 balneum
547 2797 939 2870 proﬁciscitur,
973 2807 1026 2851 et
1056 2796 1264 2851 cursim
1312 2795 1498 2865 specie
1544 2794 1657 2864 jam
1694 2792 1840 2847 dicta

250 2898 464 2959 linitur,
484 2905 537 2951 et
560 2909 686 2950 cum
713 2892 1006 2949 mansisset
1029 2900 1153 2963 post
1186 2889 1500 2945 unctionem
1523 2904 1840 2958 parumper,

248 3000 308 3045 ut
366 2995 775 3043 consueverunt
831 2986 1011 3041 facere
1072 2984 1165 3055 qui
1227 2982 1473 3053 collyriis
1525 2997 1556 3035 a
1610 2982 1838 3037 medicis

251 3085 613 3152 intinguntur,
647 3079 852 3149 apertis
901 3078 1102 3142 oculis,
1146 3090 1496 3148 compressos
1546 3075 1693 3130 enim
1737 3074 1837 3128 hos

251 3175 510 3238 habebat,
543 3174 702 3239 sedit,
734 3182 787 3229 et
828 3181 1053 3243 repente
1083 3173 1259 3227 visunt
1296 3172 1528 3242 adeptus
1561 3178 1666 3234 est,
1686 3185 1841 3226 more

255 3270 614 3340 lacrymarum
635 3267 914 3338 deponens
933 3265 1215 3336 albugines
1233 3282 1247 3329 ;
1266 3273 1321 3321 et
1342 3265 1447 3319 hoc
1470 3264 1632 3318 modo
1658 3265 1838 3318 lumen

251 3360 414 3416 sicuti
434 3359 586 3430 prius
598 3359 1004 3428 contemplatus
1020 3366 1125 3425 est,
1142 3357 1398 3427 quodque
1416 3355 1662 3427 profecto
1679 3355 1842 3426 colly-

254 3456 351 3510 riis
369 3454 705 3509 medieortnn
732 3453 1008 3507 amiserat.
1027 3454 1154 3506 Erat
1178 3459 1359 3506 autem
1384 3449 1721 3521 inopinatum
1738 3449 1842 3505 mi-

252 3548 529 3615 raculum,
561 3547 766 3619 quippe
803 3562 929 3601 cum
965 3547 1127 3602 etiam
1161 3544 1381 3608 videns,
1407 3543 1660 3597 balneum
1691 3544 1841 3598 exire

252 3657 362 3696 non
399 3648 619 3706 nosset;
652 3655 778 3696 nam
810 3648 866 3694 et
908 3653 1015 3706 qua
1042 3638 1342 3693 intraverat
1376 3634 1691 3701 nesciebat;
1745 3633 1841 3689 sed

252 3733 446 3802 egebat
483 3731 646 3787 etiam
679 3740 811 3786 tunc
851 3729 1100 3794 ductore,
1139 3743 1265 3783 cum
1304 3728 1424 3797 ipse
1458 3725 1674 3780 acutius
1708 3725 1843 3780 duc-

255 3837 374 3883 tore
399 3823 628 3882 videret.
650 3825 728 3880 Es
760 3826 862 3879 hoc
894 3826 1040 3880 enim
1064 3823 1131 3878 ad
1161 3824 1428 3894 templum
1463 3836 1717 3883 currens,
1746 3834 1842 3874 eos

254 3916 348 3985 qui
385 3914 644 3969 videbant
674 3914 729 3968 in
770 3913 1191 3967 admirationem
1236 3912 1500 3971 vertebat.
1533 3918 1588 3966 et
1621 3908 1688 3964 ad
1715 3923 1844 3964 san-

257 4014 472 4059 ctorum
502 4004 659 4060 bona
689 4002 847 4057 famae.
872 4004 1146 4073 praeconia
1172 4002 1638 4072 erigebat.Sanus
1659 4008 1841 4055 autem

256 4102 312 4151 et
348 4094 464 4163 ipse
510 4092 712 4159 factus,
760 4092 1095 4165 martyribus
1129 4092 1221 4162 qui
1268 4100 1598 4148 sanaverant
1635 4091 1845 4147 collau-

260 4186 430 4251 datis,
474 4183 759 4241 Pelusium
805 4185 1110 4254 repedavit.
1141 4186 1208 4240 Et
1238 4199 1339 4239 nos
1371 4198 1592 4254 quoque
1623 4182 1844 4255 hymnis

259 4295 356 4334 ens
387 4288 743 4344 coronantes,
768 4277 1006 4332 aliorum
1044 4276 1155 4332 illis
1195 4277 1525 4347 hymnorum
1576 4273 1840 4339 fomitem,

262 4369 487 4425 alterius
526 4369 776 4425 miraculi
811 4370 1076 4439 scriptum
1109 4367 1419 4424 inferimus.

373 4662 613 4720 XLVIII.
673 4663 750 4718 De
800 4663 1027 4736 Antonio
1070 4664 1291 4736 Theba'o
1343 4667 1434 4736 qui
1483 4667 1742 4722 viscerum

759 4733 1064 4804 patiebatur
1099 4734 1354 4791 dolorem.

337 4820 532 4881 Adhuc
587 4825 917 4883 clamantem
985 4825 1241 4882 audimus
1294 4828 1616 4894 Antonium,
1674 4828 1854 4884 adhuc

271 4933 501 4990 magnas
545 4916 889 4975 emittentem
937 4932 1123 4985 voces,
1169 4918 1351 4974 adhuc
1397 4920 1596 4976 eximie
1649 4919 1857 4976 vocife-

269 5017 503 5073 rantem,
550 5024 663 5065 non
718 5018 942 5080 propter
984 5009 1305 5081 languorem
1337 5012 1432 5081 qui
1462 5010 1622 5083 fugit,
1657 5012 1750 5068 sed
1784 5012 1855 5067 ob

270 5100 501 5170 gratiam
554 5113 678 5170 quae
731 5098 996 5167 attributa
1033 5109 1137 5161 est.
1190 5114 1354 5166 quam
1405 5102 1576 5157 taceri
1630 5109 1859 5172 propter

272 5191 502 5246 multam
536 5207 647 5247 non
688 5191 823 5249 sinit
851 5192 1315 5258 benevolentiam,
1346 5192 1442 5249 sed
1475 5208 1601 5249 cum
1632 5194 1858 5265 reliquis

272 5285 451 5352 poscit
493 5284 908 5341 narrationibus
937 5284 1278 5343 dinumerari
1313 5300 1453 5355 quas
1469 5284 1584 5352 jam
1608 5285 1859 5355 descrip-

275 5376 475 5440 simus,
499 5384 556 5432 et
591 5393 757 5434 unam
782 5378 899 5434 ﬁeri
936 5393 1062 5435 cum
1096 5379 1290 5434 horum
1323 5378 1614 5448 scripturis
1651 5393 1863 5433 connu-

279 5466 598 5535 merandam
622 5485 639 5537 ;
667 5469 827 5541 cujus
856 5469 1197 5528 voluntatem
1223 5470 1529 5533 laudantes,
1546 5470 1860 5541 petitionem

192 5578 211 5593 -
279 5557 443 5621 citius
478 5560 823 5631 impleamus.

357 5652 625 5710 Thebans
652 5663 774 5711 erat
799 5653 1096 5721 Antonius,
1140 5662 1195 5710 et
1239 5652 1377 5711 civis
1424 5650 1720 5709 Thebaidis
1756 5654 1865 5708 An-

1929 415 2310 488 όνομάζουσιν,
2350 416 2549 487 μηκέτι
2580 417 2748 469 κόπον
2771 417 2896 469 τινὰ
2933 414 3307 486 παρεχόμενος
3339 413 3417 484 τῷ
3446 413 3508 466 τὸ

1932 507 2063 580 πρὶν
2096 507 2259 563 αὐτὸν
2324 507 2663 579 ίατρεύοντι·
2712 505 2960 577 ἐσχηκὼς
3014 506 3125 574 γάρ
3176 507 3233 558 ἐν
3266 505 3510 575 ὄμμασιν

1931 597 2264 668 ἀμφοτέροις
2285 596 2635 668 λευκώματα,
2660 597 2927 668 κακίστην
2944 593 3255 664 ἐλευθερίαν
3270 595 3509 661 ἐδέξατο,

1931 688 2001 741 δι’
2028 684 2095 759 ἧς
2122 688 2304 742 οὐκέτι
2331 690 2443 751 τοῖς
2479 686 2903 754 Ἀσκληπιάδαις
2937 686 3218 752 ὑπέκειτο,
3238 685 3354 739 ἀλλ’
3386 683 3513 756 ἔσχε

1931 779 2030 851 τὴν
2060 779 2336 849 τύφλωσιν
2385 781 2598 849 ἄμαχον
2640 778 2949 843 δέσποιναν,
2972 776 3312 849 δορυάλωτον
3349 775 3514 830 αὑτὸν

1932 871 2042 924 τῶν
2084 870 2284 941 ἰατρῶν
2315 870 2744 941 ἀφαρπάσασαν,
2781 870 2849 940 ἢν
2877 869 2940 922 τὸ
2987 868 3176 922 λοιπὸν
3209 867 3519 934 καταγωνί-

1935 964 2132 1017 σασθαι
2162 963 2257 1015 καὶ
2292 963 2476 1015 λαϐεῖν
2508 962 2604 1016 ἀπ’
2632 962 2800 1031 αὐτῆς
2833 962 2923 1016 τὸν
2951 960 3319 1032 αἰχμάλωτον.
3352 960 3514 1013 πᾶσιν

1932 1056 2244 1126 ἀνθρώποις
2286 1055 2534 1126 ὑπῆρχεν
2595 1054 2878 1117 ἀδύνατον,
2918 1054 3064 1126 μόνῳ
3109 1054 3167 1107 δὲ
3219 1052 3341 1122 Θεῷ
3389 1054 3518 1124 ῥᾷον

1932 1155 2254 1225 ἐτύγχανεν,
2278 1155 2372 1207 καί⁵
2409 1156 2520 1216 τοῖς
2548 1154 2643 1207 ἀπ’
2669 1153 2836 1207 αὑτοῦ
2866 1149 3232 1223 δωρουμένους
3264 1151 3468 1220 ίάματα
3499 1165 3515 1180 ·

1931 1246 2222 1302 ἀπόστολοι
2277 1246 2322 1301 δ’
2381 1240 2531 1300 οὗτοι
2587 1247 2684 1299 καὶ
2719 1246 2918 1301 δίκαιοι
2956 1244 3051 1297 καὶ
3101 1241 3380 1312 προφῆται
3427 1240 3521 1294 καὶ

1936 1340 2211 1410 μάρτυρες
2250 1340 2558 1409 ἀμέμπτως
2593 1338 2907 1411 βιώσαντες,
2960 1337 3053 1390 καὶ
3078 1336 3213 1390 Θεὸν
3253 1332 3519 1405 θεραπεύ-

1934 1449 2128 1494 σαντες
2178 1446 2192 1460 ⁶
2226 1431 2322 1484 καὶ
2351 1431 2441 1484 διὰ
2489 1431 2648 1484 τοῦτο
2679 1430 3001 1501 πειθόμενον
3030 1429 3089 1483 ὲν
3119 1427 3324 1482 ἅπασιν
3351 1425 3520 1479 αὑτὸν

1933 1520 2014 1589 οἷς
2044 1525 2322 1578 ἐθέλουσιν
2347 1524 2560 1595 ἔχοντα.
2946 1594 2951 1598 ⁸

2004 1618 2108 1670 Δύο
2136 1617 2192 1670 δὲ
2225 1617 2428 1686 ταύτης
2459 1619 2559 1686 τῆς
2597 1615 2871 1686 μακαρίας
2896 1616 2990 1670 καὶ
3012 1615 3274 1687 λαμπρᾶς
3304 1613 3519 1685 όμηγύ-

1937 1728 2076 1782 ρεως
2110 1712 2202 1764 καὶ
2262 1709 2445 1783 Κῦρον
2491 1711 2585 1763 καὶ
2628 1711 2879 1780 Ἰωάννην
2902 1708 3061 1773 εἰδὼς
3115 1711 3143 1764 ό
3202 1708 3518 1779 Πατρίκιος,

1935 1802 2031 1856 καὶ
2061 1801 2393 1871 δυναμένους
2422 1801 2587 1855 αὐτὸν
2608 1803 2707 1872 τῆς
2742 1803 2947 1872 πικρᾶς
2980 1802 3197 1871 ἐκείνης
3227 1799 3521 1868 δεσποίνης

1935 1893 2336 1966 λυτρώσασθαι,
2403 1894 2498 1947 καὶ
2552 1894 2651 1963 τὴν
2707 1892 3020 1965 ἐλευθερίαν
3065 1894 3416 1964 χαρίσασθαι,
3451 1894 3521 1966 ἢν

1940 1986 2139 2056 ἰατρῶν
2193 1986 2385 2057 ἀρωγὴ
2426 1984 2875 2056 προσαπώλεσεν,
2932 1985 3071 2054 μετά
3113 1984 3350 2048 πίστεως
3384 1985 3520 2054 πρὸς

1937 2078 2132 2142 αὐτοὺς
2167 2076 2408 2150 ἔρχεται,
2455 2076 2659 2149 ταύτην
2695 2077 2885 2147 σαφῶς
2924 2077 3291 2147 ἐπιστάμενος
3333 2078 3520 2129 πεῖσαι

1938 2169 2245 2240 δυναμένην
2287 2170 2415 2233 τοὺς
2464 2169 2770 2240 μάρτυρας.
2821 2170 2883 2224 Οἱ
2927 2170 2984 2223 δὲ
3018 2168 3193 2239 τούτῳ
3235 2172 3356 2223 κατ’
3386 2169 3520 2239 ὖ-ιαρ

1943 2262 2323 2332 παρίστανται,
2366 2263 2458 2314 καὶ
2487 2267 2579 2315 τὸν
2602 2262 2808 2331 τρόπον
2831 2262 2931 2331 τῆς
2964 2261 3156 2328 ὑγείας
3198 2262 3517 2332 μηνύουσιν·

1942 2354 2021 2415 εἰς
2053 2352 2115 2405 τὸ
2149 2353 2370 2422 λουτρὸν
2394 2355 2503 2423 γὰρ
2524 2352 2713 2407 τοῦτον
2742 2353 2877 2407 ίέναι
2908 2353 3241 2418 κελεύουσιν,
3274 2354 3370 2408 καὶ
3391 2353 3524 2406 λαϐε-

1943 2446 2069 2516 νείῳ
2101 2446 2198 2508 τὰς
2223 2445 2375 2515 ὄψεις
2398 2445 2737 2517 ἐγχρίεσθαι,
2760 2446 2854 2499 καὶ
2881 2446 2968 2498 διὰ
2994 2444 3182 2498 τούτου
3213 2445 3273 2498 τὸ
3301 2445 3522 2514 βλέπειν

1944 2537 2300 2606 κομίζεσθαιο
2331 2532 2392 2592 οὗ
2422 2538 2482 2591 τὸ
2521 2537 2795 2602 πλεῖστον,
2834 2537 2910 2601 ὡς
2956 2537 3233 2604 λέγουσιν,
3261 2537 3523 2602 ἀσϐεστός

1945 2631 2093 2683 ἐστιν
2127 2629 2201 2695 ὼς
2235 2628 2497 2701 βραχεῖσα
2536 2629 2754 2700 πρῶτον
2800 2631 2860 2683 ἐν
2916 2629 3104 2683 ὕδατι·
3161 2629 3432 2700 καυστικὴ
3476 2629 3522 2682 δ’

1946 2720 2085 2792 αὕτη
2115 2721 2234 2777 λίαν
2258 2722 2616 2791 καθέστηκεν,
2641 2723 2736 2775 καὶ
2756 2721 2913 2789 ὀλίγα
2953 2723 3092 2776 πάνυ
3121 2720 3524 2792 παραχωροῢσα

1948 2818 2080 2888 πυρὶ
2103 2816 2240 2887 πρὸς
2266 2817 2328 2868 τὸ
2370 2815 2567 2886 μᾶλλον
2599 2814 2777 2869 καίειν
2817 2814 3135 2887 ἀνθρώπινα.
3181 2815 3427 2890 σώματα.
3463 2812 3524 2867 '0

1947 2906 2003 2960 δέ
2044 2908 2210 2978 μηδὲν
2252 2908 2329 2971 είς
2358 2908 2428 2961 τὰ
2468 2906 2577 2961 τῶν
2608 2907 2780 2974 ἁγίων
2811 2907 3073 2969 ἐνδυάσας
3105 2906 3522 2975 προστάγματα,

1950 3000 2027 3062 είς
2059 3001 2118 3052 τὸ
2139 2999 2361 3069 λουτρὸν
2388 3000 2525 3071 μετὰ
2543 3000 2633 3053 τὸν
2655 3000 2862 3068 ὄνειρον
2898 2992 3087 3063 ἔξεισι,
3123 2999 3220 3052 καὶ
3265 2998 3524 3069 δρομαῖος

1940 3091 2032 3143 τοῦ
2073 3090 2354 3160 λεχθέντος
2382 3091 2556 3155 εἴδους
2610 3093 2921 3162 ἐγχρίεταιο
2955 3093 3049 3143 καὶ
3110 3089 3300 3159 μείνας
3345 3086 3520 3158 βραχὺ

1944 3182 2081 3252 μετά
2109 3184 2207 3251 τὴν
2235 3182 2568 3253 ἐγχείρησιν,
2593 3201 2782 3254 ωσπερ
2814 3182 3075 3236 εἰώθασιν
3102 3184 3275 3235 ποιεῖν
3309 3183 3356 3234 oi
3395 3181 3523 3234 κολ-

1939 3272 2176 3342 λουρίοις
2204 3271 2355 3343 παρά
2396 3274 2600 3344 ίατροῖς
2640 3272 2987 3350 ἐγχριόμενοι
3012 3288 3025 3303 ο
3062 3271 3280 3335 ἀνοίξας
3324 3270 3380 3322 δὲ
3415 3271 3521 3324 πά-

1941 3364 2023 3418 λιν
2055 3364 2128 3419 τά
2161 3365 2405 3435 ὄμματα,
2434 3366 2719 3435 μεμυκότα
2751 3368 2861 3437 γὰρ
2889 3365 3028 3436 ἔχων
3054 3363 3228 3418 ταῦτα
3261 3364 3519 3433 ἐκάθητο,

1950 3456 2146 3527 ἀθρόον
2198 3456 2492 3526 ἀνέϐλεψεν
2519 3496 2533 3518 ,
2574 3456 2825 3527 δακρύων
2876 3457 3033 3529 δίκην
3086 3454 3420 3523 καταγαγὼν
3454 3455 3522 3507 τὰ

1941 3547 2292 3620 λευκὼματα,
2343 3551 2438 3602 καὶ
2485 3538 2643 3601 ταὺτὶ
2680 3549 2740 3601 τὸ
2793 3547 2910 3618 φῶς
2943 3550 3016 3611 ὠς
3045 3548 3193 3601 ἔστιν
3238 3547 3520 3604 ἐθεάσατο,

1943 3641 2080 3711 ὅπερ
2119 3640 2318 3711 ἰατρῶν
2343 3638 2675 3710 κολλουρίοις
2707 3640 3006 3694 ἀπώλεσεν.
3026 3637 3132 3691 Ἶίν
3161 3638 3217 3690 δὲ
3243 3639 3303 3690 τὸ
3339 3637 3524 3707 θαῦμα

1944 3730 2248 3803 παράδοξον
2268 3747 2282 3763 ο
2310 3732 2402 3785 καὶ
2431 3731 2646 3802 βλέπων
2676 3731 2784 3802 γὰρ
2814 3731 2874 3783 τὸ
2907 3729 3131 3801 λουτρὸν
3169 3728 3403 3793 ἐξελθεῖν
3424 3730 3524 3781 οὐκ

1944 3824 2263 3892 ἐγίνωσκεν,
2330 3824 2453 3875 ἐπεὶ
2488 3823 2610 3893 μηδ’
2639 3823 2758 3887 οῖας
2809 3820 3056 3891 εἰσῆλθεν
3088 3820 3374 3890 ἠπίστατο,
3410 3819 3521 3871 ἀλλ’

1944 3915 2123 3969 ἐδέετο
2154 3917 2247 3969 καὶ
2274 3914 2393 3967 τότε
2416 3913 2513 3968 τοῦ
2545 3914 2952 3985 ποδηγήσαντος
2980 3912 3141 3966 πλέον
3169 3912 3330 3973 αὐτὸς
3369 3911 3524 3965 τοῦτο

1946 4006 2264 4078 διηγοῦντος
2283 4005 2575 4074 θεώμενος.
2613 4005 2709 4059 Ἐκ
2736 4003 2931 4058 τούτου
2961 4002 3017 4057 δὲ
3043 4001 3266 4074 δραμὼν
3302 4003 3437 4074 πρὸς
3465 4002 3528 4055 τὸ

1945 4101 2194 4169 τέμενος.
2224 4100 2350 4162 τοὺς
2379 4097 2625 4169 ὁρῶντας
2655 4096 2977 4167 ἐξέπληττε,
3011 4097 3105 4150 καὶ
3131 4095 3269 4165 πρὸς
3294 4096 3394 4159 τὰς
3418 4096 3521 4148 τῶν

1946 4191 2118 4261 ἁγίων
2154 4190 2430 4260 εὐφημίας
2454 4190 2718 4261 διήγειρε.
2750 4187 3009 4251 Ῥωσθεὶς
3034 4188 3092 4242 δὲ
3118 4189 3212 4242 καὶ
3242 4187 3402 4251 αὐτὸς
3433 4188 3527 4241 εύ-

1948 4283 2210 4352 φημήσας
2260 4281 2384 4343 τοὺς
2437 4279 2745 4351 μάρτυρας,
2790 4278 2869 4341 είς
2897 4278 2959 4331 τὸ
2992 4277 3289 4349 Πηλούσιον
3332 4275 3523 4348 ᾤχετο.

1877 4380 1921 4436 ι)
1950 4372 2061 4426 Καὶ
2088 4372 2248 4441 ἡμεῖς
2273 4370 2331 4425 δὲ
2358 4374 2470 4435 τοῖς
2492 4369 2684 4442 ὕμνοις
2710 4370 2909 4433 αὐτοὺς
2930 4368 3391 4437 στεφανώσαντες,
3412 4369 3526 4421 ἐτέ-

1953 4478 2063 4534 ρων
2093 4461 2277 4523 αὐτοῖς
2307 4459 2493 4531 ὕμνων
2545 4459 2802 4533 ἀφορμὴν
2854 4459 2953 4532 τὴν
3013 4460 3201 4532 ἐτέρου
3249 4460 3527 4530 θαύματος

1951 4553 2174 4625 γραφὴν
2200 4551 2626 4623 είσενέγκωμεν.

2021 4667 2160 4722 ΜΗ’.
2198 4666 2339 4736 Περὶ
2393 4666 2712 4722 Ἀντωνίου
2750 4666 2859 4722 τοῦ
2901 4666 3159 4735 Θηϐαίου
3194 4665 3267 4721 τὰ
3297 4665 3533 4737 σπλάγ-

2496 4754 2613 4807 χνα
2643 4737 3011 4807 πάσχοντος.

2030 4828 2152 4882 Ἔτι
2186 4826 2418 4899 βοῶντος
2458 4827 2744 4883 Ἀντωνίου
2799 4828 3164 4899 πυνθάνομαι,
3221 4827 3298 4881 ἔτι
3349 4826 3536 4897 φωνὰς

1961 4917 2204 4989 μεγάλας
2232 4916 2629 4988 ἐκπέμποντος,
2663 4915 2744 4969 ἔτι
2802 4916 2871 4970 τά
2924 4917 3160 4987 μέγιστα
3213 4916 3532 4988 κράζοντος,

1958 5011 2056 5082 οὐχ
2077 5010 2242 5063 ἕνεκα
2262 5008 2359 5063 τοῦ
2383 5008 2646 5079 φυγόντος
2683 5008 2987 5078 νοσήματος
3008 5047 3023 5071 ,
3055 5008 3192 5062 ἀλλά
3222 5010 3322 5078 τῆς
3361 5008 3533 5061 δοθεί-

1960 5120 2062 5172 σης
2083 5101 2242 5173 χάριν
2272 5102 2471 5165 ίάσεως
2488 5116 2503 5131 ο
2525 5101 2594 5173 ἢν
2619 5100 2930 5155 σιωπᾶσθαι
2957 5100 3047 5155 διὰ
3067 5100 3265 5171 πολλὴν
3285 5099 3386 5153 οὐχ
3413 5099 3537 5167 ἀφί-

1959 5212 2084 5266 ησιν
2111 5194 2341 5258 ἔννοιαν,
2378 5193 2515 5247 ἀλλὰ
2560 5196 2685 5256 ταῖς
2715 5191 2930 5256 λοιπαῖς
2980 5193 3209 5246 αἰτεῖται
3249 5192 3540 5245 συντάττε-

1962 5286 2107 5351 σθαι,
2138 5281 2228 5351 αίς
2255 5287 2356 5358 ἥδη
2381 5286 2761 5358 γεγράφαμεν,
2811 5286 2905 5339 καὶ
2937 5286 3070 5356 μίαν
3115 5285 3368 5354 γενέσθαι
3416 5286 3538 5346 ταῖς

1963 5377 2167 5431 τούτων
2196 5380 2436 5448 γραφαῖς
2463 5376 2773 5448 ἐναρίθμιον
2795 5392 2809 5406 ο
2851 5372 2912 5431 οὗ
2940 5375 3038 5446 τὴν
3093 5376 3278 5446 βόησιν
3325 5376 3541 5427 ἐπαινέ‹

1968 5486 2181 5535 σαντες,
2212 5467 2311 5539 τὴν
2337 5469 2550 5538 αἴτησιν
2579 5468 2772 5522 θᾶττον
2803 5467 3202 5539 πληρώσωμεν.

2040 5655 2268 5727 Θηϐαῖος
2295 5648 2413 5724 ἧνό
2460 5653 2766 5738 ᾏντώνιος,
2824 5658 2918 5709 καὶ
2973 5653 3193 5727 πολίτης
3254 5654 3538 5708 Ἀντωνίου
