4060 6236
491 442 627 507 ποθι

1495 439 1600 500 SS.
1639 439 1814 500 (ΞΥΚί
1855 437 1948 497 ΕΤ
1977 436 2294 498 JOANNIS
2334 431 2752 497 MIRACULA.

3618 431 3758 494 36-19.

490 560 591 625 τῆς
624 555 858 617 πόλεως.
880 552 1046 616 Οὗτος
1081 551 1393 622 βαρυτάτην
1417 550 1575 618 ἔσχεν
1614 550 1919 611 ἀσθένειαν,
1958 548 2079 618 ἥτις

2194 549 2367 603 Lonitts
2426 548 2598 603 urbis.
2646 545 3188 617 Hicgratissimam
3243 541 3480 598 habebat
3528 539 3763 595 inllrmi-

492 648 552 698 οὐ
576 646 763 699 παισὶν
790 644 1009 715 ἰατρῶν,
1032 643 1132 696 οὐκ
1176 642 1356 704 ἄλλοις
1402 641 1733 712 ἀνθρώποις,
1768 640 1871 693 οὐκ
1921 637 2073 708 αύτῷ

492 738 569 806 τῷ
594 736 838 791 νοσοῦντι
863 740 959 790 καὶ
988 736 1251 806 πάσχοντι
1296 734 1431 805 δήλη
1487 733 1650 803 μέχρι
1688 736 1929 803 σήμερον
1977 733 2073 800 γέ-

494 844 642 896 γονε,
677 827 791 880 ἀλλ’
822 826 1101 894 ἄγνωστος
1130 823 1440 896 ἀνθρώποις
1474 825 1711 892 ἐγένετο,
1744 825 1839 877 καί
1860 838 2076 876 παυσα-

500 919 635 988 μένη
688 918 783 972 καὶ
812 917 918 987 πρὸ
942 916 1152 979 τούτοις
1186 915 1492 981 ὑπάρξασα.
1526 915 1686 968 Ἕσὸα
1718 915 1825 984 γὰρ
1859 914 2018 979 μόνον
2048 911 2077 964 ό

493 1012 776 1081 ἄρρωστος
802 1010 870 1062 τὰ
921 1007 1205 1077 σπλάγχνα
1246 1007 1435 1071 δεινῶς
1474 1004 1950 1075 κατατρώγεσθαι,
1987 1002 2078 1056 καὶ

497 1102 683 1172 ῶσπερ
707 1100 812 1155 ὑπὸ
840 1101 1138 1170 σκωλήκων
1164 1098 1584 1170 βιὸρώσκεσθαι.
1616 1099 1753 1168 μήτε
1774 1099 1875 1167 τὴν
1899 1096 2079 1149 αἰτίαν

499 1191 677 1255 εἰδὼς,
713 1192 848 1261 μήτε
873 1191 933 1243 τὸ
963 1190 1131 1251 πάθος
1162 1189 1436 1252 παντελῶς
1491 1189 1875 1255 ἐπιστάμενος.
1915 1186 2079 1240 Ἀλλά

501 1287 594 1337 καὶ
641 1284 749 1336 τῶν
787 1283 989 1352 ἰατρῶν
1023 1282 1073 1334 οἰ
1130 1280 1450 1349 σοφώτεροι,
1484 1279 1581 1333 καὶ
1632 1278 1792 1343 δόξαν
1821 1278 2082 1347 εἰδήσεως

474 1367 735 1444 .ξέχοντε;,
774 1373 962 1426 τοῦτον
989 1374 1287 1441 συχνότατα
1323 1371 1614 1442 βλέποντες
1650 1373 1791 1424 κατὰ
1833 1367 2078 1433 κάθοδον,

474 1416 735 1444 δίνη-π
784 1416 959 1426 -ννην
990 1416 1287 1441 ’νιν-’νην-
1323 1416 1612 1442 ι---ν--ντ--ν
1650 1416 1791 1424 --ν---ν
1834 1416 2078 1433 τ-ν--ννννι

472 1416 664 1532 τέὰλλην
696 1463 789 1517 καὶ
813 1462 982 1531 ἄλλην
1008 1461 1108 1531 τὴν
1143 1462 1301 1514 νόσον
1352 1461 1607 1527 ἐδόξαζον
1633 1478 1646 1490 ·
1686 1461 1783 1513 καὶ
1834 1457 1931 1512 νῦν
1983 1458 2082 1527 μὲν

484 1542 724 1624 ξταύτην,
753 1555 848 1610 νῦν
869 1556 914 1609 δ’
944 1555 1162 1624 εκείνην
1182 1553 1470 1624 ὲφήμιζον·
1498 1554 1591 1606 καὶ
1618 1553 1748 1606 ποτὲ
1782 1552 1882 1622 μὲν
1900 1551 2080 1616 τοῦτο,

510 1585 724 1623 ιαυιιιν,
755 1585 848 1610 νυν
869 1585 898 1609 υ
944 1585 1161 1624 ιιιθινην
1182 1585 1449 1624 ιγιιμιευν
1499 1585 1591 1606 λιιι·
1623 1585 1748 1606 Ιυυυῦ
1782 1585 2080 1622 μςννυυυυν,

466 1585 630 1717 Quae
663 1647 709 1699 δ’
765 1649 941 1699 ἐκεῖνο
978 1647 1037 1699 τὸ
1070 1645 1246 1698 αἴτιον
1306 1645 1524 1712 ελεγον·
1574 1649 1672 1696 καὶ
1727 1643 1789 1695 τὸ
1842 1644 2084 1713 σήμερον

471 1726 703 1813 ’ἀρέσαν
734 1742 873 1812 μετὰ
922 1742 1161 1810 σοϐαρᾶς
1216 1739 1421 1809 ὀφρύος
1472 1740 1586 1801 τοῖς
1632 1736 1858 1800 ἅπασιν,
1893 1735 2085 1807 αὔριον

504 1834 865 1904 σοϐαρωτέρῳ
925 1833 1237 1901 φρονήματι
1300 1828 1605 1892 διεπτύετο,
1659 1830 1753 1882 καὶ
1790 1828 1954 1882 πάλιν
1992 1829 2084 1881 ὑπ’

2177 648 2365 701 tatem,
2408 654 2530 708 quae
2578 654 2688 694 non
2742 636 3033 708 discipulis
3079 634 3449 695 medicorum,
3498 648 3604 688 non
3639 622 3763 688 aliis

2178 732 2516 797 hominibus,
2546 749 2656 788 non
2690 734 2796 803 ipsi
2821 732 3105 803 languenti
3141 745 3315 801 usque
3344 729 3509 785 hodie
3538 728 3756 791 claruit,

2179 824 2274 881 sed
2314 830 2498 895 ignota
2542 833 2662 880 erat
2694 825 3037 889 hominibus,
3064 832 3119 880 et
3167 822 3424 893 primitus
3449 821 3580 876 dttm
3617 821 3762 876 exsi~

2180 925 2370 984 steret,
2434 928 2490 971 et
2546 917 2897 987 postmodum
2947 931 3071 972 cum
3133 924 3422 971 cessasset.
3479 912 3763 970 Clamabat
3836 913 3858 930 ‘

2179 1007 2323 1062 enim
2365 1013 2576 1060 tantum
2615 1006 2869 1087 infirmus
2904 1022 2964 1063 se
3004 1005 3268 1061 atrociter
3314 992 3625 1061 visceribus
3672 1020 3767 1060 co-
3810 1046 3814 1055 .

2181 1099 2363 1162 medi,
2427 1114 2605 1169 neque
2664 1115 2888 1155 causam
2952 1099 3158 1162 sciens,
3217 1113 3394 1167 neque
3453 1098 3767 1169 passionem

2180 1203 2413 1259 prorsus
2461 1202 2790 1258 agnoscens.
2844 1187 2951 1243 Sed
2986 1195 3041 1243 et
3085 1188 3424 1243 medicorum
3479 1189 3773 1259 sapientis-

2183 1279 2333 1345 simi,
2357 1286 2413 1334 et
2440 1280 2757 1350 opinionem
2788 1278 3036 1335 scientias
3075 1278 3367 1347 habentes,
3405 1280 3553 1336 hunc
3585 1281 3774 1351 saepis-

2183 1368 2321 1425 sime
2351 1370 2627 1426 intuentes
2652 1384 2749 1439 per
2785 1369 3104 1436 circuitum,
3133 1369 3297 1424 alium
3332 1379 3385 1426 et
3437 1371 3605 1425 alium
3657 1372 3776 1441 cpio

2186 1462 2457 1516 nabantur
2514 1463 2788 1527 morbum,
2837 1471 2892 1516 et
2950 1476 3099 1516 nunc
3147 1462 3369 1532 quidem
3419 1461 3585 1529 hunc,
3629 1479 3778 1519 nunc

2182 1570 2316 1609 vero
2344 1555 2495 1609 illurn
2526 1554 2918 1621 diil‘antahanl;
2945 1564 2999 1609 et
3034 1554 3333 1625 aliquando
3358 1554 3580 1626 quidem
3611 1556 3777 1619 hanc,

2186 1646 2481 1716 aliquando
2521 1657 2704 1702 autem
2737 1646 2887 1701 illam
2926 1662 3050 1702 esse
3082 1661 3309 1703 causam
3344 1647 3776 1718 asseverabant;

2186 1747 2241 1793 et
2270 1737 2418 1807 quod
2453 1737 2615 1793 hodie
2641 1739 2901 1795 omnibus
2936 1738 3187 1807 placebat
3237 1755 3364 1795 cum
3413 1739 3559 1795 elato
3586 1756 3781 1811 super-

2188 1830 2338 1894 cilio,
2371 1845 2495 1886 eras
2532 1832 2705 1901 magis
2748 1831 2893 1884 elato
2945 1846 3111 1886 sensu
3148 1832 3546 1902 respuebatur;
3577 1840 3632 1888 et
3664 1833 3781 1888 ite-

503 1927 683 1977 αὐτῶν
714 1924 1063 1990 ἀνετρέπετο,
1091 1921 1279 1990 ἕτερον
1302 1919 1444 1973 εἶναι
1474 1920 1568 1973 καί⁵
1602 1921 1665 1973 οὐ
1688 1919 1749 1972 τὸ
1779 1918 1963 1989 χθιζὸν
1995 1919 2088 1989 βε-

2194 1936 2312 1975 rum
2358 1922 2506 1991 quod
2560 1925 2630 1978 ab
2685 1922 2797 1978 illis
2849 1922 3219 1989 refutabatur,
3258 1915 3409 1981 aliud
3460 1924 3780 1981 hesternum

502 2014 846 2084 ϐαιούμενον.
882 2014 970 2077 Ὡς
1001 2014 1055 2066 δὲ
1079 2012 1289 2065 πολλῶν
1310 2013 1569 2066 τοιούτων
1602 2012 1631 2064 ὁ
1659 2010 1942 2083 ἄρρωστος
1972 2013 2089 2065 πεῖ-

507 2129 604 2180 ραν
639 2111 841 2181 πολλὴν
892 2110 1127 2179 διῆλθεν,
1184 2110 1280 2162 καὶ
1328 2108 1595 2181 διαφορὰν
1624 2108 1720 2162 τοῦ
1749 2108 1958 2171 πάθους
1990 2108 2091 2179 οὐχ

503 2206 778 2271 εὕρισκεν,
813 2201 928 2253 ἀλλ’
989 2202 1048 2252 ἐν
1082 2199 1296 2263 ὀδύναις
1338 2200 1426 2252 ἀεὶ
1457 2201 1578 2262 ταῖς
1635 2199 1828 2262 αὐταῖς
1861 2198 2083 2267 ἐγνωρί-

505 2292 650 2357 ζετο,
686 2293 813 2360 μίαν
839 2290 979 2345 εἷ.αι
1009 2292 1194 2345 κακῶν
1224 2290 1616 2345 διασκέπτεται
1662 2290 1763 2362 τὴν
1798 2291 1935 2361 πρὸς
1978 2289 2093 2344 Κῦ-

510 2403 601 2454 ρον
630 2387 725 2438 καὶ
760 2385 1014 2454 Ἰωάννην
1033 2386 1158 2447 τοὺς
1191 2384 1474 2454 μάρτυρας
1506 2380 1711 2451 ἄφιξιν.
1754 2384 1818 2437 Εἰ
1864 2384 1939 2454 μὴ
1983 2384 2093 2455 γὰρ

505 2472 673 2534 οὗτοι,
702 2477 886 2546 φησὶν.
920 2475 1124 2544 ταύτης
1162 2492 1231 2544 με
1259 2475 1361 2543 τῆς
1410 2475 1656 2546 ἀνάγκης
1699 2475 2091 2546 λυτρώσονται,

506 2569 580 2632 ὡς
613 2572 708 2622 καὶ
733 2571 841 2622 τῶν
870 2567 1116 2638 κρυφίων
1150 2568 1249 2637 τὴν
1275 2566 1504 2635 ἔρευναν
1537 2566 1773 2636 ἔχοντες,
1805 2567 1899 2621 καὶ
1924 2567 2094 2636 γινώ-

510 2676 660 2712 σκειν
704 2659 993 2730 δυνάμενοι
1025 2658 1095 2710 τὰ
1138 2660 1251 2720 τοῖς
1299 2657 1482 2722 ἄλλοις
1528 2656 1837 2728 ἀνθρώποις
1866 2658 2092 2723 ἀθέατα,

507 2751 665 2823 ἄλλος
688 2749 862 2813 οὐδείς
905 2766 973 2818 με
1015 2750 1189 2803 σῶσαι
1211 2749 1524 2819 δυνήσεται,
1556 2748 1718 2819 χάριν
1743 2748 1998 2820 τοιαύτην
2031 2750 2096 2803 ὲκ

508 2839 643 2893 Θεοῦ
677 2840 752 2910 μὴ
776 2840 1093 2910 δεξάμενος.
1186 2826 1197 2851 λ

579 2930 795 3001 Ταύτην
843 2931 923 2995 εἰς
974 2932 1100 2995 τοὺς
1135 2930 1326 3001 ἁγίους
1352 2931 1454 3002 τήν
1511 2930 1693 2986 πίστιν
1722 2932 2091 3004 φραξάμενος,

510 3029 649 3094 πρὸς
688 3026 884 3089 αὐτοὺς
905 3026 1293 3096 παραγίνεται,
1312 3027 1410 3080 καὶ
1442 3025 1593 3097 διετῆ
1618 3029 1814 3098 χρόνον
1849 3027 1953 3081 ὰνά
1985 3027 2096 3080 τῶν

509 3118 688 3173 αὐτῶν
738 3124 906 3184 σηκὸν
957 3117 1334 3189 διαιτώμενος,
1370 3121 1469 3173 καὶ
1499 3120 1737 3182 πίστεως
1793 3119 1867 3191 μή
1905 3119 2095 3175 παθὼν

508 3211 608 3279 τῆς
636 3212 717 3274 εἰς
738 3211 865 3273 τοὺς
899 3215 1183 3283 μάρτυρας
1209 3210 1421 3280 ὕφεσιν,
1453 3211 1520 3283 ἢν
1543 3213 1571 3266 ό
1598 3210 1856 3275 τοσοῦτος
1902 3212 2096 3283 καιρὸς

2191 2012 2364 2069 fuisse
2396 2012 2788 2068 alﬁrmabatur.
2819 2013 2957 2069 Cum
2995 2022 3178 2070 autem
3210 2014 3463 2070 inﬁrmus
3486 2017 3782 2072 multorum

2191 2105 2383 2160 talium
2414 2106 2853 2175 experimentum
2896 2106 3128 2160 multum
3168 2122 3233 2163 ac
3279 2106 3562 2162 diversum
3593 2124 3784 2179 perce-

2189 2200 2384 2272 pisset,
2412 2198 2963 2269 meliorationemqtte
2993 2180 3270 2268 passionis
3307 2216 3415 2257 non
3458 2201 3781 2267 invenisset,

2192 2290 2290 2347 sed
2325 2292 2379 2345 in
2407 2290 2688 2347 doloribus
2713 2305 2930 2363 semper
2954 2290 3159 2347 eisdem
3193 2298 3545 2361 perseverare
3584 2294 3784 2366 digno-

2193 2389 2461 2449 sceretur,
2481 2397 2645 2436 unam
2673 2395 2799 2436 esse
2824 2380 3154 2436 solutionem
3172 2381 3456 2448 deliberat,
3486 2383 3552 2438 ad
3579 2382 3781 2456 Cyrum

2195 2474 2407 2529 scilicet
2457 2483 2512 2528 et
2555 2471 2823 2528 Joannem
2876 2471 3307 2543 profectionem;
3352 2474 3457 2530 nisi
3493 2476 3638 2530 enim
3692 2478 3784 2532 isti

2195 2582 2303 2630 me,
2352 2567 2450 2629 ait.
2502 2581 2533 2621 a
2585 2566 2917 2622 necessitate
2962 2564 3338 2633 liberaverint,
3369 2567 3460 2638 qui
3496 2578 3553 2625 et
3596 2570 3787 2625 occul-

2196 2663 2375 2710 torum
2412 2654 2742 2710 scrutinium
2798 2655 3020 2720 habent,
3070 2666 3127 2712 et
3174 2672 3512 2727 cognoscere
3557 2673 3784 2730 possunt

2197 2764 2319 2819 qua
2361 2748 2486 2805 aliis
2536 2757 2666 2804 sunt
2718 2748 3036 2804 hominibus
3083 2749 3405 2816 invisibilia,
3441 2751 3583 2808 alins
3627 2768 3787 2808 nemo

2198 2842 2411 2896 salvare
2448 2856 2534 2896 me
2562 2841 2784 2912 poterit,
2823 2842 2918 2897 tali
2954 2857 2985 2897 a
3020 2841 3133 2898 Deo
3164 2843 3340 2914 gratia
3392 2860 3498 2899 non
3540 2855 3784 2917 accepta.

2271 2931 2380 2987 Hac
2411 2947 2539 3003 erga
2570 2943 2794 2989 sanctos
2836 2931 2941 2988 lide
2979 2933 3248 3001 munitus,
3279 2935 3346 2989 ad
3386 2949 3485 2990 eos
3529 2936 3702 3001 venit,
3734 2942 3787 2990 et

2199 3041 2297 3096 per
2353 3025 2634 3082 biennium
2674 3024 2730 3079 in
2771 3039 2960 3080 eorum
3002 3025 3262 3082 habitans
3300 3027 3524 3096 templo,
3567 3039 3621 3082 et
3664 3027 3786 3082 ﬁdei

2197 3118 2347 3172 circa
2380 3124 2657 3186 martyres
2688 3115 2964 3172 defectum
2997 3131 3109 3172 non
3138 3099 3484 3197 patiens,'ad
3513 3135 3674 3188 quem
3709 3119 3789 3171 ni-

2200 3209 2399 3263 mirum
2453 3207 2792 3279 operandum
2848 3209 2899 3263 ei
2961 3217 3174 3265 tantum
3233 3217 3453 3280 tempus
3514 3209 3789 3265 suﬂiciens

513 3303 697 3367 ἱκανὸς
727 3299 797 3374 ἦν
821 3301 970 3373 αὐτῷ
997 3302 1465 3375 κατεργάσασθαι,
1496 3303 1671 3367 οὕτως
1697 3305 1995 3367 ἀπαύστως
2020 3304 2092 3369 ὡς

2201 3298 2419 3368 fuerat;
2447 3278 2571 3355 cum
2616 3300 2698 3355 sic
2738 3299 3139 3368 indesinenter,
3185 3308 3244 3355 ut
3288 3278 3543 3368 diruimus,
3579 3302 3791 3356 doleret

509 3396 721 3466 ἔφημεν
757 3394 1085 3467 ὀδυνωμένῳ
1119 3396 1216 3450 καί
1258 3396 1516 3468 κράζοντι
1540 3436 1554 3459 ,
1591 3397 1685 3450 καὶ
1721 3396 1856 3466 μηδὲ
1896 3396 2098 3461 νύκτας

474 3526 477 3529 ι
513 3490 645 3561 μηδὲ
670 3489 769 3559 τῆς
798 3489 939 3559 μετὰ
966 3489 1172 3560 ταύτην
1220 3490 1437 3559 ἡμέρας
1467 3487 1527 3541 τὸ
1590 3488 1806 3542 σύνολον
1844 3488 2094 3557 λέγοντι,

509 3579 609 3650 τήν
663 3578 829 3649 ῥῶσιν
886 3579 1101 3648 ἀθρόως
1154 3579 1473 3650 κομίζεταιο
1509 3580 1648 3648 μήτε
1682 3596 1737 3633 τι
1787 3579 2099 3644 κελευσθεὶς

511 3668 937 3740 διαπράξασθαι,
965 3668 1157 3740 ὥσπερ
1195 3668 1435 3731 ἅπαντες
1482 3669 1533 3721 οἱ
1565 3668 1830 3733 παθόντες
1874 3670 1967 3723 καὶ⁵
1997 3685 2100 3722 πα-

513 3759 623 3811 θῶν
642 3760 807 3812 ἓνεκα
827 3759 903 3830 τῷ
935 3759 1049 3829 ναῷ
1084 3759 1535 3831 παρεδρεύοντες,
1574 3762 1710 3830 μήτε
1757 3779 1809 3813 τι
1856 3760 1947 3814 διὰ
1987 3777 2095 3830 γα·-

515 3852 672 3921 στρδς
706 3851 961 3921 ἐμϐαλὼν
988 3851 1021 3921 ἢ
1057 3852 1350 3919 ἀναγαγὼν
1381 3853 1471 3907 διὰ
1500 3853 1769 3923 στόματος
1789 3868 1803 3884 ο
1846 3854 2008 3925 μόνον
2036 3853 2094 3907 δὲ

514 3943 639 4006 Iob;
669 3943 857 4011 ἁγίους
909 3941 1047 4011 μετά
1096 3942 1196 4011 τὴν
1255 3944 1422 4013 ρῶσιν
1469 3943 1774 4013 ἑωρακέναι
1814 3942 2098 4013 λέγοντας,

527 4034 661 4088 Ἰδού
695 4052 754 4088 σε
780 4034 887 4087 τῶν
919 4033 1107 4087 παθῶν
1133 4032 1477 4105 ὲρυσάμεθα,
1502 4037 1596 4088 καὶ
1621 4035 1815 4099 πάθοις
1858 4036 2041 4090 οὐκέτι
2070 4037 2100 4090 ὃ

520 4123 682 4195 μέχρι
726 4123 821 4177 τοῦ
874 4125 1137 4194 παρόντος
1199 4125 1514 4195 ὑπέμεινες.
1553 4125 1819 4197 Ἀναστάς
1869 4126 1963 4180 οὖν
1989 4129 2090 4198 τὴν

516 4217 893 4288 ἔνεγκαμένην
946 4217 1248 4284 κατάλαϐε,
1308 4217 1507 4288 μηκέτι
1544 4218 1706 4273 τοῦτο
1766 4219 1980 4274 δειλιῶν
2036 4220 2100 4275 τὸ

516 4306 854 4380 ἀρρώστημα
873 4325 889 4341 ο
929 4311 1046 4362 ἐ.κεί
1066 4309 1124 4361 δὲ
1146 4310 1488 4380 γιγνόμενος,
1514 4311 1597 4374 εἰς
1614 4310 1895 4385 γήμέτερον
1927 4312 2097 4383 ὄνομα

519 4397 784 4466 φύτευσον
815 4397 1082 4467 ἄμπελον,
1112 4402 1205 4451 καί
1233 4400 1439 4469 ταύτην
1469 4401 1628 4471 ἡμεῖς
1665 4401 1762 4454 σὺν
1790 4402 1873 4453 σοὶ
1918 4417 2096 4473 γεωρο

515 4493 780 4561 γήσομεν,
811 4490 907 4542 καὶ
932 4489 1179 4562 φυλακὴν
1211 4489 1349 4561 όμοῢ
1405 4491 1507 4561 τὴν
1553 4492 1934 4563 ἁρμόττουσαν
1964 4495 2100 4563 ήμίν

2201 3399 2364 3461 atque
2392 3390 2677 3458 clamaret,
2705 3399 2760 3446 et
2789 3407 2968 3462 neque
3000 3403 3161 3448 nocte
3192 3407 3370 3464 neque
3404 3394 3493 3448 die
3524 3408 3646 3465 quae
3671 3407 3788 3464 post

2201 3484 2342 3539 hanc
2368 3484 2545 3540 fuerat
2568 3484 2978 3548 terminaretur,
3000 3484 3183 3540 subito
3201 3486 3432 3556 percipit
3447 3485 3788 3555 sospitatem.

2202 3588 2380 3644 neque
2408 3573 2543 3643 quid
2589 3583 2775 3645 ageret
2799 3574 2994 3644 jussus
3027 3589 3179 3633 more
3208 3578 3456 3632 omnium
3489 3578 3584 3647 qui
3620 3592 3788 3631 causa

2199 3666 2522 3736 passionum
2571 3665 2632 3721 in
2660 3666 2884 3737 templo
2922 3667 3306 3733 morabantur,
3350 3683 3528 3740 neque
3583 3669 3788 3737 aliquid

2182 3758 2878 3827 perventremimmittens,
2925 3767 3020 3814 aut
3074 3774 3170 3825 per
3222 3775 3286 3816 os
3319 3761 3598 3826 cducens;
3646 3763 3791 3815 solos

2202 3860 2385 3906 autem
2430 3861 2656 3909 sanctos
2694 3862 2821 3923 post
2863 3853 3156 3910 sanitatem
3189 3856 3323 3911 vidit
3350 3855 3454 3911 sibi
3491 3855 3737 3911 dicentes
3773 3874 3789 3909 :

2201 3940 2347 3996 Ecce
2385 3949 2438 3998 te
2461 3957 2492 3997 a
2527 3944 2878 4012 passionibus
2926 3946 3297 4010 liberavimus,
3331 3957 3387 4002 et
3416 3947 3644 4018 patieris
3682 3962 3788 4003 non

2196 4032 2310 4102 jam
2329 4032 2476 4102 quod
2493 4040 2723 4090 eatenus
2749 4035 3045 4105 pertulisti.
3067 4034 3313 4107 Surgens
3336 4052 3487 4108 ergo,
3512 4037 3579 4092 ad
3600 4038 3789 4093 urbem

2200 4139 2324 4194 qua:
2372 4132 2425 4181 te
2454 4127 2681 4196 protulit
2720 4127 2834 4193 abi,
2870 4128 3107 4185 ulterius
3152 4129 3297 4186 hanc
3334 4144 3447 4185 non
3485 4129 3790 4187 formidans

2201 4218 2744 4274 inllrmitatem.Cum
2762 4227 2945 4275 autem
2972 4220 3105 4276 illuc
3132 4224 3475 4293 perveneris;
3499 4224 3564 4278 ad
3588 4239 3789 4278 nomen

2202 4320 2454 4367 nostrum
2508 4313 2696 4383 planta
2741 4314 2933 4377 vitem,
2965 4321 3022 4369 et
3060 4316 3203 4369 hanc
3254 4324 3433 4370 tecum
3480 4329 3582 4370 nos
3629 4330 3791 4372 exco-

2202 4400 2399 4466 lemus,
2427 4409 2481 4457 et
2508 4403 2877 4459 communiter
2905 4403 3030 4474 ejus
3062 4405 3528 4462 vindetniabimus
3561 4407 3786 4469 bonum,

2202 4492 2271 4547 ad
2304 4494 2655 4565 torcularque
2690 4505 3037 4566 asportatum
3087 4497 3253 4552 simul
3307 4498 3669 4553 calcabimns.
3708 4499 3786 4552 'I‘n

517 4577 939 4649 προσοισόμεθα,
970 4579 1065 4632 καὶ
1096 4579 1292 4643 κοινῶς
1315 4581 1495 4650 αὐτῆς
1521 4582 1613 4634 καὶ
1637 4581 1728 4634 τὸν
1752 4580 1949 4652 βότρυν
1970 4583 2092 4653 δρε-

2202 4598 2385 4641 autem
2431 4588 2617 4641 vinum
2664 4587 2953 4662 nobiseum
3000 4588 3281 4655 dividens,
3317 4599 3527 4659 partem
3569 4592 3788 4662 quidem

520 4669 757 4740 ᾠόμεθα,
786 4671 884 4724 καὶ
933 4671 1069 4741 πρὸς
1115 4671 1275 4742 ληνὸν
1309 4672 1595 4744 ἐρχόμενοι
1643 4679 2094 4746 συμπατήσομεν.

521 4764 591 4816 Σὺ
621 4764 676 4816 δὲ
703 4763 797 4817 τὸν
820 4759 961 4815 οἶνον
994 4764 1113 4834 μεθ’
1143 4765 1301 4835 ἡμῶν
1332 4766 1689 4836 μεριζόμενος
1720 4768 1817 4839 τὴν
1847 4770 1945 4838 μὲν
1996 4770 2098 4839 σήν

518 4856 825 4928 ἀπόμοιραν
845 4856 1110 4924 λάμϐανε,
1139 4860 1233 4910 καὶ
1261 4857 1336 4920 ὡς
1373 4857 1438 4911 ἂν
1468 4857 1671 4919 ἐθέλοις
1712 4859 1971 4915 ἀνάλισκε
1994 4876 2006 4888 ·
2038 4859 2100 4913 τὸ

523 4945 687 5016 μέρος
710 4944 767 4999 δὲ
796 4947 857 4999 τὸ
906 4947 1177 5019 ἡμέτερον
1216 4947 1334 5000 κατ’
1358 4947 1478 5011 ἔτος
1503 4948 1688 5001 ἐνθάδε
1723 4949 1997 5003 κατάϐαλε
2022 4951 2101 5013 εἰς

518 5032 670 5090 οἷκον
701 5036 893 5091 τοῦτον
921 5037 1013 5090 τὸν
1038 5029 1329 5111 ἡμέτερον,
1377 5044 1473 5093 καὶ⁹
1521 5042 1680 5093 τούτο
1709 5044 1818 5105 τοῖς
1869 5043 1927 5094 ἐν
1955 5040 2103 5112 αύτῷ

523 5126 770 5183 νοσοῦσιν
795 5128 1042 5198 ἀδελφοῖς
1072 5131 1432 5202 καταμέριζε.

593 5222 702 5273 Καὶ
731 5220 905 5274 ταῦτα
957 5221 1056 5291 μὲν
1083 5217 1237 5276 εἷπον
1269 5224 1318 5277 οἱ
1373 5223 1670 5295 μάρτυρες,
1719 5225 1815 5280 καὶ
1846 5227 1908 5279 οὐ
1941 5226 2104 5296 μόνον

522 5307 695 5378 εἶπον,
738 5312 875 5366 ἀλλὰ
910 5313 1004 5366 καὶ
1027 5314 1300 5384 τρήσαντες
1326 5315 1589 5386 ἔπραξαν.
1631 5318 1719 5371 Ἐν
1745 5317 1971 5386 Θηϐαΐδι
1994 5318 2102 5389 γάρ

522 5402 762 5457 ἀνελθὼν
791 5405 821 5457 ό
861 5404 1167 5471 Ἀντώνιος,
1199 5406 1393 5461 θᾶττον
1424 5409 1500 5473 ὡς
1543 5409 1846 5481 ἐκελεύσθη
1877 5410 2102 5480 φυτεύει

521 5497 619 5566 τὴν
649 5495 913 5567 ἄμπελον,
938 5496 1031 5549 καὶ
1050 5500 1176 5561 τοὺς
1211 5498 1399 5566 ἁγίους
1428 5503 1487 5555 ἑν
1520 5505 1689 5557 πᾶσιν
1708 5498 1789 5568 οἷς
1815 5506 2103 5576 εἰρήκασιν

526 5590 701 5662 εὑρὼν
720 5590 1140 5664 ἀντιλήπτορας,
1164 5597 1632 5667 συμφυτεύοντας,
1662 5601 2098 5672 συντρυγῶντας,

523 5685 619 5737 καὶ
650 5684 778 5745 τοὺς
809 5682 1041 5754 βότρυας
1070 5686 1477 5756 συνθλίϐοντις,
1510 5695 1604 5745 καὶ
1624 5692 1688 5762 δὴ
1727 5694 1983 5764 μέγιστον
2009 5696 2104 5748 εύ-

525 5774 844 5844 λογοῦντας,
873 5777 967 5830 καὶ
991 5779 1315 5846 σκέποντας,
1338 5783 1433 5835 καὶ
1456 5785 1634 5839 πάντα
1655 5786 1861 5856 ἀρεστὰ
1892 5785 2108 5863 ποιούν-

527 5880 625 5929 τας
655 5864 748 5919 καὶ
772 5863 991 5935 εύκολα.
1021 5868 1157 5922 Κατ’
1182 5870 1312 5924 αὐτὸ
1337 5871 1402 5942 δή
1424 5871 1485 5925 τὸ
1510 5869 1628 5937 ἔτος
1658 5874 1938 5946 διώρυξεν,
1968 5875 2103 5946 ἐφύ-

2201 4684 2352 4731 tttam
2383 4673 3161 4750 accipc,etqnomodoeunque
3195 4679 3332 4736 velis
3356 4680 3635 4749 expende;
3662 4695 3793 4752 par-

2202 4773 2309 4819 tem
2340 4781 2471 4822 vero
2508 4776 2761 4822 nostram
2793 4776 2901 4822 nuc
2941 4782 3039 4839 per
3072 4768 3323 4840 singulos
3351 4785 3528 4825 annos
3556 4770 3788 4832 devehe,

2203 4856 2259 4911 in
2292 4857 2434 4911 hanc
2482 4857 2736 4912 videlicet
2783 4856 3007 4913 domum
3062 4870 3333 4929 nostram,
3368 4868 3424 4917 et
3476 4861 3620 4918 hanc
3672 4862 3789 4915 lan-
3861 4932 3872 4939 '
3960 4908 3967 4921 .

2202 4948 2493 5019 gncntibus
2518 4950 2573 5002 in
2604 4964 2666 5004 ea
2704 4947 2969 5006 fratribus
2994 4951 3199 5010 divide.

2275 5224 2343 5280 Et
2374 5236 2642 5299 martyres
2674 5226 2895 5297 quidem
2924 5226 3041 5282 haec
3061 5227 3338 5292 dixerunt,
3364 5236 3418 5281 et
3468 5242 3573 5281 non
3613 5228 3787 5280 solum

2205 5321 2484 5384 dixerunt,
2535 5320 2629 5376 sed
2669 5327 2725 5375 et
2765 5318 3018 5375 dicentes
3062 5330 3313 5390 egerunt.
3361 5318 3420 5374 ln
3455 5318 3791 5374 Thebaidem

2207 5425 2446 5480 namque
2473 5424 2595 5465 cum
2628 5409 2878 5465 venisset
2909 5409 3205 5477 Antonius,
3232 5411 3446 5480 plantat
3462 5411 3623 5466 ocius
3647 5411 3791 5465 sient

2202 5502 2394 5572 jussus
2428 5514 2512 5557 est
2549 5500 2744 5566 vitem,
2781 5509 3008 5555 sanctos
3053 5500 3106 5554 in
3149 5500 3408 5556 omnibus
3441 5514 3563 5571 quas
3605 5500 3793 5556 dixere

2210 5596 2572 5667 opitulatores
2618 5593 2930 5657 inveniens,
2968 5607 3157 5649 secum
3192 5593 3406 5648 scilicet
3453 5595 3789 5663 plantantes,

2211 5704 2396 5743 secum
2419 5687 2757 5750 exeolentes,
2783 5699 2971 5741 secum
2989 5685 3391 5742 vindemiantes
3415 5695 3471 5741 et
3499 5688 3793 5759 botryones

2208 5786 2412 5850 pariter
2444 5779 2889 5849 contprimentes,
2921 5783 2978 5832 et
3015 5776 3159 5847 quod
3204 5784 3289 5833 est
3327 5778 3668 5849 potissimum
3698 5778 3789 5832 bc-

2209 5874 2526 5930 netlicentcs
2545 5883 2597 5930 et
2625 5878 2999 5944 protegentes,
3020 5878 3184 5941 atque
3205 5873 3390 5928 omnia
3410 5886 3530 5941 quae
3554 5869 3789 5928 ιίἱωεὲἰὶα
