4060 6236
499 353 638 413 3Γνῖ

1523 357 1625 417 SS.
1662 357 1830 415 CYRI
1859 355 1952 416 ET
1982 353 2301 415 JOANNIS
2340 356 2756 417 MIRACULA.

3606 351 3750 415 3606

498 463 724 532 ὥρμητο
753 463 850 535 τῆς
872 463 1012 517 κατὰ
1041 461 1170 518 Σαῒν
1197 465 1293 534 τήν
1326 464 1476 518 πόλιν
1507 463 1822 534 Μετήλεως.
1849 461 2074 523 Τούτοις

2182 463 2458 532 coquitur.
2495 462 2764 519 Praeterea
2795 461 3066 528 Georgius
3103 459 3472 532 possessionis
3513 470 3630 514 erat
3661 477 3761 515 cu-

497 558 560 608 έκ
589 555 860 626 διαφόρων
913 559 1230 628 δρχομένοις
1271 557 1453 609 τόπων
1517 556 1895 627 προσκυνῆσαι
1946 554 2074 614 τοὺς

503 648 808 719 μάρτυρας,
863 649 1063 718 γύναια
1135 650 1227 704 δύο
1272 649 1528 717 διάφορα,
1553 650 1648 702 καὶ
1672 649 1852 701 τόπων
1882 647 2074 714 διαφόο

503 755 610 806 ρων
641 737 962 810 ὁρμώμενα,
1023 741 1339 812 προσφορὰς
1393 741 1685 810 διαφόρους
1730 743 1841 802 τοῖς
1900 739 2077 807 ἁγίοις

501 831 836 902 προσφέρειν
888 833 1237 904 παρέχουσιν·
1264 833 1342 903 τῷ
1363 834 1460 902 μὲν
1495 833 1605 902 γὰρ
1691 831 1922 903 Πιαμὼο
1957 851 2075 902 ’τρι⁹

505 921 711 990 μήσσια
743 921 837 974 δύο
873 921 1124 975 δέδωκεν·
1153 915 1216 975 ὗν
1241 922 1300 976 δὲ
1331 923 1423 975 καὶ
1448 922 1523 991 τῷ
1551 920 1808 992 Γεωργίῳ
1837 920 2076 990 παρέσχε

504 1013 561 1064 τ’)
599 1013 804 1083 ἕτερον·
837 1012 873 1067 ἃ.
893 1013 962 1066 δι’
991 1014 1183 1066 ἑαυτὸν
1217 1015 1314 1085 μὲν
1339 1014 1528 1081 ἔλεγον
1552 1015 1778 1080 ἐνέγκαι
1817 1015 2077 1077 συντάξα-

504 1105 647 1170 σοαι,
688 1105 762 1175 μὴ
789 1104 1083 1174 δυνάμεναι
1111 1106 1168 1159 δὲ
1211 1106 1382 1159 ταῦτα
1411 1107 1478 1158 δι’
1527 1105 1734 1159 έαυτῶν
1781 1105 2076 1176 προσενέγ-

503 1198 722 1260 κασθαι,
782 1199 996 1268 ἀνάγκῃ
1033 1198 1178 1261 τινὸς
1226 1198 1324 1268 τὴν
1351 1197 1579 1268 πορείαν
1603 1195 1926 1258 κωλύοντος,
1967 1195 2082 1247 δια-

504 1290 681 1350 κόνοις
709 1287 922 1351 τούτοις
940 1290 1258 1358 ἐκέχρηντο.
1289 1289 1373 1342 ἵνα
1411 1287 1584 1342 ταῦτά
1611 1305 1776 1353 φασιν
1805 1287 2077 1350 ἀπιόντες,

503 1382 617 1442 τοῖς
631 1380 810 1446 ἁγίοις
824 1379 965 1450 ὑπὲρ
983 1379 1138 1452 ήμῶν
1159 1381 1586 1452 προσκομίσητε·
1611 1380 1766 1450 χρέος
1783 1381 1888 1448 γάρ
1913 1380 2079 1434 ταῦτα

505 1474 597 1525 καὶ
631 1472 688 1524 οὐ
718 1471 892 1542 δῷρον
941 1473 1320 1542 τυγχάνουσιν.
1357 1473 1420 1524 Οί
1470 1472 1526 1524 δὲ
1558 1462 1656 1532 τὰς
1683 1473 1936 1548 αἰτήσεις.
1969 1471 2077 1523 τῶν

504 1565 740 1632 γυναίων
795 1565 1100 1632 δεξάμενοι,
1155 1567 1252 1618 σὺν
1298 1566 1487 1628 αὐταῖς
1511 1565 1693 1618 καὶτὰ
1723 1565 1973 1634 διδόμενα
1996 1565 2082 1616 δέ·

504 1673 704 1725 χονται,
730 1655 792 1708 οὐ
828 1657 1180 1726 φιλαδελφίας
1239 1656 1405 1710 ἕνεκα
1459 1658 1552 1710 καὶ
1607 1657 1774 1727 τιμῆς
1804 1656 1904 1726 τῆς
1943 1657 2081 1727 πρὸς

503 1750 628 1812 τοὺς
661 1749 970 1818 μάρτυρας,
1001 1748 1248 1820 ὑπῆρχον
1269 1751 1377 1820 γὰρ
1403 1751 1464 1802 ἂν
1496 1751 1586 1802 καὶ
1617 1751 1902 1820 μακάριοι,
1935 1767 2078 1819 μαρ-

2173 553 2393 620 jusdam
2427 554 2570 624 apud
2606 553 2902 625 Egyptum
2927 555 3241 624 degentium
3273 555 3371 625 (l).
3399 553 3491 610 llis
3519 571 3545 608 ιι
3579 555 3760 608 diver-

2178 647 2255 698 sis
2303 647 2650 704 venientibus
2705 649 2841 701 locis
2879 657 3150 720 martyres
3186 647 3440 712 adorare,
3501 649 3759 702 mulieres

2180 741 2300 790 dote
2329 738 2556 793 ὤκει-δατ
2582 753 2646 794 ac
2667 740 3005 794 diversoruttt
3047 741 3288 794 locorum
3317 741 3586 803 oriundae,
3605 741 3760 794 obla-

2180 827 2360 882 tiones
2405 828 2652 884 diversas
2695 830 2904 884 sanctis
2948 832 3198 884 tribuunt
3235 827 3546 884 offerendas
3581 846 3595 884 :
3635 845 3758 882 nam

2184 920 2376 974 barum
2416 922 2636 989 quidem
2669 923 2837 977 altera
2869 921 3118 976 Piamotlt
3154 923 3387 977 trimisia
3407 922 3518 977 duo
3546 923 3758 984 tribuit,

2183 1025 2556 1078 sttetmautetn
2594 1011 2825 1082 Georgio
2860 1013 3091 1082 pr:ebuit
3131 1013 3336 1076 altera;
3380 1028 3502 1082 qua:
3567 1027 3661 1082 per
3701 1029 3760 1066 se

2181 1102 2398 1172 quidem
2457 1103 2741 1156 oblaturos
2787 1121 2846 1157 se
2896 1104 3109 1157 vovisse
3159 1103 3436 1168 dicebant,
3491 1103 3586 1157 sed
3630 1117 3756 1156 Cum

2183 1193 2297 1246 ltt'ee
2325 1210 2419 1262 per
2450 1211 2508 1248 se
2535 1194 2752 1248 deferre
2789 1210 2899 1248 non
2935 1203 3179 1263 possent,
3218 1195 3548 1248 necessitate
3573 1194 3760 1264 cujus-

2183 1285 2307 1339 dam
2337 1286 2430 1354 qui
2482 1286 2623 1338 viam
2672 1285 3027 1354 impediebat,
3077 1285 3162 1340 Itis
3201 1287 3293 1354 qui
3338 1285 3578 1340 ministri
3621 1301 3760 1355 opus

2183 1377 2480 1442 habebant,
2523 1389 2580 1432 ut
2627 1381 2741 1432 haec
2765 1379 2921 1432 aiunt
2959 1379 3222 1432 alteutttes
3259 1377 3503 1433 offeratis
3553 1381 3760 1433 sanctis

2187 1486 2285 1539 pro
2320 1471 2477 1524 nobis
2503 1489 2516 1536 ;
2549 1471 2794 1548 debitum
2827 1471 2975 1526 enim
3009 1471 3146 1534 haec,
3176 1481 3229 1526 et
3256 1487 3365 1525 non
3393 1473 3595 1527 donum
3625 1488 3760 1528 con-

2185 1565 2407 1618 sistunt.
2437 1565 2506 1617 At
2535 1565 2610 1616 illi
2645 1565 3109 1632 postulationibus
3141 1563 3468 1617 feminarum
3499 1567 3760 1633 acceptis,

2184 1668 2310 1706 cum
2333 1654 2415 1706 eis
2450 1654 2613 1705 etiam
2646 1670 2768 1722 quae
2812 1654 3016 1706 dantur
3045 1663 3355 1717 assumunt,
3409 1670 3516 1708 non
3559 1658 3761 1708 amoris

2186 1743 2540 1796 fraternitatis
2586 1745 2666 1797 vel
2706 1743 2932 1798 ltonoris
2981 1753 3283 1814 martyrum
3327 1761 3531 1808 causa,
3577 1755 3765 1799 essent

503 1839 720 1909 τυρικοῦ
761 1841 1103 1911 σεϐάσματος
1145 1843 1238 1894 καὶ
1295 1843 1646 1912 φιλαλληλίας
1699 1843 1861 1913 χάριν
1920 1844 2077 1896 τοῦτο

2182 1835 2326 1888 enim
2371 1833 2507 1886 beati
2553 1835 2598 1888 si
2641 1835 2921 1904 martyrici
2977 1836 3184 1895 cultus,
3223 1840 3278 1888 et
3325 1835 3496 1886 mutui
3558 1837 3764 1888 amoris

505 1932 834 2002 ποιούμενοι·
873 1933 988 1986 ἀλλ’
1035 1934 1117 1987 ὅτι
1145 1934 1373 1987 κλέπται
1421 1931 1566 2004 ἦσαν
1594 1951 1609 1966 ·
1641 1935 1802 1988 τοῦτο
1832 1933 1940 2006 γάρ
1985 1937 2080 1988 καὶ

501 2024 867 2094 περὶτούτων
913 2027 1090 2079 εἰπεῖν
1146 2028 1287 2080 κατὰ
1312 2027 1405 2080 τὸν
1452 2027 1596 2082 οεῖον
1631 2028 1885 2099 Ἰωάννην
1931 2030 2079 2082 ἐστὶν

501 2115 755 2186 ἁρμόδιον
778 2133 794 2147 ·
827 2117 1001 2170 καὶτὸ
1031 2117 1183 2171 δοθὲν
1215 2120 1416 2172 οἰκεῖον
1451 2119 1799 2190 προσεδόκων
1853 2120 2076 2191 λημμά-

499 2224 614 2259 τιον
636 2223 648 2234 ·
677 2207 706 2260 ὃ
728 2207 820 2260 καὶ
865 2225 932 2260 πε
945 2209 1238 2280 πράχασιν,
1287 2213 1506 2276 ἀγνοεῖν
1554 2209 1714 2264 τοῦτο
1739 2213 1865 2274 τοὺς
1890 2212 2078 2278 ἁγίους

499 2299 754 2366 οἰόμενοι.
797 2299 935 2353 Ἀλλ’
963 2301 1132 2364 ὅντως
1168 2302 1220 2355 oi
1251 2302 1472 2356 δείλαιοι
1536 2303 1838 2374 ἀμφότεροι
1893 2305 2078 2368 κακῶς

501 2391 1013 2460 πραγματεύονται·
1045 2393 1293 2446 εὐτελέσι
1329 2394 1436 2464 γάρ
1459 2395 1714 2465 λήμμασι
1739 2396 1829 2448 καὶ
1853 2413 2079 2465 σμικρο-

499 2483 682 2546 τάτοις
710 2483 849 2537 πάνυ
874 2484 1207 2554 τιμήμασιν,
1245 2486 1512 2556 βασάνους
1543 2487 1789 2557 μεγάλας
1826 2488 2079 2558 κομίζον-

501 2590 633 2638 ται,
693 2575 788 2628 καὶ
844 2577 1120 2650 τιμωρίας
1164 2578 1225 2630 ού
1285 2577 1515 2649 μετρίας
1575 2580 1948 2646 ὑφίστανται·
2011 2580 2076 2632 ἶν’

500 2665 812 2734 Αἰγυπτίων
847 2668 1066 2722 πάντων
1101 2669 1393 2723 παιδευταὶ
1418 2670 1663 2738 γένοιντο
1693 2672 1788 2724 καὶ
1816 2671 2078 2725 διδάσκα-

501 2755 604 2822 λοι,
653 2758 842 2826 ἁγίους
902 2758 1084 2813 σέϐειν
1145 2759 1223 2824 ώς
1261 2760 1490 2830 ὤφελον,
1545 2763 1767 2832 καὶτῆς
1801 2763 1980 2816 αὐτῶν
2002 2763 2078 2834 μὴ

501 2849 834 2905 καταπτύειν
861 2851 1164 2924 δυνάμεως.
1203 2853 1480 2918 Λαϐόντες
1515 2854 1626 2925 γάρ
1667 2855 1778 2908 τῶν
1834 2857 2078 2921 γυναίων

499 2941 566 2999 τὰ
587 2943 860 3013 τάγματα,
905 2945 998 2998 καὶ
1026 2945 1163 3016 πρὸς
1188 2945 1498 3017 προσευχὴν
1525 2947 1872 3016 ἀφικόμενοι,
1906 2948 2080 3002 ταῦτα

499 3032 622 3085 καθ’
651 3033 768 3088 ὁδὸν
798 3034 1234 3107 δαπανήσαντες,
1289 3037 1452 3091 πάλιν
1499 3039 1859 3110 ἀπέρχονται,
1908 3041 2076 3111 Κύρῳ

504 3125 670 3195 μηδὲν
720 3127 816 3180 καὶ
855 3127 1078 3201 Ἰωάννῃ
1131 3131 1245 3191 τοῖς
1299 3129 1561 3200 μάρτυσι,
1607 3125 1681 3185 ὧν
1719 3132 2068 3202 ἐκομίσαντο,
2103 3167 2146 3224 c

500 3221 994 3292 προσκομίσαντες.

574 3315 681 3366 Καὶ
695 3314 901 3369 τούτων
924 3316 1384 3387 γιγνωσκομένων
1399 3317 1820 3388 ἐμακροούμουν
1839 3321 1886 3372 οἱ
1909 3321 2073 3386 ἅγιοι,

498 3405 598 3476 τὴν
627 3406 967 3476 μετάγνωσιν
994 3409 1174 3462 αὐτῶν
1203 3409 1585 3480 ἀναμένοντες,
1618 3413 1710 3463 καὶ
1759 3411 1849 3464 τὸν
1875 3415 2075 3464 Δεσπό-

493 3513 598 3566 την
629 3497 863 3567 Χριστὸν
896 3499 987 3551 καὶ
1017 3502 1074 3552 ἐν
1100 3499 1274 3570 τούτῳ
1311 3501 1694 3572 φιλανθρωπίᾳ
1727 3503 2072 3573 μιμούμενοι.

511 3587 652 3648 Ἀλλ’
676 3589 751 3653 ὡς
781 3589 886 3642 [δον
923 3591 1327 3653 καταλαϐόντας
1366 3593 1434 3644 τὰ
1479 3593 1605 3655 tam,
1640 3595 1735 3646 καὶ
1790 3595 1924 3663 πρὸς
1979 3597 2076 3664 μὲν

499 3679 726 3742 ἑαυτοὺς
755 3681 1218 3752 ἀναστρέψαντας,
1257 3685 1356 3736 οὐκ
1381 3685 1615 3755 αναστρέ
1629 3685 1823 3751 ᾇαντας
1854 3687 1907 3738 δὲ
1943 3688 2077 3754 ἥς

502 3772 812 3842 μετάνοιαν,
847 3773 1015 3838 ἀξίως
1075 3777 1426 3848 ἀμφοτέρους
1486 3778 1807 3840 αἰκίζονται·
1841 3779 1938 3829 τοῦ
1979 3781 2076 3847 μὶν

499 3861 728 3932 Πιαμὼθ
761 3864 926 3928 πόδας
952 3867 1046 3918 καὶ
1076 3869 1264 3936 χεῖρας
1308 3867 1689 3935 συνδήσαντες,
1717 3869 1809 3920 καὶ
1847 3871 1950 3920 κᾶν
1979 3871 2075 3920 αύ-

495 3957 587 4008 τοῦ
607 3957 668 4009 τὸ
687 3955 846 4028 σῶμα
867 3960 986 4020 ταῖς
1015 3957 1114 4026 τῆς
1136 3959 1420 4029 παρέσεως
1451 3961 1664 4023 ὀδύναις
1693 3963 2071 4030 μαστίξανῖες·

499 4049 773 4119 Γεωργίου
803 4048 882 4112 δὲ,
916 4048 1103 4102 τοῦτον
1148 4051 1670 4120 συγκαταόρώξαντι
1725 4057 2074 4123 πονηροτάτῳ

495 4141 709 4212 δαίμονι
753 4141 854 4211 τὴν
894 4141 1144 4213 εἰσϐολὴν
1210 4147 1685 4213 συγχωρήσαντες.
1748 4147 1972 4208 Γνόντες
2012 4147 2070 4200 δὲ

496 4235 691 4288 θᾶττον
713 4236 763 4288 oi
789 4235 1018 4298 τάλανες
1049 4237 1176 4300 τοὺς
1206 4237 1586 4303 κακώσαντας,
1624 4238 1718 4290 καὶ
1773 4238 2073 4311 διαρρήδην

496 4325 661 4378 πᾶσιν
706 4321 1141 4398 ὁμολογήσαντες
1196 4329 1311 4390 τοῖς
1351 4328 1577 4392 οἰκείοις
1622 4327 1692 4382 τὰ
1731 4332 2072 4400 πταίσματα,

496 4417 818 4487 αἰτήσαντες
845 4418 902 4472 δὲ
925 4419 1020 4472 καὶ
1049 4419 1115 4472 τὰ
1140 4419 1338 4488 γύναια
1367 4423 1435 4473 τα
1463 4421 1564 4484 τὰς
1623 4424 1942 4493 προσφορὰς
1979 4427 2074 4478 αύ-

2182 1928 2359 1996 gratia
2394 1926 2507 1979 llttBC
2538 1925 2795 1995 (ιεὶδδριη,
2828 1925 2920 1980 sed
2942 1925 3068 1993 quia
3103 1924 3250 1978 fures
3276 1933 3461 1991 erant;
3494 1926 3596 1979 ltoc
3617 1926 3761 1978 cnim

2181 2023 2346 2073 etiam
2384 2019 2452 2072 de
2492 2019 2577 2072 itis
2611 2019 2916 2072 secundum
2941 2017 3187 2071 divinum
3224 2015 3493 2071 Joannem
3526 2028 3650 2087 apte
3678 2017 3763 2071 di-

2183 2111 2417 2164 cendum
2443 2120 2560 2177 cst;
2605 2122 2660 2165 et
2691 2109 2838 2180 quod
2883 2110 3072 2164 datum
3105 2109 3306 2175 fuerat,
3353 2109 3633 2180 proprium
3672 2125 3766 2164 ett-

2185 2202 2507 2270 spectabant
2531 2200 2919 2254 munusculum
2958 2199 3160 2264 facere,
3183 2198 3328 2268 qttod
3359 2205 3414 2253 et
3448 2209 3762 2268 gesserunt,

2183 2293 2286 2346 ltoc
2339 2302 2560 2347 sanctos
2606 2292 2864 2362 ignorare
2920 2299 3198 2361 putantes.
3251 2290 3358 2345 Sed
3402 2306 3530 2344 vere
3577 2291 3763 2346 miseri

2180 2385 2341 2438 ambo
2365 2385 2507 2439 male
2541 2385 2768 2439 mercati
2809 2395 2976 2448 sunt;
3016 2383 3220 2437 vilibus
3251 2383 3395 2438 enim
3440 2385 3765 2451 acceptimti-

2181 2477 2283 2532 bus
2315 2486 2368 2531 et
2410 2477 2566 2531 valde
2603 2477 2804 2531 modici
2843 2477 3002 2547 pretii
3035 2487 3308 2530 tormenta
3359 2491 3554 2545 magna
3588 2476 3764 2544 perci-

2181 2576 2366 2644 pittttt,
2403 2583 2457 2629 et
2507 2590 2697 2645 pmuas
2744 2575 2888 2630 haud
2939 2575 3243 2630 mediocres
3283 2575 3606 2637 incurrunt,
3655 2591 3766 2643 quo

2184 2667 2566 2739 {Egyptiorunt
2591 2669 2836 2722 omnium
2859 2667 3171 2722 eruditores
3199 2667 3388 2721 tierent
3422 2675 3477 2720 et
3496 2666 3764 2736 magistri,

2182 2770 2404 2814 sanctos
2435 2767 2492 2811 ttt
2520 2759 2764 2814 debitunt
2793 2767 2878 2814 est
2909 2757 3147 2822 colendi,
3177 2771 3479 2825 eorumque
3509 2759 3764 2812 virtutem

2181 2852 2408 2905 minime
2442 2849 2758 2919 respuendi.
2796 2848 3054 2918 Acceptis
3085 2848 3230 2902 enim
3271 2847 3561 2902 mulierum
3601 2849 3765 2912 votis,

2181 2942 2246 2994 ad
2279 2946 2584 2996 orationem
2628 2941 2861 3010 profecti
2903 2950 3056 3003 sunt,
3094 2950 3146 2994 et
3185 2940 3272 2995 his
3297 2941 3350 2998 itt
3382 2941 3466 2993 via
3509 2955 3768 2996 consum-

2181 3037 2310 3106 ptis,
2352 3035 2600 3098 redeunt,
2633 3050 2758 3090 cum
2795 3036 2941 3106 Cyro
2964 3035 3098 3087 uiltil
3129 3042 3183 3088 et
3212 3032 3407 3088 Joattni
3431 3034 3767 3105 martyribus

2181 3147 2244 3182 ex
2277 3131 2362 3185 bis
2395 3146 2516 3199 qua:
2549 3131 2746 3183 collata
2787 3128 3023 3190 fuerant,
3055 3127 3412 3182 obtulissent.

2258 3314 2314 3364 τις
2350 3315 2433 3365 bis
2457 3314 2642 3383 gestis,
2673 3311 3056 3376 teqttattitttiler
3087 3311 3336 3365 ferebant
3358 3312 3563 3370 sancti,
3599 3313 3769 3380 pit-ni-

2187 3415 2410 3459 tentiam
2433 3424 2622 3459 eorum
2644 3413 3049 3474 exspectantes,
3067 3413 3121 3459 et
3145 3405 3575 3460 DomittiCltristi
3603 3407 3764 3459 etiam

2186 3501 2238 3553 itt
2275 3501 2376 3552 Itoe
2415 3499 2849 3554 tttiset'icordiattt
2879 3499 3181 3553 imitantes.
3217 3498 3320 3553 Sed
3355 3513 3479 3553 cum
3503 3499 3770 3553 vidissent

2184 3607 2277 3644 eos
2305 3592 2370 3644 ad
2415 3592 2631 3660 propria
2679 3607 2976 3654 remeasse,
3020 3599 3074 3644 et
3116 3591 3181 3644 ad
3215 3607 3272 3644 se
3302 3605 3624 3654 conversos,
3658 3607 3764 3643 ttott

2185 3695 2370 3735 autem
2407 3699 2705 3737 conversos
2741 3683 2808 3736 ad
2852 3683 3256 3752 pmttitetttiattt,
3289 3681 3452 3750 digne
3491 3680 3766 3751 flagellant

2185 3785 2511 3842 ttttttmque;
2549 3775 2796 3828 l’iazttotlt
2829 3777 3047 3845 quidem
3081 3789 3274 3828 manus
3314 3783 3366 3828 et
3411 3773 3576 3844 pedes
3605 3775 3764 3828 colli-

2185 3882 2398 3936 gamus,
2440 3877 2492 3920 et
2525 3877 2698 3921 totum
2731 3885 2932 3938 corpus
2963 3869 3081 3934 ejus
3123 3867 3439 3937 paralyseos
3483 3867 3766 3920 doloribus

2185 3965 2566 4022 verberantes;
2596 3961 2817 4031 Georgii
2849 3970 3050 4025 autettt,
3085 3961 3176 4029 qui
3210 3975 3333 4012 cum
3369 3961 3544 4012 altero
3575 3975 3766 4029 accep-

2185 4061 2295 4103 lttttt
2347 4067 2574 4118 porcum
2606 4053 2681 4120 (τὶ)
2713 4051 3048 4112 cutuederat,
3091 4049 3332 4118 pessimo
3373 4049 3644 4102 daemonio
3683 4051 3766 4102 itt-

2186 4145 2408 4197 troitum
2459 4144 2824 4213 indulgentes.
2856 4144 3106 4212 Cumque
3140 4141 3410 4196 maturius
3461 4143 3644 4197 miseri
3687 4145 3764 4194 al-

2183 4233 2434 4303 fl'geutes
2467 4251 2524 4288 se
2569 4235 2982 4304 cognovissent,
3017 4242 3070 4289 et
3126 4234 3304 4304 palam
3349 4235 3608 4289 omnibus
3647 4237 3763 4288 suis

2183 4331 2432 4398 proprias
2480 4328 2724 4382 confessi
2753 4330 2945 4398 culpas
2983 4327 3233 4392 fuissent,
3273 4329 3764 4398 postulassentque

2185 4422 2434 4486 feminas,
2462 4438 2584 4492 quae
2615 4422 2922 4477 oblationes
2945 4422 3050 4476 sibi
3089 4423 3456 4492 prtabuerattt,
3487 4437 3554 4476 ne
3575 4437 3632 4476 se
3652 4437 3766 4475 mrt-

494 4510 607 4572 τοτς
628 4509 1048 4581 παρασχόμενα,
1080 4513 1348 4582 κατάραις
1383 4513 1564 4578 αὐτοῖς
1586 4515 1660 4584 μὴ
1683 4515 2074 4581 καοάπτεσῢαι,

2189 4513 2574 4567 ledietiouiltus
2602 4513 2950 4583 impeterent,
2977 4513 3044 4567 ad
3073 4523 3296 4569 sanctos
3329 4514 3488 4568 sicuti
3521 4529 3626 4569 non
3651 4529 3768 4582 spe-

497 4601 631 4670 πρδς
692 4601 820 4664 τοὺς
875 4602 1062 4670 ἁγίους
1087 4603 1163 4666 ὡς
1193 4604 1295 4657 οὐκ
1359 4605 1598 4675 ’ήλπισαν
1653 4608 1926 4676 ἔρχονται,
1979 4611 2072 4662 καὶ

497 4691 827 4763 συγγνώμης
851 4697 1037 4763 τυχεῖν
1084 4694 1394 4748 ὲλιτάνευον
1418 4689 1491 4748 ὧν
1518 4697 1597 4760 εἰς
1627 4699 1825 4760 αὐτοὺς
1886 4701 2069 4769 ἡμαρ-

493 4785 746 4852 τήκασιν,
773 4789 1068 4858 σωφρονεῖν
1089 4787 1182 4840 τοῦ
1222 4787 1412 4840 λοιποῦ
1445 4789 1890 4857 συνταττόμενοι.

565 4879 626 4930 Oi
654 4877 711 4931 δὲ
742 4879 1022 4950 μάρτυρες
1052 4879 1145 4934 τὸν
1167 4879 1396 4950 ΠιαμὼΟ
1433 4881 1526 4933 ἐπὶ
1555 4882 1730 4952 μῆνας
1761 4882 1820 4948 ἓξ
1855 4885 2068 4936 αἰκισά-

499 4985 649 5038 μενοι
670 4969 780 5022 τῶν
809 4969 1058 5040 βασάνων
1086 4972 1338 5040 ἀφιᾶσιν·
1368 4973 1463 5024 καὶ
1497 4973 1588 5025 τὸν
1623 4974 1826 5042 τρόπον
1843 4975 1898 5027 δὲ
1918 4975 2068 5040 λέξο-

499 5079 597 5132 μεν
615 5062 712 5132 τῆς
729 5063 1004 5131 ἀφέσεως·
1035 5063 1182 5116 ἔστιν
1207 5063 1314 5135 γὰρ
1336 5064 1643 5133 διηγήσεως
1661 5065 1829 5131 ἄξιος·
1855 5068 2075 5121 ἐκάθευ-

493 5154 550 5207 δε
585 5153 814 5224 Πιαμὼθ
847 5155 942 5208 ἐπὶ
996 5155 1317 5226 στρώματα.
1358 5159 1454 5209 καὶ
1481 5156 1696 5226 βλέπειν
1743 5160 1915 5214 ἐδόκει
1949 5163 2074 5224 τοὺς

497 5247 686 5315 ἁγίους
743 5247 980 5318 ὁράματι
1030 5247 1202 5302 ταῦτα
1233 5249 1633 5321 προσελθόντας
1667 5252 1763 5304 καὶ
1791 5252 2070 5320 λέγοντας.

496 5337 686 5404 Θέλεις
711 5343 896 5411 τυχεῖν
926 5339 1026 5409 τῆς
1081 5341 1276 5404 ἰάσεως
1303 5345 1395 5395 καὶ
1422 5346 1614 5411 φυγεῖν
1641 5343 1740 5414 τῆς
1787 5345 1944 5399 νόσου
1977 5347 2074 5416 τὴν

498 5427 766 5496 βάσανον;
819 5430 878 5483 'U
907 5429 986 5493 δὲ,
1012 5431 1124 5484 Καὶ
1143 5431 1310 5502 μάλα,
1338 5433 1474 5504 πρὸς
1499 5434 1696 5497 αὐτοὺς
1718 5437 2068 5508 ἁπεκρίνατο.

490 5519 560 5586 Εἰ
592 5520 760 5594 βούλῃ
777 5521 943 5590 φασὶν
974 5521 1178 5592 ταύτην
1214 5523 1430 5578 ἐκδύναι
1455 5525 1552 5596 τὴν
1595 5529 1856 5596 μάστιγα,
1891 5531 1958 5582 τὰ
1981 5531 2073 5582 δύο

567 5729 644 5801 (Ι)
690 5727 804 5801 lmo
836 5729 1023 5784 Gt-tece
1065 5748 1075 5783 :

1125 5729 1382 5785 oriundus
1447 5742 1562 5786 erat
1623 5751 1758 5802 puga
1818 5733 2063 5790 illi-tritae

497 5799 557 5856 ci.
574 5799 635 5855 τά
661 5799 838 5856 urbem
883 5803 1036 5858 Sam.

2183 4613 2439 4656 raverattt
2488 4605 2738 4667 veniunt,
2793 4615 2846 4658 et
2899 4604 3111 4658 veniam
3165 4605 3232 4660 de
3272 4605 3358 4660 bis
3414 4621 3536 4676 qua:
3591 4611 3644 4660 itt
3687 4623 3761 4660 eo

2183 4706 2540 4764 p--t-t-averattt
2589 4697 2883 4765 inpetrare
2937 4697 3402 4767 deprecabantur,
3447 4699 3648 4768 corrigi
3697 4699 3764 4752 de

2181 4799 2378 4843 ctetet'tt
2403 4790 2739 4858 pollicettles.
2953 4790 2958 4796 ”

2253 4882 2518 4952 Mattyrt-s
2558 4891 2738 4935 atttem
2780 4898 2905 4934 cum
2959 4880 3205 4936 l’iatuotlt
3257 4900 3353 4954 per
3405 4900 3624 4940 menses
3669 4901 3760 4938 sex

2186 4978 2595 5038 verberassettt,
2647 4991 2677 5027 a
2719 4975 3003 5044 Suppliciis
3030 4974 3386 5031 dimiserunt.
3427 4975 3490 5029 Et
3538 4975 3760 5029 modum

2182 5083 2402 5137 quoque
2441 5067 2690 5121 dicemus
2721 5067 3105 5133 ditttissionis;
3141 5077 3222 5121 est
3253 5069 3401 5122 enim
3445 5067 3760 5120 narratione

2182 5159 2405 5228 dignus.
2442 5157 2754 5211 Dormieltat
2785 5156 3057 5224 l‘iamotlt,
3095 5169 3146 5212 et
3175 5160 3420 5228 aspiCere
3455 5169 3678 5212 sanctos
3706 5159 3759 5210 in

2183 5250 2301 5303 visu
2335 5249 2560 5317 putabat
2603 5250 2668 5302 ad
2709 5263 2769 5303 se
2792 5249 3072 5304 venientes
3121 5256 3286 5318 atque
3321 5249 3435 5301 haec
3462 5245 3709 5300 dicentes
3747 5269 3757 5300 :

2183 5342 2278 5396 Vis
2308 5341 2540 5411 adipisci
2586 5343 2878 5396 sanitatem
2918 5350 2970 5394 et
3008 5339 3196 5410 fugere
3237 5357 3267 5393 a
3299 5339 3582 5409 languoris
3631 5355 3762 5408 sup—

2183 5435 2379 5506 plicio?
2410 5435 2478 5487 At
2527 5435 2617 5488 ille
2643 5436 2706 5487 ad
2743 5448 2878 5488 eos:
2915 5433 2980 5487 Et
3003 5433 3179 5496 valde,
3213 5430 3514 5500 respondit.
3559 5429 3614 5484 Si
3651 5434 3756 5494 vis,

2182 5529 2362 5591 aiunt,
2419 5530 2524 5584 hoc
2563 5527 2836 5598 flagellum
2885 5525 3140 5588 evadere,
3186 5523 3295 5578 duo
3337 5523 3571 5579 trituisia
3608 5523 3762 5580 defer

2015 5645 2054 5697 Ν
2065 5645 2245 5700 ΟΤίΕ.

2170 5807 2200 5859 6
2245 5739 2318 5821 (ιν)
2352 5735 2582 5791 Videtur
2610 5733 2935 5791 Anastasius
2963 5733 3156 5805 legisse
3195 5733 3372 5807 τούτῳ
3397 5734 3461 5789 ὗν
3491 5747 3588 5788 συν
3682 5742 3768 5793 τε

2210 5829 2250 5855 ἰ’
2290 5825 2494 5859 ςννῖοξ.

2207 5829 2250 5878 ρ’
2290 5825 2494 5873 ςνντος.
