4060 6236
236 186 373 253 3607

1117 193 1179 254 S.
1217 192 1631 254 SOPHRUNII
1687 196 2192 259 PATRIARCH/E
2228 201 2631 262 HIEBOSOL.

3358 206 3498 271 3608

236 316 359 371 quae
394 303 654 373 accepisti
702 315 754 359 et
788 321 898 389 non
930 308 1184 374 attulisti,
1219 319 1272 366 et
1298 322 1516 373 reporta
1561 312 1810 367 Celerius.

1926 317 2229 386 τριμήσσια
2281 318 2497 390 κόμιζε,
2532 316 2674 389 ἅπερ
2717 319 2897 374 λαϐὼν
2939 322 3040 375 οὐκ
3085 320 3371 394 ἐκόμισας,
3404 327 3500 380 καὶ

233 396 333 450 Ast
374 409 700 462 conversus,
742 413 920 468 neque
961 401 1106 455 enim
1159 403 1248 456 illa
1299 405 1594 470 tribuerat,
1647 423 1823 475 neque

236 501 365 540 cum
405 489 621 544 veniret
662 490 942 557 attulerat,
993 495 1137 547 notis
1179 496 1455 550 somnium
1512 497 1817 563 indicavit;

235 578 327 645 qui
388 577 517 633 huic
583 582 894 649 pra-dictam
944 585 1230 652 pecuniam
1271 589 1662 655 commodaut,
1710 607 1819 660 qua

236 668 529 736 languidus
561 681 809 743 accepta,
840 666 1291 748 martyribusque
1324 679 1530 743 oblata,
1575 696 1601 732 a
1644 681 1818 751 plagis

235 761 550 827 dimittitur,
583 765 889 819 mirandam
932 784 1118 821 eorum
1146 772 1403 825 virtutem
1440 782 1720 841 expertus,
1765 788 1817 830 et

235 855 378 908 ultra
406 871 465 910 se
498 856 625 910 talia
649 873 758 912 non
804 871 1264 930 prmsumpturum
1292 863 1656 933 jurejurando
1695 867 1816 936 pol-

231 946 435 1001 liciius.
464 948 758 1020 Georgium
793 964 973 1006 autem
1013 968 1041 1006 a
1083 970 1317 1024 nequam
1350 955 1646 1022 daemonio,
1685 973 1815 1010 nee-

232 1040 362 1094 dum
396 1041 629 1095 lilierare
656 1042 974 1111 judicavere
1013 1045 1264 1116 dignum,
1297 1050 1390 1103 sed
1429 1051 1608 1103 adhuc
1648 1066 1815 1119 penes

231 1145 292 1184 se
341 1147 437 1200 per
473 1132 606 1186 illud
653 1135 1012 1190 erudiendum
1066 1139 1297 1206 habent,
1349 1150 1402 1193 et
1448 1158 1681 1211 purgare
1730 1142 1815 1196 bis

232 1236 392 1276 suum
432 1221 488 1277 iu
519 1223 609 1278 die
655 1228 916 1295 templum
960 1239 1285 1294 sanxerunt,
1326 1242 1601 1299 quatenus
1648 1236 1815 1286 deor-

232 1327 352 1366 sum
380 1328 527 1384 sape
551 1317 920 1387 prospiciens,
957 1329 1010 1374 et
1040 1320 1092 1373 in
1128 1337 1281 1375 suem
1323 1340 1482 1391 quem
1525 1334 1812 1393 acceperat

194 1392 197 1395 ’
233 1412 501 1469 mutatus,
549 1408 872 1463 recordetur
924 1411 1131 1477 delicti,
1174 1424 1224 1468 et
1259 1429 1381 1469 sese
1430 1415 1530 1467 hoc
1567 1416 1815 1484 nequiter

230 1497 410 1563 egisse
448 1500 734 1567 pmniteat.
784 1500 892 1557 Nos
936 1512 1117 1559 autem
1143 1506 1308 1560 etiam
1350 1523 1444 1575 per
1488 1509 1585 1560 iiOS
1627 1509 1810 1577 agnita

231 1598 548 1644 sanctorum
600 1592 842 1659 virtute,
898 1597 1163 1664 operibus
1208 1614 1301 1653 ens
1362 1600 1519 1655 lmnis
1565 1601 1811 1669 placidos

231 1681 522 1747 faciamus,
551 1695 607 1738 et
636 1695 859 1754 propter
888 1687 1003 1742 haec
1044 1704 1138 1743 eos
1167 1689 1364 1743 iturum
1399 1690 1656 1746 laudibus
1680 1692 1808 1746 οπρ-

229 1784 433 1839 rentes,
456 1776 686 1831 aliorum
718 1779 1109 1834 beneﬁciorum
1138 1783 1406 1850 ipsorum,
1435 1784 1617 1853 potius
1642 1794 1808 1855 quant

229 1867 529 1934 minarum,
560 1868 632 1923 de
663 1879 858 1925 caetero
885 1875 1204 1928 memoriam
1237 1874 1523 1932 faciamus.

404 2069 465 2126 L.
511 2071 585 2126 De
610 2074 799 2128 Nomio
826 2076 1172 2130 semiaridum
1200 2080 1381 2149 pedem
1409 2081 1649 2138 habente.

298 2234 571 2299 Quoniam
622 2238 956 2309 prodigium,
993 2244 1137 2312 quod
1191 2255 1317 2300 ante
1361 2244 1462 2300 hoc
1506 2250 1808 2316 praicessit,

229 2342 337 2380 non
382 2328 734 2384 mediocriter
769 2348 873 2388 nos
901 2334 1160 2391 virtutem
1204 2350 1518 2394 sanctorum
1555 2343 1806 2408 edocuit;

226 2420 468 2474 ostendit
522 2423 666 2475 cnim
722 2411 984 2493 quantum
1037 2429 1233 2494 severi,
1275 2442 1651 2502 quantumque
1699 2435 1809 2489 sint

229 2516 637 2581 misericordes,
673 2526 728 2571 et
758 2535 919 2587 quam
951 2521 1250 2592 corripiant
1278 2525 1677 2582 rationabiliter
1708 2527 1809 2584 hos

227 2604 319 2673 qui
355 2605 421 2658 ad
455 2609 831 2676 paenitentiam
865 2619 1150 2679 spectant;
1184 2613 1237 2666 in
1266 2629 1375 2681 quo
1410 2630 1517 2670 non
1549 2616 1809 2672 decuerat

126 2687 132 2698 ’
229 2698 600 2751 narrationem
641 2699 1020 2770 prodigiorum
1074 2703 1129 2756 in
1179 2702 1465 2775 AEgyptios
1514 2711 1568 2760 et
1605 2704 1807 2777 Libyes

227 2805 257 2842 ο
296 2790 631 2860 martyribus
682 2803 1024 2861 patraterum
1085 2809 1304 2852 sumere
1348 2796 1530 2863 ﬁnem,
1567 2799 1641 2853 ita
1683 2810 1741 2855 ut
1776 2818 1805 2856 a

227 2882 496 2937 beneﬂcio
536 2895 590 2937 et
626 2886 1014 2953 compassione
1055 2888 1200 2943 circa
1248 2889 1571 2959 languentes
1604 2894 1677 2947 sit
1711 2893 1808 2947 in-

1926 409 2161 478 κυμίζου·
2183 411 2377 463 θᾶττον
2401 412 2500 481 τὴν
2539 411 2706 467 ῖασιν.
2757 411 2813 466 '0
2834 412 2891 466 δὲ
2924 412 3184 483 στραφεὶς
3213 413 3355 484 (οὐδὲ
3389 416 3499 487 γὰρ

1922 495 1990 571 ἧν
2008 500 2146 554 αὐτὰ
2159 501 2595 572 παρασχόμενος,
2618 502 2739 556 οὐδὲ
2768 503 3005 572 κομίσας
3024 504 3363 575 ἐρχόμενος),
3384 509 3499 568 τοῖς

1922 593 2223 663 γνωρίμοις
2263 593 2355 648 τὸν
2403 594 2612 666 ὄνειρον
2679 594 2965 665 ήγγειλενο
3015 597 3064 649 oi
3120 594 3178 647 δὲ
3227 594 3387 649 τοῦτο
3436 594 3500 648 τὸ

1920 680 2109 750 λεχθὲν
2167 682 2428 753 ἀργύριον
2451 686 2508 736 ὲν
2537 685 2731 755 χρήσει
2775 682 3033 748 διδόασιν,
3085 684 3222 755 ὅπερ
3265 682 3499 737 λαϐὼνό

1920 773 2093 827 νοσῶν
2123 774 2215 827 καὶ
2265 775 2640 845 προσενέγκας
2666 778 2781 839 τοῖς
2817 775 3108 846 μάρτυσιν,
3134 774 3243 829 τῶν
3271 775 3498 845 πληγῶν

1919 866 2238 930 ἀπολύεται,
2295 867 2604 933 παιδευθεὶς
2635 868 2814 922 αὐτῶν
2841 868 2939 939 τὴν
2966 866 3202 933 ἐξαίσιον
3242 868 3495 937 δύναμιν,

1919 959 2014 1012 καὶ
2044 959 2268 1012 τοιαῦτα
2299 961 2497 1032 μηκέτι
2545 961 2748 1031 τολμᾷν
2781 959 3180 1029 ἐπομνύμενος.
3224 959 3498 1029 Γεώργιον

1916 1050 1971 1102 δὲ
1988 1049 2081 1102 τοῦ
2108 1050 2345 1120 πονηροῦ
2373 1051 2627 1121 δαίμονος
2647 1051 2706 1103 οῦ
2717 1069 2801 1105 πω
2823 1051 3156 1122 λυτροῦσθαι
3175 1051 3497 1122 κεκρίκασιν

1916 1140 2086 1206 ἄξιον,
2123 1141 2237 1194 ἀλλ’
2271 1143 2395 1195 ἐπεὶ
2430 1146 2561 1207 παρ’
2590 1145 2780 1208 αὐτοῖς
2806 1145 2877 1198 δι’
2908 1136 3073 1198 αὑτοῦ
3107 1141 3496 1212 παιδευόμενον

1917 1233 2150 1303 ἔχουσιν,
2184 1234 2279 1286 καὶ
2304 1238 2531 1305 κοσμεῖν
2558 1235 2736 1288 αὐτῶν
2763 1236 2855 1290 τὸν
2888 1235 3024 1289 νεὼν
3046 1236 3128 1303 δὶς
3147 1235 3247 1306 τῆς
3272 1234 3515 1306 ἡμέρας

1915 1325 2228 1387 ἐθέσπισαν,
2287 1326 2435 1388 ὅπως
2464 1324 2530 1379 ἂν
2565 1327 2714 1380 κάτω
2769 1326 2984 1397 βλέπων
3029 1327 3377 1397 συχνότερον,
3400 1325 3494 1379 καὶ⁵

1914 1417 1974 1469 τὸ
2028 1417 2123 1470 νῦν
2180 1417 2241 1471 ὃν
2294 1418 2510 1488 εἰλήφει
2566 1418 2946 1490 μιμούμενος,
3007 1417 3341 1490 μνημονεύοι
3395 1416 3512 1504 τοῦ,

1915 1511 2279 1579 πταίσματος,
2304 1510 2399 1563 καὶ
2430 1512 2830 1579 μεταγινώσκοι
2857 1510 3017 1564 τοῦτο
3044 1510 3322 1573 κακίστως
3350 1527 3491 1581 πραο

1916 1600 2165 1670 ξάμενος.
2209 1602 2482 1679 Ἢμεῖςδὲ
2517 1603 2612 1657 καὶ
2634 1604 2723 1656 διὰ
2750 1603 2955 1657 τούτων
2987 1603 3096 1658 τῶν
3125 1603 3295 1673 ἁγίων
3320 1605 3518 1671 ἔγνω--

1913 1694 2068 1757 κότες
2096 1694 2194 1765 τὴν
2227 1694 2478 1764 δύναμιν,
2516 1695 2699 1766 ἔργοις
2726 1697 2925 1759 αὐτοὺς
2969 1695 3192 1764 ἀγαθοῖς
3244 1695 3495 1765 εὐμενεῖς

1910 1785 2270 1856 ποιησώμεθα
2304 1806 2315 1817 -
2351 1785 2445 1838 καὶ
2473 1786 2561 1840 διὰ
2598 1785 2771 1840 ταῦτα
2826 1787 2989 1840 πάλιν
3016 1789 3213 1850 αὐτοὺς
3244 1787 3491 1857 ἀνυμνή-

1913 1893 2125 1939 σαντες,
2160 1877 2487 1948 εὐεργεσιῶν
2529 1877 2709 1930 αὐτῶν
2766 1878 2968 1945 μᾶλλον
3019 1877 3224 1949 ἑτέρων
3258 1879 3353 1931 καὶ
3391 1876 3493 1931 οὐκ

1910 1967 2149 2022 ἀπειλῶν
2177 1968 2270 2021 τοῦ
2296 1968 2484 2022 λοιποῦ
2520 1969 3013 2040 μνημονεύσωμεν.

1910 2081 1992 2134 N'.
2022 2080 2161 2147 Περὶ
2191 2080 2439 2135 [Vm-rm")
2479 2081 2586 2135 τοῦ
2609 2080 2717 2134 τὸν
2751 2081 2908 2135 πόδα
2948 2082 3249 2151 ήμίξηρον
3309 2083 3485 2152 ἕχον-

2635 2168 2760 2218 τος.

1991 2242 2210 2309 Ἐπειδὴ
2237 2241 2298 2293 τὸ
2327 2242 2430 2310 προ
2460 2241 2653 2295 τούτου
2678 2243 2966 2313 τεράστιον
2989 2245 3049 2296 οὐ
3082 2243 3321 2314 μετρίως
3340 2243 3490 2311 ἡμᾶς

1908 2331 2006 2401 τὴν
2031 2331 2141 2384 τῶν
2167 2332 2338 2398 ἁγίων
2385 2332 2539 2403 ίσχὺν
2569 2332 2971 2399 ὲξεπαίδευσεν.
3003 2333 3205 2400 ἔδειξεν
3228 2336 3339 2402 γάρ
3364 2335 3490 2389 ὅσον

1908 2423 2189 2492 ἐμϐριθεῖς
2250 2426 2353 2475 εἰσι
2384 2424 2480 2476 καὶ
2509 2422 2900 2494 φιλάνθρωποι,
2952 2425 3044 2478 καὶ
3070 2427 3146 2488 ὡς
3169 2424 3490 2479 παιδεύουσι

1909 2518 2052 2570 κατὰ
2102 2516 2259 2583 λόγον
2292 2515 2418 2578 τοὺς
2451 2514 2768 2579 πταίοντας,
2820 2517 2917 2569 καὶ
2949 2515 3110 2569 πάλιν
3147 2516 3334 2568 ίῶνται
3358 2514 3487 2578 τοὺς

1908 2610 1986 2669 είς
2044 2609 2335 2677 μετάνοιαν
2381 2606 2699 2677 βλέποντας,
2728 2610 2785 2660 ὲν
2817 2601 2970 2679 ᾧπερ
3018 2608 3119 2661 οὐκ
3139 2607 3348 2677 ἔπρεπε
3375 2606 3486 2660 τῶν

1908 2702 1988 2762 εἰς
2014 2699 2342 2766 Αἰγυπτίους
2369 2700 2461 2751 καὶ
2482 2698 2687 2763 Λίϐυας
2718 2700 3071 2771 πραχθέντων
3101 2701 3347 2772 τεράτων
3375 2703 3490 2763 τοῖς

1913 2792 2170 2863 μάρτυσι,
2230 2791 2404 2861 πέρας
2432 2791 2619 2845 λαϐεῖν
2663 2792 2763 2861 τὴν
2787 2791 3060 2862 διήγησιν,
3086 2791 3147 2858 ἐξ
3170 2792 3490 2863 εὐεργεσίας

1914 2886 2012 2953 μὲν
2033 2883 2347 2954 ἀρξαμένην
2364 2884 2457 2936 καὶ
2477 2882 2821 2953 συμπαθείας
2842 2884 2940 2954 τῆς
2961 2883 3236 2955 πρὺςτοῦς
3258 2884 3493 2951 πάσχον·

228 2974 446 3039 clioata,
480 2983 534 3029 et
565 2975 618 3027 in
650 2976 910 3030 ultionem
944 2992 1009 3030 ac
1045 2977 1338 3032 vindictam
1373 2995 1660 3037 excessum
1698 2995 1808 3039 ter-

1913 2992 2029 3037 τας.
2049 2977 2128 3036 εἰς
2149 2975 2362 3042 ἄμυναν
2383 2973 2438 3025 δὲ
2459 2973 2554 3025 καὶ
2576 2973 2935 3041 πταισμάτων
2959 2972 3310 3038 ὑπεξέλευσιν
3326 2970 3492 3041 λήξα-

230 3065 471 3131 minata;
516 3066 790 3122 sedsicut
820 3082 851 3121 a
893 3068 1267 3125 misericordia
1308 3080 1360 3125 et
1404 3076 1580 3142 gratia
1620 3077 1805 3144 erepit,

230 3157 304 3209 ita
367 3157 421 3209 in
487 3155 650 3211 ﬁnem
708 3157 963 3214 desinere
1021 3161 1453 3230 misericordem,
1506 3154 1807 3223 secundum

231 3256 412 3317 aptam
448 3250 648 3305 lineam
681 3251 820 3320 cycli
857 3266 978 3320 quae
1007 3266 1131 3307 cum
1170 3256 1240 3308 ab
1271 3255 1462 3309 eodem
1505 3264 1684 3312 motus
1712 3274 1810 3312 su-

230 3350 344 3395 mat
375 3341 612 3407 initium,
644 3342 700 3397 in
731 3342 968 3414 idipsum
1002 3359 1194 3400 rursus
1239 3347 1604 3403 cessationem
1653 3365 1804 3404 sum-

231 3441 392 3502 ptura
419 3436 677 3490 recurrit.
704 3434 845 3507 Ergo
872 3437 1203 3508 principium
1228 3448 1282 3493 et
1306 3438 1470 3495 tinem
1498 3440 1809 3497 misericor-

231 3523 321 3578 dia
356 3532 569 3591 teneat;
613 3525 697 3581 sic
725 3527 871 3582 enim
915 3537 969 3581 et
1009 3527 1186 3583 media
1216 3542 1340 3581 cum
1374 3530 1577 3586 talibus
1618 3534 1809 3585 termi-

230 3618 320 3672 nis
374 3617 697 3673 contirmata
758 3619 1140 3675 misericordia
1197 3622 1428 3676 nimium
1492 3638 1807 3678 cernentur.

233 3709 373 3764 Illud
422 3711 591 3782 igitur
641 3722 830 3783 utpote
886 3713 1047 3768 triste
1095 3723 1345 3784 putatum
1394 3726 1805 3784 praitereuutes,

231 3803 286 3855 in
334 3801 436 3858 hoc
486 3802 812 3874 scripturam
853 3820 1016 3875 quam
1073 3809 1126 3861 in
1179 3806 1469 3878 Aﬂgyptios
1505 3815 1559 3861 et
1608 3807 1809 3880 Libyes

233 3892 584 3964 scripsimus,
614 3896 998 3952 terminemus.
1036 3895 1238 3967 Sicque
1269 3912 1393 3952 cum
1425 3895 1535 3953 Deo
1573 3908 1626 3954 et
1662 3915 1808 3953 inar-

232 3986 448 4055 tyribus
501 3986 790 4054 miracula,
823 4001 945 4056 qua:
985 3989 1040 4043 in
1090 3988 1294 4045 exteris
1341 3989 1481 4043 facta
1526 3998 1677 4055 sunt,
1726 3990 1809 4044 in-

234 4077 519 4132 clioemus.
547 4075 718 4132 Porro
747 4088 802 4132 et
833 4079 935 4133 hoc
961 4094 1083 4135 esse
1110 4080 1311 4134 bonum
1337 4080 1589 4135 arbitrati
1621 4097 1812 4138 sumus

232 4166 378 4237 quod
431 4168 500 4221 ab
550 4167 825 4241 [Egyptiis
871 4170 1200 4241 incipientes
1242 4172 1294 4225 iu
1340 4171 1542 4241 Libyos
1587 4171 1809 4227 desina-

232 4276 378 4325 mus,
403 4270 675 4331 quatenus
706 4263 796 4317 alii
823 4263 898 4317 illi
924 4264 1146 4333 quidem
1181 4256 1532 4334 principium,
1563 4265 1653 4319 alii
1682 4282 1810 4320 vero

1914 3082 2033 3119 σαν⁸
2055 3065 2166 3135 ἀλλ’
2186 3064 2376 3135 ὥσπερ
2400 3065 2464 3116 ἐκ
2481 3062 2894 3134 φιλανθρωπίας
2917 3064 3012 3116 καῖ
3029 3064 3249 3134 χάριτος
3266 3063 3488 3133 ἤρξατο,

1909 3157 2052 3211 οὕτω
2083 3158 2217 3228 πρὶς
2248 3156 2398 3218 τέλος
2427 3155 2774 3210 καταπαῦσαι
2807 3155 3208 3226 φιλάνθρωπον,
3234 3155 3372 3208 κατὰ
3395 3156 3491 3225 τὴν

1909 3252 2004 3307 τοῦ
2049 3253 2248 3307 κύκλου
2310 3251 2575 3326 γραμμήν
2622 3252 2962 3322 ἐναρμόνιον,
3009 3251 3118 3304 ἀπὸ
3167 3249 3263 3305 τοῦ
3319 3248 3490 3304 αὐτοῦ

1913 3344 2154 3397 λαϐοῦσα
2180 3343 2278 3413 τὴν
2308 3344 2481 3413 ἀρχὴν
2506 3343 2609 3413 τῆς
2629 3344 2920 3414 κινήσεως.
2957 3343 3052 3396 ἐπὶ
3078 3342 3139 3396 τὸ
3171 3341 3303 3396 αὐτὸ
3329 3343 3492 3396 πάλιν

1911 3435 2140 3490 ἐλθοῦσα
2179 3435 2365 3488 λαϐεῖν
2395 3437 2492 3504 τὴν
2524 3434 2889 3487 κατάπαυσιν.
2929 3433 3143 3487 Οὐκοῦν
3190 3433 3365 3505 ἀρχὴν
3396 3434 3497 3487 καὶ

1909 3529 2060 3591 τέλος
2092 3528 2262 3597 ἐχέτω
2320 3526 2709 3596 φιλάνθρωπον
2731 3543 2745 3557 ·
2775 3525 2920 3579 οὕτω
2973 3525 3082 3595 γὰρ
3114 3527 3211 3578 καὶ
3252 3528 3322 3579 τὰ
3354 3526 3495 3595 μέσα

1913 3622 2108 3691 πέρασι
2142 3620 2405 3682 τοιούτοις
2431 3618 2799 3692 κρατούμενα,
2854 3618 3214 3690 φιλάνθρωπα
3276 3619 3496 3680 πάντως

1917 3713 2238 3783 κριθήσεται
2282 3711 2399 3783 [καὶ
2427 3711 2513 3765 διὰ
2566 3710 2831 3782 σαρκικδν
2857 3712 2989 3780 ἡμῖν
3030 3711 3287 3782 φρόνημα
3317 3711 3384 3764 τὰ
3414 3710 3491 3779 μὴ

1911 3803 2134 3858 τοιαῦτα
2150 3804 2439 3872 τυγχάνειν
2451 3801 2783 3874 νομίζηται].
2804 3802 3009 3855 Ἐκεῖνο
3024 3801 3202 3854 τοίνυν
3216 3802 3288 3865 ὡς
3304 3801 3494 3855 δοκοῦν

1911 3897 2153 3967 λυπηρὸν
2184 3894 2640 3966 παρελεύσαντες,
2666 3896 2724 3947 ὲν
2742 3893 2917 3963 τούτῳ
2935 3893 3034 3963 τὴν
3050 3894 3128 3957 είς
3158 3892 3493 3962 Αἰγυπτίους

1913 3990 2009 4043 καὶ
2035 3988 2243 4050 Λίϐυας
2273 3985 2492 4058 γραφὴν
2547 3988 3030 4057 συμπεράσωμεν·
3068 3988 3164 4040 καὶ
3194 3987 3366 4050 οὕτως
3398 3987 3495 4040 σὺν

1912 4078 2031 4151 Θεῷ
2048 4081 2141 4133 καὶ
2167 4080 2279 4141 τοῖς
2306 4078 2544 4148 μάρτυσι
2564 4078 2675 4132 τῶν
2707 4079 2803 4130 ἐπὶ
2826 4077 3001 4142 ξένοις
3027 4078 3332 4148 γεγονότων
3364 4077 3496 4132 θαυ-

1916 4171 2100 4240 μάτων
2135 4166 2460 4238 ἁρξώμεθα·
2492 4165 2631 4222 εἶναι
2669 4167 2727 4220 δὲ
2759 4166 2918 4221 τοῦτο
2964 4168 3130 4222 καλὸν
3182 4168 3519 4244 ὐπειλήφαχ

1917 4277 2037 4330 μεν,
2063 4259 2129 4312 ἵν’
2151 4260 2246 4313 ἀπ’
2278 4260 2594 4328 Αἰγυπτίων
2620 4258 2940 4331 ἀρξάμενοι,
2972 4260 3052 4323 είς
3091 4257 3296 4322 Λίϐυας
3322 4276 3494 4313 κατα-

233 4352 564 4408 narratiouis
603 4355 761 4408 tinem
805 4355 1008 4419 sortiti,
1050 4355 1317 4410 adversus
1351 4355 1582 4410 invicem
1628 4356 1803 4409 nulla-

1913 4356 2155 4425 λήξωμεν
2181 4354 2275 4407 καὶ
2303 4355 2360 4407 ὲν
2390 4354 2572 4417 αὐτοῖς
2598 4352 3065 4421 καταπαύσωμεν·
3098 4351 3173 4414 ὡς
3198 4352 3265 4406 ἂν
3292 4354 3341 4405 οἱ
3379 4352 3482 4421 μὲν

233 4451 394 4496 tenus
448 4442 734 4502 dimicent,
774 4445 933 4514 quasi
989 4443 1284 4515 Libyorum
1356 4446 1541 4516 potius
1591 4456 1646 4500 et
1699 4462 1807 4501 non

233 4531 638 4602 Egyptiorum,
672 4535 754 4589 vel
786 4536 945 4604 quasi
977 4535 1362 4607 Aigyptiorum
1389 4549 1441 4592 et
1471 4531 1811 4610 non'Libyo-

230 4643 354 4682 rum
417 4630 694 4700 scriptura
748 4632 1043 4701 consistat;
1106 4636 1200 4689 sed
1255 4649 1602 4691 communem
1668 4638 1810 4692 hanc

229 4723 579 4789 deputantes,
616 4724 987 4781 communiter
1019 4735 1079 4780 ut
1127 4726 1391 4780 condecet
1433 4743 1574 4794 pace
1621 4740 1809 4784 mutua

231 4815 607 4882 perfruantur.
1572 4816 1573 4819 “

302 4998 461 5055 Adsit
503 4998 692 5070 itaque
733 4998 897 5057 nobis
935 5000 1163 5057 Nonnus
1198 5003 1254 5058 in
1291 5002 1527 5060 medium
1562 5004 1809 5071 veniens,

233 5098 287 5145 et
326 5090 380 5144 in
424 5093 802 5146 narrationem
857 5092 1186 5164 adimplens,
1226 5106 1281 5149 et
1326 5096 1484 5150 tinem
1525 5095 1812 5165 imponens

236 5183 515 5238 miraculis
547 5200 669 5253 quae
698 5184 751 5239 in
782 5182 1069 5255 Egyptios
1106 5195 1162 5243 et
1195 5185 1396 5258 Libyes
1429 5192 1632 5260 scripta
1660 5200 1809 5253 sunt,

232 5274 326 5341 qui
361 5284 416 5328 et
450 5273 650 5345 Liliyus
683 5285 826 5342 erat,
859 5286 913 5333 et
939 5278 1053 5333 illic
1072 5277 1211 5335 Nicii
1243 5281 1482 5337 civitatis
1512 5281 1804 5348 oriundus,

232 5375 288 5421 et
323 5384 393 5423 ex
425 5368 509 5424 liis
538 5370 632 5438 qui
666 5370 721 5425 in
763 5370 972 5427 divitiis
1019 5383 1176 5427 erant
1217 5373 1609 5444 opinatissimi,
1642 5383 1697 5428 et
1724 5389 1813 5441 ge-

234 5472 361 5514 nere
393 5458 664 5518 ﬂorebant
710 5464 856 5533 apud
902 5466 1178 5536 regionem
1213 5480 1367 5521 suam
1408 5465 1633 5536 insigni.
1664 5464 1814 5519 Non~

236 5568 342 5609 nus
373 5570 505 5624 ergo
552 5556 678 5623 iste,
709 5557 806 5627 qui
844 5560 1031 5615 multis
1071 5570 1190 5615 erat
1237 5560 1568 5631 prmcipuus,
1596 5566 1652 5613 et
1687 5573 1811 5613 cru-

237 5641 345 5699 dcn
376 5644 626 5714 corporis
655 5647 911 5716 pa.~sione
934 5647 1296 5706 clarissimus.
1327 5646 1452 5707 Haec
1478 5657 1658 5705 autem
1691 5653 1812 5702 erat

1908 4446 2008 4519 τὴν
2035 4446 2228 4517 ἀρχὴν,
2250 4446 2301 4499 οἱ
2330 4445 2387 4497 δὲ
2418 4445 2477 4497 τὸ
2500 4444 2655 4507 τέλος
2705 4445 2808 4512 τῆς
2854 4444 3164 4514 διηγήσεως
3192 4444 3484 4514 κληρωσά-

1913 4556 2084 4608 μενοι,
2118 4537 2256 4609 πρὸς
2278 4536 2540 4608 ἀλλήλους
2568 4536 2722 4589 οὐδὲν
2740 4536 3139 4606 διαμάχωνται,
3163 4536 3239 4600 ὼς
3264 4534 3482 4589 Λιϐύων

1914 4630 2112 4701 μᾶλλον
2142 4629 2237 4682 καλ⁸
2266 4630 2366 4682 οὐκ
2420 4628 2749 4696 Αἰγυπτίων,
2783 4627 2816 4699 ἢ
2848 4628 2924 4691 ὡς
2954 4627 3270 4695 Αἰγυπτίων
3301 4628 3397 4680 καὶ
3427 4626 3489 4678 ού

1912 4723 2126 4778 Λιϐύων
2177 4723 2328 4784 ὄντος
2380 4721 2477 4774 τοῦ
2529 4722 2879 4792 γράμματος,
2944 4720 3080 4774 ἀλλὰ
3123 4720 3302 4773 κοινὸν
3357 4719 3492 4774 αὐτὸ

1910 4815 2257 4885 λογισάμενοι
2279 4812 2357 4878 ὡς
2380 4812 2581 4884 πρέπει
2634 4811 2799 4883 κοινῷ
2861 4814 2997 4885 πρὸς
3054 4813 3283 4876 ἑαυτοὺς
3333 4814 3494 4884 εἰρη-

1912 4908 2141 4963 νεύοιεν.

1982 5000 2204 5071 Παρίτω
2259 5001 2389 5068 γοῦν
2445 5001 2576 5070 ἡμῖν
2626 5001 2706 5063 εἰς
2749 4998 2913 5071 μέσον
2957 5000 2985 5052 ὁ
3015 4999 3234 5062 Νῶννος
3273 4996 3497 5070 πληρῶν

1911 5095 1995 5162 ἐφ’
2028 5092 2206 5158 ἐαυτῷ
2255 5093 2353 5162 τὴν
2406 5092 2677 5163 διήγησιν,
2731 5092 2826 5144 καὶ
2883 5092 3058 5160 πέρας
3096 5088 3361 5152 ἐπιτιθεὶς
3382 5090 3495 5150 τοῖς

1913 5184 2201 5254 γραφεῖσιν
2260 5184 2342 5245 εἰς
2389 5180 2720 5249 Αἰγυπτίους
2776 5180 2872 5233 καὶ
2934 5179 3140 5243 Λίϐυας
3193 5177 3490 5246 θαύμασιν,

1912 5275 1993 5339 ὼς
2009 5275 2104 5328 καὶ
2134 5273 2364 5345 Λιϐύην,
2427 5273 2523 5327 καὶ
2558 5271 2750 5327 Νικίου
2782 5272 2883 5343 τῆς
2928 5273 3108 5325 ἐκεῖσε
3143 5271 3349 5332 πόλεως
3380 5268 3493 5340 ὦρ-

1916 5384 2074 5438 μητο,
2104 5368 2197 5420 καὶ
2228 5367 2337 5419 τῶν
2355 5369 2412 5420 ὲν
2445 5366 2662 5437 πλούτῳ
2712 5363 3136 5436 γνωριζομένων
3168 5364 3487 5433 ἐτύγχανεν,

1913 5459 2008 5512 καὶ
2036 5459 2181 5524 γένει
2207 5456 2497 5527 διέπρεπεν
2535 5457 2791 5527 ἐπισήμῳ
2822 5454 2965 5508 κατὰ
2989 5453 3175 5525 χώραν
3204 5449 3492 5522 ὑπάρξαν-

1911 5567 1987 5604 τι.
2017 5548 2235 5610 Νῶννος
2259 5543 2359 5601 οὖν.
2373 5541 2529 5611 οὗτος
2550 5549 2578 5600 ὁ
2592 5547 2649 5600 ὲν
2675 5546 2888 5609 πολλοῖς
2916 5544 3098 5616 λαχὼν
3114 5544 3175 5597 τὸ
3190 5542 3490 5613 ἐξαίρετον,

1915 5642 2009 5696 καὶ
2034 5639 2195 5696 πάθει
2223 5638 2381 5714 δεινῷ
2430 5639 2695 5711 διέλαμπε
2728 5637 3000 5711 σώματος.
3034 5637 3205 5691 Τοῦτο
3224 5635 3268 5689 δ’
3297 5629 3365 5704 ἦν
3390 5633 3491 5687 αὺ-
