4060 6236
415 340 551 406 36H

1276 354 1335 412 S.
1370 354 1791 415 SOPHRONII
1834 356 2338 417 PATRIARCHAS
2381 355 2787 415 IllEROSOL.

3541 349 3684 414 3612

420 456 690 511 recensita
745 465 898 525 sunt,
941 474 1064 528 quae
1109 463 1353 532 quinque
1396 481 1562 533 super
1611 466 1801 519 decem
1849 475 1999 530 sunt,

2117 467 2483 535 τυγχάνουσιν,
2525 465 2678 526 τέλος
2725 462 3063 531 τευξάμενοι,
3115 464 3238 526 τοὺς
3274 460 3481 515 τούτων
3520 464 3684 532 θερα-

418 549 584 603 linem
618 548 903 614 facientes,
935 555 1272 624 martyribus
1304 557 1396 625 qui
1433 557 1627 612 horum
1674 567 1806 612 sunt
1835 573 1998 612 cura.

422 648 571 694 tores
598 640 1009 707 benedicamus.
1031 654 1084 699 et
1113 646 1213 700 hos
1237 649 1397 703 nobis
1422 649 1477 703 in
1503 651 1763 703 auxilium
1794 664 2000 702 COIIVO"

421 739 630 794 cantes,
655 732 721 786 ad
750 733 1064 791 divinorum
1094 738 1412 794 relationem
1440 743 1854 807 miraculorum,
1880 758 2001 809 qua:

423 822 479 877 in
511 824 738 894 reliquis
768 828 1025 894 gentibus
1053 846 1204 899 gesta
1234 841 1385 896 sunt,
1428 849 1805 902 properemus.

495 933 763 991 INITIUM
812 938 1322 996 MIHACULORUM
1366 942 1536 1008 ρυλε
1578 945 1643 999 ΙΝ
1677 943 2003 999 EXTEROS

942 1008 1234 1065 SClill’TA
1288 1014 1492 1068 SUNT.

612 1118 700 1173 LI.
740 1121 815 1175 De
844 1121 1068 1194 Georgio
1099 1126 1188 1194 qui
1220 1134 1526 1179 cataractas
1568 1126 1811 1193 pertulit.

501 1282 741 1355 Tempus
788 1297 966 1342 autem
1024 1290 1131 1360 jam
1179 1289 1252 1345 sit
1293 1305 1465 1359 pauca
1519 1290 1681 1345 etiam
1727 1290 2006 1359 prodigio-

436 1392 579 1442 rum,
610 1395 731 1447 qua:
766 1395 793 1431 a
832 1382 1165 1451 martyribus
1192 1382 1249 1435 in
1275 1382 1485 1436 exteris
1525 1382 1666 1436 facta
1717 1391 1864 1445 sunt,
1902 1381 2009 1436 Ro-

432 1470 614 1523 manis
640 1469 911 1535 videlicet,
944 1470 1151 1525 Galalis
1180 1480 1234 1526 et
1274 1472 1559 1537 Cilicibus,
1591 1473 1808 1527 Asianis
1843 1476 2007 1527 etiam

433 1572 488 1616 et
524 1564 798 1619 lnsulanis
848 1574 1012 1633 atque
1064 1563 1443 1631 Phoenicibus,
1507 1566 2013 1635 Constantinopoli-

435 1654 581 1708 tanis
610 1662 664 1708 et
692 1654 1140 1725 Bithyniensibus
1178 1665 1234 1710 et
1270 1655 1650 1724 IEthiOpibus.
1682 1654 2011 1712 Thracensi-

435 1743 542 1799 bus
576 1754 631 1799 et
671 1744 863 1811 Medis,
899 1747 1315 1816 Paltestinisque
1360 1764 1423 1802 ac
1454 1750 1608 1819 Syris
1638 1760 1693 1803 et
1734 1749 2007 1812 Elamitis,

434 1853 537 1893 nec
567 1853 676 1892 non
700 1840 954 1894 omnibus
971 1855 1090 1909 quae
1116 1839 1220 1894 sub
1249 1841 1391 1894 coelo
1424 1848 1554 1895 sunt
1574 1842 1851 1909 gentibus,
1884 1843 2011 1897 huic

435 1927 821 1981 commendare
850 1927 1065 1983 laudem
1098 1931 1383 1999 opusculo.
1410 1927 1687 1999 lmpotens
1710 1932 1854 1985 enim
1889 1947 2009 1986 sum

434 2031 536 2086 ego
588 2017 656 2071 ad
707 2016 1083 2072 sufferendum
1138 2019 1332 2074 horum
1390 2020 1533 2074 ultra
1581 2020 1911 2075 calumniam
1958 2030 2011 2074 et

434 2105 740 2161 molestiam
778 2107 1202 2175 incessabilem;
1236 2111 1495 2179 quoniam
1543 2111 1781 2173 sanctis,
1835 2112 2008 2175 aiunt,

435 2197 555 2251 sine
586 2213 947 2267 personarum
979 2201 1311 2270 acceptione
1337 2201 1796 2258 distribuentibus
1833 2205 2010 2259 omni-

434 2291 537 2345 bus
567 2296 877 2359 sanitatem,
904 2303 957 2346 et
976 2308 1141 2363 super
1157 2310 1346 2348 onmes
1378 2296 1660 2365 :equaliter
1688 2296 2012 2364 expenden-

432 2384 583 2439 tibus
624 2385 765 2438 dona
798 2386 1058 2440 bonitatis
1084 2401 1217 2450 suae,
1264 2398 1541 2443 extremos
1595 2403 1696 2442 nos
1728 2388 1782 2441 in
1820 2403 2009 2442 eorum

437 2476 691 2531 laudibus
719 2478 1041 2543 ordinastis,
1092 2479 1496 2535 imbecilliores
1541 2478 1797 2536 fortassis
1825 2492 1880 2536 et
1926 2482 2011 2536 in-

433 2578 621 2638 gratos
651 2577 814 2639 atque
853 2571 1040 2625 tardos
1076 2586 1178 2627 nos
1226 2572 1293 2625 ad
1341 2571 1642 2639 gratiarum
1697 2574 2010 2649 actionibus

435 2661 625 2730 plenas
656 2677 752 2731 pro
792 2663 1007 2717 collatis
1042 2663 1327 2718 beneficiis
1360 2663 1518 2719 odas.
1544 2663 1852 2718 Praesertim
1884 2681 2009 2719 cum

360 2788 382 2811 ο
436 2766 538 2807 nos
576 2753 727 2823 digni
760 2754 936 2808 simus
962 2754 1233 2824 praeferri,
1271 2756 1502 2809 multum
1548 2756 1885 2811 sustinentes
1932 2757 2013 2810 la-

435 2842 647 2909 borem,
682 2845 1002 2916 itinerisque
1067 2847 1431 2917 transigentes
1473 2846 1773 2911 fastidium,
1809 2857 1863 2901 et
1892 2864 2010 2902 ma—

436 2939 589 2994 rinas
619 2946 942 3007 respuentes
996 2938 1290 3007 procellas,
1330 2947 1385 2992 et
1438 2954 1579 2992 saeva
1633 2939 1876 3007 pericula
1916 2955 2014 3008 pa-

436 3033 656 3097 tientes,
696 3042 751 3087 et
783 3032 1072 3085 innumera
1124 3031 1298 3100 spatia
1346 3039 1688 3095 recusantes,
1740 3041 1796 3087 et
1828 3012 2013 3087 amore

2106 558 2309 619 πευτὰς
2356 557 2769 626 εὐφημήσωμεν
2802 556 3108 626 μάρτυρας,
3146 555 3237 607 καὶ
3294 557 3520 617 τούτους
3548 557 3684 625 ἡμῖν

2106 645 2240 714 πρὸς
2290 630 2602 714 συμμαχίαν
2647 644 2996 707 καλέσαντες,
3037 645 3129 695 ἐπὶ
3161 644 3311 696 θείαν
3369 640 3524 708 αὖθις
3549 647 3685 713 ἁφή-

2105 753 2265 804 γησιν
2292 736 2406 788 τῶν
2437 738 2529 787 ἐπὶ
2557 735 2764 797 λοιποῖς
2787 732 2965 787 ἔθνεσι
3004 734 3355 806 πραχθέντων
3387 735 3682 804 θαυμάτων

2108 824 2472 893 χωρήσωμεν.

2106 935 2294 987 ΑΡΧΗ
2356 934 2491 985 ΤΩΝ
2561 932 2668 985 ΕΙΣ
2716 930 2985 986 ΞΕΝΟΥΣ
3046 933 3456 986 ΓΡΑΦΕΝΤΩΝ
3521 935 3687 987 ΘΑΥ-

2759 1004 2814 1056 Μ
2822 1004 3001 1055 ⁸ΧΤΩΝ
3006 1043 3020 1057 .

2109 1115 2237 1168 NA'.
2273 1115 2412 1183 Περὶ
2443 1116 2740 1182 Γεωργίου
2795 1115 2904 1168 τοῦ
2959 1116 3364 1185 πρεσϐυτέρου
3417 1117 3523 1171 τοῦ
3573 1134 3685 1174 πα-

2614 1187 2824 1250 θόντος
2870 1187 3179 1254 ἐπίχυσιν.

2182 1278 2388 1348 Καιρὸς
2425 1276 2469 1328 δ’
2499 1277 2564 1330 ἂν
2593 1278 2678 1346 εἴη
2722 1276 2908 1328 λοιπὸν
2937 1276 3030 1329 καὶ
3062 1277 3269 1346 βραχέα
3302 1276 3408 1329 τῶν
3437 1278 3526 1331 ἐπὶ
3576 1281 3690 1341 τοῖς

2110 1366 2336 1427 ὀθνείοις
2392 1366 2695 1434 γεγονότων
2739 1368 2851 1429 τοῖς
2913 1366 3203 1438 μάρτυσιν,
3275 1367 3568 1438 Ῥωμαίοις
3604 1385 3687 1429 τε,

2112 1457 2273 1524 φημὶ,
2303 1456 2395 1509 καὶ
2429 1456 2719 1519 Γαλάταις,
2766 1458 2860 1510 καὶ
2898 1455 3096 1521 Κίλιξι.
3137 1457 3416 1522 Αίσιανοῖς
3458 1476 3537 1520 τε,
3592 1462 3689 1514 καὶ

2113 1550 2442 1617 Νησιώταις,
2475 1552 2569 1603 καὶ
2593 1552 2817 1617 Φοίνιξι,
2874 1552 3191 1616 Βυζαντίοις
3220 1570 3279 1605 τε
3323 1556 3413 1607 καὶ
3447 1554 3692 1616 Βιθυνοῖς

2113 1642 2205 1694 καὶ
2239 1638 2474 1710 Αἰθίοψι,
2500 1642 2669 1712 Θρᾳξί
2703 1659 2761 1694 τε
2797 1644 2893 1695 καὶ⁹
2934 1644 3143 1711 Μήδοις
3192 1645 3285 1697 καὶ
3318 1645 3544 1716 Ἄραψι,
3576 1646 3690 1697 Πα-

2112 1732 2402 1795 λαιστινοῖς
2441 1750 2499 1785 τε
2530 1733 2625 1786 καὶ
2652 1733 2844 1804 Σύροις
2878 1736 2973 1787 καὶ
3014 1735 3364 1805 Ἐλαμίταις,
3419 1738 3513 1789 καὶ
3554 1738 3691 1789 πᾶσι

2112 1826 2225 1885 τοῖς
2265 1823 2372 1875 ὑπὸ
2406 1824 2497 1876 τὸν
2525 1825 2755 1893 οὐρανὸν
2794 1826 3154 1894 τυγχάνουσιν
3187 1826 3418 1889 ἔθνεσιν,
3448 1827 3584 1896 τῷδε
3611 1828 3693 1898 τῷ

2111 1914 2221 1965 τῶν
2253 1915 2545 1984 ἐγκωμίων
2588 1915 2932 1987 παραθέσθαι
2978 1919 3341 1989 συντάγματι.
3367 1921 3557 1991 Φέρειν
3585 1921 3695 1991 γὰρ

2114 2004 2195 2056 ἔτι
2216 2004 2423 2058 τούτων
2449 2007 2547 2076 οὐχ
2581 2006 2690 2070 οἷός
2716 2009 2776 2060 τέ
2809 2012 2925 2079 εἰμι
2974 2011 3072 2081 τὴν
3100 2013 3440 2082 κατάῤῥησιν
3471 2014 3566 2065 καὶ
3594 2015 3693 2083 τὴν

2114 2093 2391 2147 ἄπαυστον
2437 2096 2658 2166 ὄχλησιν
2686 2116 2699 2128 ·
2750 2100 2832 2152 ὅτι
2865 2101 2995 2168 φασὶ
3039 2101 3148 2153 τῶν
3175 2102 3345 2169 ἁγίων
3370 2104 3695 2173 ἀπροσωπο-

2114 2185 2336 2255 λήπτως
2385 2189 2518 2239 πᾶσι
2568 2190 2846 2257 νεμόντων
2875 2194 2975 2260 τὴν
3007 2192 3173 2258 ἴασιν,
3223 2196 3316 2246 καὶ
3366 2196 3533 2247 πᾶσιν
3564 2196 3696 2256 ἴσως

2115 2277 2500 2345 ὲφαπλούντων
2526 2280 2593 2333 τὰ
2622 2280 2771 2351 δῶρα
2800 2283 2897 2351 τῆς
2926 2283 3107 2336 αὐτῶν
3131 2284 3489 2355 άγαθότητος,
3510 2288 3696 2340 τελευ-

2114 2370 2298 2432 ταίους
2349 2372 2494 2440 ἡμᾶς
2544 2373 2602 2424 ὲν
2646 2377 2768 2436 ταῖς
2807 2373 2987 2427 αὐτῶν
3042 2376 3342 2445 εὐφημίαις
3393 2379 3696 2448 τετάχατε.

2114 2461 2478 2532 νοθρωτέρους
2527 2465 2666 2533 τάχα
2712 2482 2814 2518 που
2852 2469 2945 2518 καὶ
2977 2466 3302 2538 ἀγνώμονας
3351 2471 3446 2522 καὶ
3478 2470 3695 2539 βραδεῖς

2115 2553 2251 2622 πρὸς
2292 2554 2390 2615 τὰς
2436 2554 2575 2625 ὑπὲρ
2625 2555 2728 2629 τῆς
2771 2556 3086 2625 εὐεργεσίαι,
3131 2559 3518 2629 χαριστηρίους
3552 2560 3699 2629 ᾠδὰς

2115 2647 2495 2715 αἰνιττόμενοι.
2534 2624 2729 2701 Καίτόι
2766 2651 3159 2721 προκρίνεσθαι
3186 2655 3349 2722 ἡμεῖς
3393 2653 3457 2707 ἂν
3500 2654 3695 2722 εἴημεν

2114 2739 2279 2804 ἄξιοι,
2303 2740 2469 2793 πολὺν
2502 2740 2868 2809 ὑπομένοντες
2891 2744 3158 2812 κάματον,
3184 2745 3494 2814 ὁδοιπορίας
3516 2763 3576 2797 τε
3603 2747 3694 2798 κό-

2115 2849 2214 2885 πον
2236 2831 2512 2903 ἀνύοντες,
2543 2833 2640 2885 καὶ
2663 2832 2951 2887 θαλαττίου
2984 2831 3391 2899 καταπτύοντες
3422 2836 3715 2900 κλύδωνος,

2115 2926 2210 2979 καὶ
2245 2925 2511 2980 κινδύνων
2559 2925 2810 2996 χαλεπῶν
2844 2928 3183 2997 ἀνεχόμενοι,
3225 2930 3321 2981 καὶ
3350 2927 3703 2998 ἁναρίθμητα

2114 3017 2460 3088 διαστήματα
2521 3019 2833 3089 τέμνοντες,
2897 3021 2993 3074 καὶ
3051 3018 3204 3091 πόθῳ
3255 3020 3335 3089 τῷ
3398 3021 3535 3090 πρὸς
3573 3019 3702 3081 τοὺς

438 3127 588 3180 circa
628 3135 895 3195 martyres
929 3122 1119 3179 habito
1156 3125 1225 3179 ab
1274 3124 1408 3193 ipsis
1457 3123 1524 3178 ad
1567 3139 1663 3178 eos
1702 3125 2013 3181 novissimis

2122 3114 2403 3182 μάρτυρας
2451 3113 2546 3165 ἀπ’
2601 3112 2779 3167 αὐτῶν
2833 3114 2969 3182 πρὸς
3020 3113 3217 3176 αὐτοὺς
3260 3111 3368 3166 τῶν
3430 3111 3702 3182 ἐσχατιῶν

441 3217 641 3272 ﬁnibus
665 3226 825 3271 terrae
859 3217 1145 3283 abeuntes,
1188 3223 1243 3271 et
1271 3218 1475 3286 ubique
1510 3217 1865 3282 praedicantes
1890 3217 2017 3289 Cyri

436 3308 775 3378 Joannisque
794 3308 1082 3373 miracula,
1110 3316 1164 3362 et
1190 3308 1521 3363 ineffabilem
1555 3322 1746 3363 eorum
1776 3316 1831 3362 et
1855 3310 2018 3362 attri-

442 3402 626 3456 butam
678 3401 941 3455 divinitus
976 3399 1379 3455 fortitudinem.
1436 3398 1639 3453 [lorum
1693 3410 1871 3453 autem
1916 3415 2018 3453 nos

443 3495 621 3548 zelum
680 3492 965 3559 mirantes,
1017 3498 1072 3545 et
1138 3506 1237 3560 pro
1285 3497 1438 3545 tanto
1492 3490 1673 3546 studio
1713 3491 1858 3560 quod
1890 3506 2017 3558 erga

441 3590 757 3640 sanctorum
806 3581 994 3636 laudes
1042 3580 1314 3634 habebant
1366 3580 1839 3649 obstupeseentes.
1895 3596 2020 3650 pcr-

441 3677 635 3748 paucis
665 3675 946 3731 tristitiam
981 3675 1316 3741 medeamur,
1367 3674 1450 3730 eis
1489 3676 1751 3729 rationem
1782 3674 2021 3729 redden-

440 3777 546 3831 tes.
575 3778 630 3822 et
675 3769 954 3839 querelam
1007 3782 1129 3840 quae
1166 3766 1433 3823 adversus
1482 3782 1583 3823 nos
1615 3779 1731 3822 erat
1776 3768 2018 3821 circum-

442 3864 521 3919 sol
534 3877 625 3916 ven
632 3870 734 3918 tes.

513 3954 757 4024 Denique
802 3953 1126 4023 jampridem
1177 3954 1438 4013 diximus,
1488 3953 1617 4020 quia
1673 3965 1840 4004 causa
1895 3950 2017 4004 fidei

441 4044 745 4108 miraculis,
780 4060 902 4114 qua:
949 4046 1002 4099 in
1040 4046 1243 4100 exteris
1278 4045 1422 4098 facta
1470 4054 1619 4108 sunt,
1671 4058 1734 4097 ea
1770 4059 1890 4112 quae
1920 4059 2017 4097 su-

442 4151 540 4206 per
584 4135 856 4205 indigenis
895 4134 1254 4198 refulserunt,
1299 4142 1678 4205 praeponentes
1718 4134 2018 4202 descripsi—

443 4244 586 4290 mus.
603 4235 659 4285 et
684 4243 782 4298 pro
806 4227 892 4282 his
915 4229 1225 4299 apologiam
1251 4229 1494 4283 texuisse
1521 4228 1897 4297 dignoseimur
1923 4246 1937 4294 ;
1961 4236 2015 4282 et

442 4320 588 4387 quod
631 4335 806 4389 neque
847 4320 1068 4374 ultimos
1121 4334 1220 4373 vos
1260 4320 1409 4375 velut
1454 4319 1705 4387 ingratos
1764 4317 2014 4387 posueri-

2120 3205 2507 3273 ἀπερχόμενοι,
2540 3205 2637 3256 καὶ
2665 3205 2972 3275 πανταχόσε
2988 3203 3355 3275 κηρύττοντες
3380 3205 3562 3274 Κύρου
3605 3206 3703 3256 καὶ

2134 3295 2383 3348 Ἰωάννου
2416 3295 2485 3347 τὰ
2510 3296 2789 3365 θαύματα,
2840 3296 2935 3348 καὶ
2970 3297 3066 3367 τὴν
3115 3298 3356 3367 ἄρρητον
3398 3295 3577 3350 αὐτῶν
3607 3298 3705 3349 καὶ

2123 3384 2400 3440 θεόσδοτον
2426 3384 2676 3454 δύναμιν.
2723 3385 2939 3439 Τούτων
2983 3387 3039 3440 δὲ
3080 3389 3240 3457 ἡμεῖς
3264 3386 3356 3439 τὸν
3387 3386 3547 3457 ζῆλον
3579 3386 3706 3439 θαυ-

2125 3476 2409 3545 μάζοντες,
2454 3477 2548 3528 καὶ
2579 3475 2677 3547 τὴν
2722 3477 2858 3547 πρὸς
2903 3477 3003 3541 τὰς
3050 3477 3159 3531 τῶν
3211 3477 3382 3545 ἁγίων
3428 3478 3705 3548 εὐφημίας

2123 3566 2355 3637 σπουδὴν
2398 3567 2757 3637 ἁγασάμενοι.
2807 3568 2874 3623 δι’
2899 3570 3101 3636 ὀλίγων
3142 3570 3241 3639 τὴν
3282 3569 3460 3638 λύπην
3489 3569 3704 3623 ἀκεσώ-

2104 3651 2283 3726 paea,
2335 3660 2630 3727 ἀπολογίας
2675 3662 2871 3725 αὐτοὺς
2929 3662 3281 3728 ἀξιώσαντες,
3347 3664 3441 3714 καὶ
3480 3663 3539 3715 τὸ
3581 3663 3704 3715 καθ’

2120 3750 2277 3820 ἡμῶν
2302 3751 2690 3824 περιλύσαντες
2719 3752 2887 3823 ἕγκλη
2898 3771 2991 3823 μα.

2196 3937 2334 4007 Ἤδη
2410 3935 2511 4004 μὲν
2565 3935 2675 4005 γὰρ
2719 3934 3086 4006 προλαϐόντες
3120 3935 3442 4006 εἰρήκαμεν,
3489 3935 3570 3986 ὅτι
3613 3934 3702 3987 πί-

2122 4046 2291 4093 στεως
2330 4028 2516 4092 ἕνεκα,
2551 4027 2662 4080 τῶν
2706 4029 2795 4079 ἐπ’
2824 4027 3053 4090 ὀθνείοις
3104 4028 3444 4096 γιγνομένων
3492 4026 3703 4094 θαυμά-

2118 4136 2226 4173 των
2253 4119 2323 4171 τὰ
2370 4116 2462 4171 ἐπὶ
2505 4120 2618 4181 τοῖς
2674 4118 2960 4187 αὐτόχθοσι
3005 4116 3297 4188 λάμψαντα
3355 4116 3708 4188 προεγράψα-

2122 4228 2240 4281 μεν,
2264 4211 2355 4262 καὶ
2385 4209 2482 4279 τὴν
2519 4209 2657 4279 ὑπὲρ
2681 4208 2884 4261 τούτων
2906 4207 3194 4278 φθάνωμεν
3225 4208 3519 4276 ἀπολογίαν
3564 4207 3705 4274 ὑφά-

2118 4318 2306 4363 ναντες
2326 4316 2340 4330 ο
2366 4300 2462 4353 καὶ
2484 4298 2558 4360 ὼς
2584 4298 2706 4351 οὐτε
2732 4298 3075 4359 τελευταίους
3098 4298 3241 4367 ὑμᾶς
3267 4297 3342 4360 ὡς
3374 4297 3703 4367 ἀχαρίστους

443 4425 585 4478 mus,
623 4426 797 4479 neque
836 4411 1040 4478 primos
1072 4410 1194 4464 illos
1219 4410 1376 4479 quasi
1410 4409 1584 4477 magis
1626 4409 1786 4462 nobis
1830 4408 2013 4462 devoti

2121 4392 2412 4462 ἐτάξαμεν,
2444 4390 2571 4445 οὐτε
2623 4387 2874 4460 πρώτους
2917 4389 3154 4451 ἐκείνους
3187 4388 3262 4452 ὡς
3297 4389 3496 4459 μᾶλλον
3542 4387 3706 4449 ὄντας

443 4502 555 4556 sint
606 4502 1029 4570 praetulerimus,
1071 4500 1182 4569 jam
1238 4501 1633 4569 perhibuimus.
1703 4497 1758 4553 In
1816 4502 2016 4554 talibus

443 4590 586 4642 enim
620 4604 934 4659 praeponere
959 4603 1311 4657 quemquam,
1339 4597 1432 4641 aut
1455 4590 1662 4658 scripto
1689 4598 2017 4657 postponere

444 4683 632 4746 alium,
669 4696 845 4750 neque
878 4681 1184 4749 postposito
1218 4681 1615 4748 nocuit'neque
1646 4680 1774 4733 huic
1808 4694 2017 4747 pra‘po-

443 4776 608 4830 situm
636 4774 881 4829 exhibuit
917 4773 1215 4829 meliorem.
1252 4773 1386 4826 Nam
1427 4788 1606 4842 neque
1639 4774 1811 4825 vinea:
1844 4772 2017 4825 domi-

445 4883 550 4923 nus
578 4868 842 4935 Operariis
867 4867 1166 4923 mercedem
1192 4865 1503 4928 conferens,
1529 4878 1627 4919 eos
1653 4863 1747 4931 qui
1782 4862 2015 4931 primum

445 4959 653 5026 operati
680 4955 918 5020 fuerant,
959 4957 1391 5011 ltonorabiliores
1435 4955 1753 5008 novissimis
1784 4954 2019 5008 arbitra-

445 5058 536 5102 tus
579 5056 695 5113 est,
749 5060 924 5117 neque
980 5048 1249 5102 mercedis
1279 5045 1557 5101 dationem
1618 5059 1648 5098 a
1705 5045 2020 5099 novissimis

448 5137 737 5206 incipiens,
770 5136 1119 5203 reprehendit
1148 5150 1243 5188 eos
1295 5134 1388 5200 qui
1428 5142 1556 5186 ante
1608 5132 2017 5197 laboraverant,

446 5230 552 5282 nisi
579 5229 704 5299 quia
734 5228 852 5282 zelo
882 5229 1071 5294 repleti
1108 5234 1616 5286 lnurmttravet'unt,
1659 5235 1712 5278 et
1757 5227 1879 5294 plus
1925 5241 2021 5279 ac-

445 5323 631 5391 cipere
667 5336 830 5391 quam
871 5319 1082 5374 sancite
1113 5318 1329 5371 fuerant
1352 5317 1660 5372 voluerunt.

517 5412 629 5482 Ego
662 5420 841 5466 autem
874 5412 1037 5466 etiam
1072 5410 1225 5476 timui
1258 5424 1323 5464 ne
1356 5410 1494 5465 forte
1529 5428 1630 5465 nos
1662 5412 2022 5467 Alexandrini

448 5505 926 5574 reprehenderent,
970 5512 1229 5573 tanquam
1283 5503 1549 5570 injuri‘am
1604 5507 1751 5574 passi
1801 5516 2022 5574 propter

447 5598 793 5668 privilegium
828 5601 971 5669 quod
1004 5605 1227 5667 putatur
1254 5612 1284 5651 a
1318 5599 1495 5659 vobis.
1524 5596 1654 5651 dum
1688 5600 2022 5669 gubernato-

450 5700 538 5740 res
563 5690 653 5755 qui
691 5690 873 5744 nautis
908 5689 1346 5744 ltonorahiliores
1387 5698 1537 5753 sunt,
1591 5688 1644 5743 in
1702 5691 2022 5744 noviesimis

451 5777 699 5841 tricrmn,
757 5788 808 5834 et
861 5784 1064 5848 aur'gzi-
1128 5789 1246 5848 post
1282 5795 1548 5849 equorum
1606 5781 1796 5835 clunes
1852 5780 2017 5849 positi

2118 4486 2488 4555 εὐγνώμονας.
2535 4486 2609 4537 Τὸ
2652 4484 2761 4555 γὰρ
2803 4486 2862 4536 ἐν
2904 4483 3115 4545 τούτοις
3141 4481 3483 4553 προταγῆναί
3510 4498 3630 4534 τινα
3666 4483 3699 4552 ἢ

2119 4579 2370 4647 δεύτερον
2395 4580 2674 4648 γραφῆναι
2695 4577 2787 4630 τὸν
2815 4576 3021 4645 ἓτερον,
3052 4575 3204 4629 οὐδὲν
3245 4573 3371 4627 οὐτε
3403 4574 3494 4626 τὸν
3517 4574 3741 4671 δεύτεἸ

2122 4686 2214 4740 ρον
2256 4668 2509 4738 ἔϐλαψεν,
2539 4668 2660 4721 οὐδὲ
2683 4668 2875 4720 τούτου
2909 4666 3001 4718 τὸν
3028 4665 3261 4719 λαϐόντα
3282 4665 3486 4735 δέδειχε
3517 4665 3727 4765 κρείτ-ἱ

2119 4780 2249 4817 TW“
2268 4778 2281 4791 ’
2317 4764 2439 4815 ἐπεὶ
2472 4763 2609 4832 μήτε
2634 4760 2728 4815 τοῦ
2757 4761 3077 4832 ἀμπελῶνος
3106 4763 3133 4813 ὁ
3154 4760 3433 4828 Δεσπότης
3465 4761 3577 4822 τοῖς
3610 4759 3743 4841 ἐρ-

2121 4858 2317 4925 γάταις
2343 4857 2434 4909 τὸν
2470 4856 2661 4927 μισθὸν
2695 4855 3103 4927 παρεχόμενος,
3150 4852 3256 4906 τῶν
3294 4852 3541 4920 ἐσχάτων
3574 4852 3701 4913 τούς
3744 4842 3749 4846 ’

2124 4950 2340 5020 πρῶτον
2389 4951 2797 5021 ἐργασαμένους
2845 4946 3206 5019 τιμιωτέρους
3246 4944 3492 5014 ἡγήσατο
3521 4959 3533 4971 ·
3575 4940 3701 4994 οὐτε

2122 5042 2220 5110 τῆς
2263 5041 2604 5109 μισθοδοσίας
2651 5041 2757 5094 ἀπὸ
2785 5041 2894 5095 τῶν
2948 5043 3192 5112 ἐσχάτων
3235 5037 3541 5110 ἀρξάμενος
3577 5037 3699 5107 τοὺς

2124 5132 2499 5202 προλαϐόντας
2558 5132 2866 5202 ἐμέμψατο,
2923 5136 2971 5186 εί
3018 5137 3093 5205 μὴ
3150 5133 3311 5205 ζήλου
3369 5130 3702 5201 πλησθέντες

2125 5224 2451 5293 ἐγόγγυσαν,
2488 5228 2582 5278 καὶ
2617 5226 2786 5279 πλείω
2818 5227 3117 5297 λαμϐάνειν
3147 5225 3256 5279 τῶν
3296 5223 3704 5278 θεσπισθέντων

2124 5319 2434 5388 ἠϐούλοντο.

2209 5410 2364 5478 Ἐγὼν
2403 5410 2460 5461 δὲ
2495 5411 2588 5463 καὶ
2624 5408 2836 5463 δέδοικα
2882 5412 3078 5480 μήπως
3128 5412 3290 5480 ἡμεῖς
3335 5407 3703 5476 Ἀλεξανδρεῖς

2129 5506 2525 5575 ἐπιϐλέψοιντο,
2571 5505 2646 5567 ὡς
2682 5504 2999 5574 ὑϐρισμένοι
3024 5504 3114 5557 διὰ
3137 5504 3232 5557 τοῦ
3260 5502 3544 5562 δοκοῦντος
3576 5500 3707 5568 ύμῖν

2129 5600 2568 5670 προτερήματος,
2612 5596 2770 5667 εἴπερ
2821 5596 3149 5665 κυϐερνῆται
3204 5595 3303 5664 μὲν
3357 5596 3404 5647 οἱ
3443 5592 3548 5644 τῶν
3571 5608 3707 5644 ναυ-

2129 5690 2296 5742 τικῶν
2370 5688 2729 5758 τιμιώτεροι,
2787 5690 2845 5740 ὲν
2902 5689 3151 5757 ἐσχάτοις
3215 5686 3535 5748 καθέζονται
3594 5681 3707 5733 τῶν

2130 5783 2390 5853 τριήρων,
2434 5781 2525 5833 καὶ
2570 5780 2675 5833 τῶν
2712 5782 2890 5836 ἳππων
2931 5780 3152 5834 δττισθπ
3186 5785 3231 5833 oi
3266 5780 3493 5851 ἡνίοχοι,
3528 5773 3624 5831 καὶ
3657 5777 3707 5829 οἱ

3474 6023 3499 6050 Ι
