4060 6236
333 368 472 433 3613

1370 381 1473 443 SS.
1493 374 1674 444 .CYRI
1701 383 1796 444 ET
1826 381 2149 447 JOANNIS
2169 387 2580 447 MIRACULA.

3459 388 3597 452 363i

336 480 542 552 πρῶτοι
573 482 826 551 γενέσθαι
867 485 1200 559 γλιχόμενοι,
1231 489 1450 556 πάντως
1491 491 1708 562 ἔσχατοι
1745 510 1887 564 προσ

2017 493 2266 550 sedeant.
2301 494 2407 552 Sed
2455 505 2509 550 et
2537 497 2617 561 hi,
2663 496 2756 566 qui
2808 496 2972 568 primi
3008 496 3124 552 ﬁeri
3163 505 3452 569 appetunt,
3494 516 3594 553 no-

335 577 618 628 τάττονται
666 573 936 640 γίνεσθαι.
973 580 1085 633 Καὶ
1117 583 1434 652 πρώτιστοι,
1473 585 1573 654 μὲν
1601 585 1650 638 oi
1677 585 1917 654 ἔσχατοι,

335 666 552 735 ἔσχατοι
576 664 634 720 δὲ
663 667 825 721 πάλιν
845 671 894 722 oi
933 671 1228 742 πρώτιστοι
1257 673 1534 744 γίγνονται
1553 693 1566 706 ·
1591 678 1686 730 καὶ⁵
1714 677 1782 730 τά
1812 677 1921 732 τῶν

338 757 518 828 μελῶν
556 760 880 832 ἀτιμότερα,
919 764 1084 836 τιμὴν
1125 769 1522 840 περισσοτέραν
1570 770 1638 824 τὰ
1661 769 1921 824 δοκοῦντα

333 853 620 922 τυγχάνειν
649 855 956 925 ἀσχήμονα.
987 857 1079 911 Διὸ
1107 859 1202 912 καὶ
1231 861 1414 915 αἰτίαν
1434 863 1532 931 τῆς
1555 863 1758 916 τούτων
1783 880 1918 933 προ-

333 943 552 1013 γραφῆς
605 946 1051 1018 προσδεξάμενοι,
1109 953 1204 1003 καὶ
1265 951 1342 1016 ὡς
1395 955 1700 1021 ἀναγκαίαν
1752 951 1918 1010 οὖσαν

336 1033 720 1106 μανθάνοντες,
756 1041 886 1110 περὶ
916 1043 1202 1112 πρωτείων
1229 1044 1303 1115 μὴ
1336 1045 1598 1115 μάχεσθε,
1635 1047 1773 1116 μήτε
1805 1048 1916 1100 τῶν

333 1130 472 1199 μετὰ
517 1131 687 1184 ταῦτα
719 1133 978 1203 τετάχθαι
1009 1135 1311 1204 νομίσοιτε,
1359 1139 1447 1192 ἵνα
1485 1139 1558 1210 μὴ
1592 1139 1726 1210 πρὸς
1763 1139 1916 1208 αίρέ-

332 1234 445 1281 σεις
473 1220 568 1274 καὶ
617 1221 890 1292 σχίσματα
924 1225 1318 1296 διαιρούμενοι,
1364 1229 1424 1281 τὸ
1468 1229 1766 1298 προσφιλὲς
1797 1231 1906 1283 τῶν

330 1310 502 1378 ἁγίων
533 1313 818 1382 ἐγκώμιον
857 1315 1206 1388 διατέμνητε,
1248 1321 1344 1372 καὶ
1388 1321 1488 1390 τῆς
1529 1322 1707 1374 αὐτῶν
1745 1322 1912 1392 εὐφη-

331 1399 459 1470 μίας
481 1401 542 1454 τὸ
572 1404 799 1475 φαιδρὸν
829 1407 1202 1480 ἀμαυρώσητε
1222 1427 1236 1440 ο
1272 1411 1410 1464 ἀλλὰ
1434 1413 1678 1482 χαίροιτε
1713 1413 1913 1482 μᾶλλον

329 1496 422 1548 καὶ
454 1495 709 1569 ἀλλήλοις
743 1501 1120 1572 συγχαίροιτε,
1149 1506 1246 1568 τὰς
1269 1503 1377 1557 τῶν
1409 1505 1611 1575 ἐτέρων
1638 1505 1805 1576 τιμὰς
1831 1507 1911 1558 οι-

325 1587 652 1657 κειούμενοι,
687 1591 782 1643 καὶ
813 1593 912 1656 τὰς
959 1594 1168 1658 οἰκείας
1201 1595 1568 1666 δωρούμενον
1615 1598 1712 1650 καὶ
1759 1597 1820 1651 τὸ
1847 1597 1911 1670 δὴ

327 1679 582 1749 μέγιστον
609 1684 706 1736 καὶ
737 1685 1029 1757 μακάριον,
1058 1686 1141 1740 ὅτι
1176 1688 1493 1742 συντελέσαι
1523 1691 1660 1760 πρὸς
1689 1689 1910 1746 ἔπαινον

323 1771 662 1842 τηλικούτων
701 1777 871 1844 ἁγίων
913 1779 1152 1832 εὐκλεῶν
1205 1779 1500 1850 ήξιώθητε.
1538 1783 1676 1855 Φέρε
1727 1784 1908 1838 τοίνυν

2025 585 2236 642 vissimi
2275 586 2392 641 Iieri
2419 597 2740 643 cunctorum
2766 589 3069 659 jubentur:
3108 591 3242 660 quin
3277 591 3441 645 etiam
3482 593 3598 662 pri-

1985 683 2205 734 ‘mores
2251 677 2471 746 quidem
2507 677 2816 742 novissimi,
2865 680 3156 734 novissimi
3215 695 3346 736 vero
3401 696 3595 736 rursus

2021 772 2295 842 primores
2329 769 2671 834 eﬂiciuntur;
2712 778 2766 824 et
2808 785 2930 840 qum
2960 771 3016 826 in
3053 772 3314 828 membris
3344 782 3472 828 sunt
3505 775 3594 825 in-

2022 859 2451 924 honorabiliora,
2504 859 2764 913 honorem
2823 860 3279 915 abundantiorem
3333 862 3590 924 induunt,

2019 961 2074 1008 et
2111 954 2450 1007 honestatem
2494 968 2615 1022 quae
2649 968 2772 1008 esse
2804 954 3090 1010 inhonesta
3145 956 3422 1012 videntur.
3459 955 3594 1010 Pro-

2019 1055 2138 1116 pter
2166 1046 2308 1116 quod
2342 1061 2564 1099 causam
2601 1045 2794 1098 horum
2829 1046 3259 1115 praescriptionis
3296 1048 3591 1102 admitten-

2019 1147 2124 1202 tes,
2156 1145 2212 1193 et
2260 1139 2426 1192 veluti
2469 1117 2838 1192 necessariam
2894 1147 3314 1207 cognoscentes,
3371 1139 3438 1194 de
3478 1141 3590 1210 pri-

2017 1237 2166 1284 matu
2215 1229 2427 1299 litigare
2455 1229 2658 1293 nolite;
2707 1243 2884 1298 neque
2931 1229 2975 1282 si
3013 1229 3445 1298 postponamini,
3491 1244 3590 1285 vos

2018 1322 2303 1394 pertulisse
2349 1321 2612 1390 injuriam
2646 1319 3012 1384 arbitremini,
3049 1336 3119 1375 ne
3159 1321 3226 1374 ad
3274 1320 3508 1376 hmreses
3536 1332 3591 1376 et

2013 1415 2311 1471 schismata
2341 1413 2524 1483 partiti
2549 1413 2886 1476 dilabamini,
2918 1421 2972 1467 et
3009 1412 3241 1467 amabile
3273 1421 3589 1468 sanctorum

2015 1505 2351 1576 praeconium
2373 1502 2652 1566 resecetis,
2672 1517 2972 1572 eorumque
2993 1502 3150 1558 bonae
3167 1501 3322 1556 fama:
3350 1503 3590 1572 pulchri-

2013 1595 2256 1650 tudinem
2299 1591 2602 1648 olfuscetis.
2691 1591 2799 1647 Sed
2854 1591 3036 1660 potius
3096 1589 3470 1662 gratulamini,
3534 1599 3590 1644 et

2011 1687 2238 1744 alternis
2267 1683 2751 1756 congratulamiui,
2797 1685 3034 1738 honores
3074 1683 3306 1738 aliorum
3338 1683 3588 1753 proprios

2013 1782 2301 1847 facientes,
2340 1787 2398 1834 et
2446 1779 2572 1831 aliis
2615 1787 2831 1832 vestros
2877 1775 3179 1844 donantes;
3231 1777 3454 1846 etquod
3501 1784 3588 1831 est

322 1866 420 1918 καὶ
475 1868 640 1937 ἡμεῖς
687 1871 756 1923 τά
809 1871 912 1932 τὰς
961 1871 1239 1943 εὐφημίας
1289 1852 1626 1940 ἐπαύξοντα-
1656 1875 1896 1946 θαύματα

2017 1875 2194 1944 majus
2219 1883 2382 1941 atque
2415 1870 2651 1932 beatius,
2686 1869 2816 1936 quia
2845 1866 3233 1920 connumerari
3266 1865 3334 1920 ad
3368 1867 3586 1920 laudem

323 1954 499 2028 [deest
550 1960 822 2034 verbum],
873 1963 969 2015 καὶ
1019 1965 1094 2034 μή
1148 1981 1238 2034 μοι
1295 1966 1573 2034 φαίνοισθε
1611 1966 1719 2020 τῶν
1774 1985 1906 2036 προσ

318 2047 495 2118 τέρων
525 2048 816 2116 ἐλάσσονες
849 2053 1124 2125 ὑπερϐολῇ
1156 2056 1453 2126 θαυμάτων
1479 2057 1796 2128 νικώμενοι.

2015 1977 2292 2021 tantorum
2323 1973 2640 2017 sanctorum
2691 1967 2744 2012 et
2801 1958 3098 2013 illustrium
3131 1957 3436 2012 meruistis.
3490 1956 3587 2011 Eia

2014 2060 2182 2129 igitur
2211 2065 2266 2110 et
2318 2069 2419 2109 nos
2467 2053 2754 2108 miraeula.
2787 2064 2910 2120 quae
2972 2050 3162 2104 laudes
3224 2059 3582 2118 augmentant

321 2147 373 2199 in
410 2146 648 2201 medium
679 2147 1006 2216 all'eramus;
1067 2159 1124 2208 et
1174 2153 1308 2207 mihi
1363 2169 1473 2210 non
1543 2154 1881 2226 apparebitis
1941 2157 2182 2211 minores
2238 2153 2550 2223 prioribus,
2603 2149 2992 2204 miraculorum
3047 2145 3344 2206 eminentia
3413 2159 3579 2214 supe-

315 2249 442 2292 fall.

385 2329 526 2399 Βοᾷν
569 2330 626 2384 δὲ
691 2332 878 2386 τοῦτον
919 2339 984 2390 ἐκ
1029 2336 1198 2406 μέσου
1247 2337 1391 2392 δοκῶ
1443 2341 1533 2393 τὸν
1587 2343 1900 2412 πρεσϐύτην

315 2420 610 2491 Γεώργιον,
661 2425 1116 2498 ήγούμενονμέν
1173 2432 1272 2498 τῆς
1326 2431 1506 2484 αὐτῶν
1554 2433 1900 2506 ὁμηγύρεως,

312 2514 570 2582 ἡγεῖσθαι
599 2515 654 2568 δὲ
682 2517 780 2570 καὶ
813 2519 870 2570 ἐν
895 2523 960 2591 τῇ
989 2520 1096 2573 τῶν
1130 2521 1426 2594 θαυμάτων
1461 2526 1760 2598 ἐπαγγελίᾳ
1783 2529 1900 2596 γλιο

309 2607 560 2676 χεόμενον,
585 2607 644 2672 ὃς
662 2608 790 2682 ἀξίᾳ
815 2611 908 2666 καὶ
926 2615 1100 2686 χρόνῳ
1122 2615 1215 2668 καὶ
1250 2617 1574 2688 παλαιότητι
1587 2620 1901 2692 θαυμαστὸς

309 2698 378 2750 τὰ
422 2699 684 2770 πρεσϐεῖα
727 2701 1040 2772 δεξάμενος,
1076 2708 1326 2777 ἡγεῖσθαι
1358 2709 1700 2783 καθέστηκεν
1727 2713 1897 2779 ἄξιος,

310 2791 404 2842 καὶ
440 2794 778 2864 προτραπεὶς
807 2797 942 2867 πρὸς
986 2798 1096 2852 τῶν
1129 2800 1306 2855 ἄλλων
1334 2805 1624 2873 ἡγήσεται,
1677 2803 1787 2870 ζῶν
1819 2805 1900 2860 ἔτι

311 2882 407 2934 καὶ
436 2885 720 2953 τυγχάνων
769 2885 827 2938 ἐν
857 2887 1092 2958 σώματι,
1119 2893 1212 2946 καὶ
1240 2893 1406 2948 πᾶσιν
1435 2897 1789 2966 ἐπαγγέλλων
1819 2900 1898 2970 τῷ

312 2974 542 3044 στόματι
571 2975 630 3030 τὺ
666 2979 890 3047 γεγονὸς
925 2983 984 3034 ἐν
1022 2983 1172 3052 αύτῷ
1211 2985 1322 3038 τῶν
1367 2987 1542 3056 ἁγίων
1587 2991 1893 3060 τεράστιον.

321 3066 533 3133 Ἀγνοεῖ
566 3068 665 3136 μὲν
699 3070 808 3139 γὰρ
850 3072 1030 3124 αὐτῶν
1057 3074 1232 3138 οὐδεὶς
1266 3077 1377 3131 τῶν
1411 3080 1466 3130 ἐν
1497 3078 1644 3133 ἔτεσι
1687 3082 1894 3148 τούτοις

308 3159 420 3218 τοῖς
465 3159 608 3211 ἑπτά
641 3162 736 3214 καὶ
767 3161 1030 3232 ἐξήκοντα
1063 3163 1248 3236 Κύρου
1290 3168 1388 3220 καὶ
1425 3167 1674 3225 Ἰωάννου
1708 3190 1893 3227 κατει-

306 3248 559 3318 ληφότων
607 3252 666 3304 τὸ
695 3253 922 3324 τέμενος
947 3271 963 3286 ⁸
997 3255 1142 3310 ἴσασι
1194 3257 1251 3312 δὲ
1281 3261 1495 3326 πάντως
1542 3263 1617 3327 ὡς
1665 3265 1851 3337 οἴομαι
1874 3283 1888 3298 °

2105 2338 2276 2392 Porro
2309 2336 2545 2390 clamare
2573 2335 2642 2389 de
2674 2333 2868 2386 horum
2908 2333 3088 2388 medio
3127 2330 3420 2402 Georgium
3448 2340 3585 2404 puto

2001 2430 2406 2502 presbyterum,
2469 2426 2564 2496 qui
2597 2427 2766 2482 abbas
2844 2424 3062 2496 quidem
3139 2427 3582 2494 congregationis

2002 2535 2193 2574 eorum
2225 2527 2365 2580 erat,
2401 2527 2454 2572 et
2489 2529 2546 2571 ut
2598 2519 2654 2570 in
2710 2517 2978 2572 relatione
3034 2516 3422 2570 miraculorum
3472 2517 3581 2571 dux

2003 2612 2177 2676 lieret,
2207 2609 2516 2679 appetebat.
2544 2607 2682 2662 Cum
2729 2618 2911 2662 autem
2951 2607 3172 2678 dignum
3217 2617 3272 2664 et
3339 2617 3583 2679 tempore

2005 2711 2058 2758 et
2098 2711 2368 2756 vetustate
2425 2699 2676 2755 miraculi
2737 2702 3033 2770 primatum
3071 2700 3416 2768 sumpsisset,
3468 2699 3580 2754 dux

2007 2794 2122 2850 ﬂeri
2163 2809 2270 2848 non
2313 2795 2585 2848 immerito
2615 2793 2766 2847 visus
2796 2801 2902 2857 εει,
2934 2801 2988 2846 et
3017 2791 3082 2846 ad
3115 2792 3372 2846 ducatum
3415 2805 3581 2862 agen-

2002 2887 2133 2942 dum
2185 2885 2253 2941 ab
2296 2885 2421 2940 aliis
2458 2884 2780 2939 exhortatus
2803 2891 2908 2950 est;
2947 2883 3041 2952 qui
3081 2881 3210 2936 vivit
3265 2881 3468 2946 adhuc,
3523 2891 3580 2936 et

2000 2988 2085 3036 est
2125 2979 2178 3032 in
2221 2993 2475 3048 corpore,
2509 2993 2604 3032 ore
2640 2975 2882 3031 referens
2912 2975 3057 3045 quod
3092 2975 3294 3029 factum
3323 2981 3408 3029 est
3436 2973 3490 3026 in
3519 2985 3582 3027 se

1999 3077 2314 3126 sanctorum
2380 3068 2709 3138 prodigium.
2774 3065 3062 3138 Siquidem
3135 3065 3349 3136 ignorat
3431 3063 3579 3119 hunc

2001 3161 2186 3216 nullus
2219 3175 2285 3215 ex
2321 3159 2430 3221 his,
2480 3158 2573 3228 qui
2626 3158 2680 3212 in
2737 3157 2825 3212 his
2871 3164 3077 3226 septem
3125 3157 3282 3211 anuis
3320 3163 3375 3209 et
3420 3153 3581 3211 sexa-

1998 3257 2170 3325 ginta,
2200 3251 2326 3324 Cyri
2355 3261 2410 3307 et
2447 3249 2680 3306 Joannis
2731 3257 2998 3305 venerunt
3051 3249 3117 3303 ad
3151 3247 3433 3318 templum;
3468 3246 3580 3302 imo

304 3339 414 3394 ἀπὸ
442 3339 712 3394 τοσούτων
751 3343 858 3414 γάρ
905 3344 1116 3415 χρόνων
1145 3348 1174 3400 ὁ
1201 3348 1381 3419 γέρων
1404 3351 1566 3415 ὁσίως
1599 3355 1691 3408 καὶ
1723 3355 1894 3410 καθα-

2001 3357 2271 3401 noverunt
2301 3359 2513 3409 omnes,
2545 3353 2604 3398 ut
2631 3357 2754 3397 reor
2779 3361 2792 3395 :
2825 3357 2856 3396 a
2887 3351 2966 3396 tot
2996 3343 3198 3412 quippe
3228 3340 3387 3396 annis
3413 3357 3577 3396 sent-tt

314 3432 429 3504 ρῶς
455 3433 673 3504 Χριστῷ
703 3435 944 3490 δουλεύει
999 3441 1093 3492 καὶ
1131 3439 1422 3510 μάρτυσιν,
1452 3444 1630 3500 πάντα
1669 3449 1895 3515 τελέσας

307 3525 403 3578 τοῦ
433 3525 636 3594 κλήρου
663 3525 733 3578 τὰ
761 3527 1042 3598 τάγματα,
1091 3533 1182 3586 καὶ
1228 3533 1423 3604 χρόνον
1469 3539 1593 3592 τινὰ
1635 3541 1728 3594 τοῦ
1763 3543 1892 3597 ναοῦ

308 3619 640 3688 θαυμαστῶς
688 3621 1053 3691 ἡγησάμενος.

377 3706 536 3774 Κίλιξ
567 3705 634 3780 ἦν
667 3710 696 3761 ὁ
723 3711 1018 3781 Γεώργιος,
1050 3715 1143 3767 καὶ
1175 3717 1381 3783 πόλεως
1411 3719 1510 3773 οὐκ
1545 3721 1760 3792 ἀσήμου
1792 3743 1891 3778 ποι

305 3801 459 3872 λίτης
485 3802 780 3872 ἐτύγχανεν
809 3819 822 3832 ·
858 3804 1069 3874 Ταρσὸν
1097 3807 1202 3876 γάρ
1225 3808 1380 3879 ηὔχει
1409 3811 1767 3881 μητρόπολιν,
1797 3819 1890 3870 καὶ

310 3895 522 3982 Παῦλον
584 3896 768 3950 ἐκάλει
827 3897 1146 3969 συνήγορον,
1201 3901 1295 3953 ἐπὶ
1344 3905 1533 3975 πολίτῃ
1590 3907 1684 3959 καὶ
1733 3909 1888 3961 πόλει

308 3985 702 4056 γαυρούμενος,
728 3988 822 4040 καί¹
844 3989 1056 4049 τούτοις
1071 3991 1170 4044 οὐκ
1197 3991 1442 4059 ἀγεννῶς
1465 3997 1884 4068 σεμνυνόμενος.

307 4069 474 4138 Οῧτος
499 4076 592 4130 οὖν
619 4077 646 4129 ὁ
679 4077 950 4148 Γεώργιος
981 4081 1038 4132 ἐν
1062 4082 1219 4134 παισὶ
1240 4083 1429 4145 τελῶν,
1455 4089 1549 4138 καὶ
1583 4089 1888 4159 μειρακίοις

307 4167 489 4236 φέρων
530 4167 628 4238 τήν
657 4167 886 4233 δίαιταν,
931 4171 1028 4240 τῆς
1079 4174 1338 4242 πατρίδος
1386 4177 1616 4247 ἐκδημεί
1642 4179 1738 4232 σὺν
1777 4184 1887 4244 τοῖς

309 4255 563 4326 φύσασιν.
617 4259 728 4328 Τῆς
757 4261 1018 4330 ἐκδημίας
1051 4261 1108 4314 δὲ
1144 4266 1344 4328 σκοπὸς
1370 4265 1580 4336 ὑπῆρχε
1616 4269 1710 4321 καὶ
1749 4269 1886 4336 πρό-

307 4364 470 4416 φασις
499 4350 532 4420 ἡ
563 4349 642 4410 είς
703 4351 898 4420 Μηνᾶν
948 4351 1038 4403 τὸν
1071 4354 1225 4420 ἅγιον
1274 4355 1364 4409 τὸν
1416 4359 1472 4408 ἐν
1516 4361 1581 4429 τῇ
1614 4359 1886 4434 Μαρεὼτῃ

306 4441 678 4510 προσκύνησις
705 4459 721 4474 ο
756 4444 822 4513 ἢν
859 4444 958 4512 τῆς
983 4445 1337 4518 Ἀλεξάνδρου
1367 4451 1756 4522 κατειληφότες
1777 4454 1884 4506 άπ-

294 4531 507 4620 ιδδίδουν
536 4531 614 4602 τῷ
643 4534 880 4604 μάρτυρι
907 4551 920 4565 ·
943 4537 1036 4588 καὶ
1067 4539 1166 4608 τήν
1191 4539 1448 4593 ἐπάνοδον
1471 4543 1654 4606 αὐτοῖς
1677 4546 1883 4615 χειμῶ-

311 4640 394 4686 νος
427 4623 764 4687 κωλύσαντος
785 4665 800 4688 ,
837 4627 928 4678 καὶ
961 4631 1153 4697 χρόνου
1209 4632 1405 4702 μικροῦ
1439 4633 1878 4702 διῖππεύσαντος,

2004 3441 2108 3495 iste
2141 3449 2329 3494 sancte
2361 3452 2425 3491 ac
2467 3451 2604 3506 pure
2643 3435 2867 3490 Christo
2924 3435 3365 3506 martyribusque
3388 3433 3580 3489 deser-

2003 3534 2100 3596 vit,
2131 3547 2254 3587 cum
2287 3547 2476 3586 onmes
2499 3530 2630 3585 cleri
2662 3529 2886 3584 ordines
2915 3535 3373 3589 consummasset,
3399 3535 3454 3581 et
3484 3544 3581 3593 per

2004 3629 2214 3692 tempus
2247 3621 2467 3692 aliquod
2499 3621 2698 3689 templo
2721 3619 3046 3674 mirabiliter
3081 3618 3410 3688 praefuisset.

2106 3715 2244 3770 Cilix
2283 3723 2402 3769 erat
2429 3715 2720 3785 Georgius,
2756 3723 2809 3767 ct
2839 3713 3082 3767 civitatis
3109 3726 3216 3764 non
3265 3711 3461 3780 ignota!
3501 3709 3576 3760 ci-

1967 3809 2104 3874 ‘vis,
2163 3807 2336 3863 Tarso
2387 3807 2532 3860 enim
2583 3805 2927 3875 gloriabatur
2975 3803 3282 3872 metropoli,
3331 3808 3384 3856 et
3435 3801 3574 3854 Pau-

1999 3901 2110 3953 lum
2148 3898 2376 3952 vocabat
2405 3909 2829 3960 coasscrtorem,
2859 3894 2913 3948 in
2955 3895 3182 3949 concive
3229 3907 3293 3944 ac
3347 3890 3575 3944 civitate

1997 3991 2284 4060 gloriatus,
2326 3996 2379 4042 et
2425 3987 2512 4042 bis
2567 4001 2674 4039 non
2734 3984 3049 4055 ignobiliter
3103 3983 3418 4036 decoratus.
3471 3977 3572 4032 llic

1995 4100 2125 4150 ergo
2185 4080 2456 4148 Georgius
2528 4077 3006 4132 conversationem
3051 4074 3193 4128 inter
3239 4073 3476 4126 infantes
3520 4081 3574 4125 et

1997 4190 2194 4241 pueros
2239 4188 2427 4243 agens,
2461 4187 2490 4224 a
2528 4171 2706 4240 patria
2756 4183 2981 4238 peregre
3035 4166 3399 4236 proficiscitur
3444 4179 3570 4218 cum

1997 4263 2336 4333 parentibus.
2393 4262 2564 4316 Porro
2609 4260 3062 4331 peregrinationis
3125 4257 3352 4310 intentio
3398 4263 3452 4310 et
3483 4271 3573 4308 oc-

1994 4357 2143 4409 casio
2171 4361 2288 4408 erat
2311 4353 2377 4407 ad
2403 4353 2632 4407 Meunan
2665 4361 2912 4405 sanctum
2939 4347 3314 4420 profectionis,
3339 4357 3391 4401 ct
3429 4347 3572 4415 apud

1993 4445 2269 4500 Mareoten
2306 4444 2642 4499 adoratiouis
2673 4443 2909 4506 devotio;
2955 4455 3118 4510 quam
3163 4455 3288 4494 cum
3333 4438 3573 4492 Alexan-

1991 4539 2164 4592 driam
2211 4537 2610 4606 pervenissent,
2657 4534 2881 4604 martyri
2921 4531 3294 4586 reddiderunt.
3326 4531 3574 4598 Cumque

1993 4630 2223 4684 reditum
2271 4629 2378 4683 illis
2419 4628 2592 4683 hiems
2651 4625 3043 4696 prohibuisset,
3111 4635 3166 4677 et
3215 4635 3428 4692 tempus
3459 4637 3574 4674 mo-

303 4715 397 4770 τοῦ
429 4716 616 4780 παιδὸς
651 4719 680 4770 ὁ
705 4721 889 4788 πατὴρ
921 4719 1295 4790 ἐτελεύτησεν,
1317 4726 1410 4778 καὶ
1435 4727 1464 4778 ὁ
1500 4729 1627 4790 παῖς
1651 4729 1886 4799 ὀρφανὸς

2001 4723 2170 4775 licum
2204 4721 2558 4789 praeterisset,
2605 4718 2757 4786 pueri
2811 4727 2964 4788 pater
3019 4713 3320 4771 defunctus
3372 4723 3478 4777 cst,
3519 4723 3574 4767 et

305 4809 662 4875 κατελίπετο,
729 4811 826 4865 καὶ
883 4812 980 4878 τῆς
1034 4813 1299 4882 ὀρφανίας
1351 4816 1642 4882 ἀκόλουθος
1684 4822 1716 4890 ἡ
1773 4823 1884 4875 τῶν

303 4901 598 4972 ὀφθαλμῶν
637 4905 853 4972 ἐγένετο
904 4907 1182 4978 στέρησις,
1221 4911 1285 4962 ἐκ
1323 4910 1529 4975 πάθους
1580 4914 1886 4983 ἐπιχύσεως

215 5032 219 5036 .
307 4994 572 5064 ρεύσασα.

387 5085 595 5157 Ἶατροῦ
629 5086 682 5139 δέ
716 5087 914 5150 παντὸς
945 5087 1080 5158 πρὸς
1115 5089 1176 5141 τὸ
1208 5090 1377 5154 πάθος
1408 5093 1762 5156 ὀκλάταντος,
1791 5097 1884 5148 καὶ

301 5179 601 5250 διαρρήδην
631 5178 726 5248 τήν
779 5175 951 5252 ἧτταν
1007 5181 1462 5251 ὁμολογήσαντος,
1501 5186 1680 5256 Κύρος
1723 5189 1886 5252 εὐθὺς

303 5272 398 5324 καὶ
440 5271 694 5339 Ἰωάννης
753 5272 804 5323 οἱ
856 5272 1134 5341 μάρτυρες
1185 5274 1518 5344 θεραπευταὶ
1549 5279 1643 5331 τοῦ
1681 5280 1884 5344 πάθους

302 5361 664 5429 ἠγγέλλοντοο
699 5361 779 5424 εἰς
809 5358 901 5420 οὓς
933 5359 1103 5414 ἐλθὼν
1131 5361 1158 5412 ὁ
1188 5362 1463 5432 Γεώργεος
1503 5365 1630 5428 τοὺς
1663 5345 1883 5435 είρηκό-

303 5467 404 5514 τας
445 5453 546 5504 οὐκ
605 5451 842 5522 ᾔσχυνεν
871 5452 967 5522 τήν
1007 5469 1064 5504 τε
1105 5454 1212 5521 γάρ
1261 5456 1512 5524 ἐπίχυσιν
1547 5457 1876 5520 ἀπεδύσατο,

303 5543 399 5595 καὶ
433 5541 532 5608 τὴν
564 5541 825 5610 γλυκεῖαν
882 5543 1170 5610 ἀνείληφεν
1201 5544 1411 5615 ὅρασιν.
1449 5547 1562 5615 Τῆς
1600 5547 1788 5614 ὑγείας
1822 5549 1880 5600 δέ

301 5633 461 5688 τοῦτο
489 5628 556 5703 ἧν
585 5635 656 5696 ὡς
685 5638 820 5704 φασὶ
870 5635 928 5686 τὸ
979 5635 1252 5707 βοήθημα.
1307 5638 1486 5709 Τυρὺν-
1515 5639 1664 5708 αὐτῷ
1693 5641 1881 5710 τρίψαι

301 5727 394 5778 τὸν
415 5727 478 5778 ἐκ
512 5726 767 5789 Βιθυνίας
826 5727 1141 5797 ἐρχόμενον,
1203 5731 1298 5782 καὶ
1337 5734 1560 5800 κηρωτῇ
1611 5733 1882 5802 συμμίξαι

307 5817 400 5872 καὶ
433 5819 591 5889 μόνον
626 5817 893 5872 ἐπιθεῖναι
943 5822 1054 5882 τοῖς
1107 5819 1351 5891 δμμασιν
1413 5823 1460 5874 οἱ
1514 5824 1610 5892 τῆς
1658 5825 1878 5893 ῥώσεως

1990 4813 2242 4880 erpbano
2293 4825 2464 4880 puero
2513 4809 2799 4875 derelicto,
2853 4809 3223 4878 orphanitatis
3270 4823 3572 4862 snt-ecswr

1993 4907 2276 4958 oculorum
2327 4911 2412 4958 est
2470 4902 2946 4974 euecta-privatio,
2979 4918 3007 4955 a
3038 4901 3272 4957 lusionis
3315 4904 3576 4972 passione

1991 4997 2184 5051 tlil't'usa
2197 5035 2210 5048 .

2099 5087 2306 5142 Medico
2337 5097 2516 5142 autem
2558 5088 2705 5142 muni
2735 5089 2884 5143 circa
2919 5091 3230 5159 passionem
3263 5089 3570 5146 deﬁciente.

1993 5184 2338 5250 Spei-simque
2402 5183 2486 5236 sui
2560 5184 2970 5250 superationem
3021 5185 3336 5244 conlitente,
3396 5179 3572 5249 Cyrus

1991 5273 2177 5325 statim
2223 5279 2276 5324 et
2325 5269 2568 5326 Joannes
2613 5282 2905 5343 martyres,
2957 5285 3242 5328 curatores
3299 5271 3570 5341 passionis

1987 5363 2366 5428 enuntiantur;
2411 5365 2476 5418 ad
2527 5380 2664 5430 quos
2701 5363 2966 5434 Georgius
2996 5365 3237 5426 veniens,
3277 5362 3566 5432 prtetlictos

1985 5455 2250 5511 dedecore
2309 5473 2412 5510 non
2468 5455 2671 5515 affecit,
2726 5465 2780 5511 et
2832 5465 3138 5511 cataractas
3192 5456 3465 5526 deposuit,
3511 5462 3560 5506 ct

1983 5548 2199 5602 dulcem
2251 5548 2400 5602 visus
2448 5549 2688 5618 percepit
2751 5549 3030 5600 intuitum.
3093 5547 3262 5600 Porro
3309 5547 3567 5604 sanitatis

1985 5640 2090 5694 hoc
2119 5648 2257 5705 eral,
2290 5650 2346 5694 ut
2373 5641 2576 5707 inquit,
2616 5641 2902 5694 auxilium.
2945 5639 3177 5694 (ὶιιενιιιιι
3211 5640 3286 5694 illi
3322 5651 3495 5696 terere
3537 5655 3565 5694 a

1989 5730 2240 5802 Bithynia
2290 5733 2552 5794 tlclatum,
2597 5741 2652 5784 et
2689 5732 3146 5806 cerotiunisccre
3195 5740 3252 5786 et
3301 5747 3566 5802 supcrpo—

1989 5839 2116 5877 nere
2145 5824 2340 5890 oculis,
2378 5822 2632 5877 sanitatis
2668 5821 3028 5877 falu'it-atut'cs
3061 5823 3386 5894 prtccipiunt
3421 5839 3599 5877 ιιιιιτο.
