4060 6236
393 260 536 327 3615
644 290 649 295 λ

1270 274 1330 332 S.
1367 273 1783 335 SOPHRONII
1808 276 2006 337 PATR
2018 277 2314 338 [ARCHAE
2352 277 2735 338 HIEROSOL

3522 275 3663 343 3616

397 388 567 447 tyres;
614 390 790 446 eoque
829 388 1023 449 agente
1059 379 1363 447 jussionem
1406 392 1749 449 sanctorum,
1798 387 1980 441 omnis

2100 385 2336 448 τέκτονες
2371 384 2727 455 ἐπιτρέπουσι
2794 381 3104 453 μάρτυρεςο
3164 380 3258 434 καὶ
3315 385 3666 456 πεπραχὸτος

399 466 619 536 quidem
647 467 936 524 confestim
975 470 1260 525 oculorum
1312 472 1511 527 humor
1553 474 1811 530 deorsum
1845 475 1981 532 ﬂue-

2081 475 2247 531 αύτοῦ
2277 475 2388 529 τῶν
2415 475 2591 544 ἁγίων
2628 474 2726 546 τὴν
2760 473 3031 537 κέλευσιν,
3060 473 3206 529 ἅπαν
3238 476 3337 546 μὲν
3366 477 3531 540 εὐθὺς
3557 479 3667 532 τῶν

401 558 517 623 bat;
570 560 787 615 mundae
831 568 1013 617 autem
1065 562 1286 632 pupillae
1335 578 1400 619 ac
1455 565 1651 621 lucidas
1709 566 1889 632 factm,
1951 584 1981 622 a

2100 565 2380 637 ἰφθαλμῶν
2430 564 2493 618 τὸ
2519 563 2684 636 ὑγρὸν
2735 565 3068 633 κατεφέρετο
3089 579 3104 594 ο
3142 565 3384 634 καθαραὶ
3412 565 3467 619 δὲ
3501 566 3665 639 κόραι

403 665 593 706 crassa
653 652 746 706 illa
788 655 1018 709 materia
1060 654 1306 710 liberatae
1364 659 1742 723 remanebant,
1798 670 1851 714 et
1891 661 1981 715 lu-

404 753 530 792 men
585 739 708 794 sine
751 741 1145 811 impedimento
1202 743 1563 815 recipiebant,
1620 756 1675 801 et
1724 748 1983 817 deinceps

403 832 779 901 operabantur
824 836 1142 902 Operatione
1176 822 1337 908 quam
1368 845 1497 893 ante
1541 839 1848 908 passionem
1885 842 1985 895 ha-

405 920 657 977 buerant.
694 922 762 978 Et
812 924 915 979 hoc
963 927 1183 997 quidem
1224 928 1375 1000 quod
1420 928 1623 984 factum
1673 938 1758 986 est
1806 931 1857 985 in
1918 948 1986 987 eo

404 1014 739 1083 prodigium.
776 1015 981 1072 dictum
1007 1027 1113 1072 est.
1160 1018 1447 1090 Aliayero
1475 1034 1596 1089 quae
1620 1034 1652 1073 a
1688 1022 1894 1076 sanctis
1930 1022 1984 1076 in

406 1104 527 1174 ipso
573 1106 906 1162 charismata
949 1117 1102 1179 gesta
1146 1118 1298 1175 sunt,
1350 1106 1570 1182 longum
1609 1111 1858 1181 profecto
1903 1122 1988 1168 est

405 1212 665 1255 enarrare
696 1204 795 1271 per
822 1202 1060 1272 singula,
1101 1218 1228 1258 cum
1259 1203 1466 1273 scripto
1498 1204 1727 1274 proprio
1768 1214 1984 1275 egeant,

407 1290 756 1362 plurimoque
810 1300 1056 1364 tempore
1112 1310 1254 1365 opus
1311 1295 1565 1362 habeant,
1617 1312 1779 1366 quam
1844 1313 1990 1353 nunc

406 1381 488 1436 eis
521 1384 821 1438 secundum
856 1387 1342 1456 aequiparationem
1375 1388 1540 1442 tribui
1573 1387 1785 1443 debeat.

478 1472 557 1530 Nc
587 1491 716 1531 vero
757 1477 925 1547 hujus
972 1480 1049 1534 rei
1101 1480 1280 1549 gratia
1314 1479 1430 1535 haec
1473 1496 1581 1534 nun
1630 1481 1866 1549 scripta,
1898 1481 1985 1536 vel

407 1565 531 1619 sine
585 1569 1109 1624 commemoratione
1148 1568 1510 1634 dimittamus,
1561 1580 1616 1625 et
1670 1571 1772 1625 hoc
1825 1570 1991 1626 modo

407 1655 718 1713 audientem
746 1658 942 1714 laedere
962 1660 1269 1725 videamur,
1297 1662 1463 1717 unius
1495 1661 1579 1716 vel
1605 1662 1773 1716 duum
1804 1677 1991 1717 recor-

2084 659 2183 712 καὶ
2210 658 2473 726 διαυγεῖς,
2505 657 2604 726 τῆς
2634 655 2867 726 παχείας
2911 655 3127 726 ἐκείνης
3157 656 3290 726 ὕλης
3327 656 3669 727 ἀπαλλαγεῑ.

2086 766 2176 803 σαι
2213 749 2494 818 διέμενον,
2531 749 2625 803 καὶ
2656 747 2772 817 φῶς
2810 747 3220 815 ἀνεμποδίστως
3262 749 3531 820 ἐδέχοντο,
3571 751 3671 805 καὶ

2085 843 2272 898 λοιπὸν
2294 844 2582 914 ἐνήργουν.
2599 842 2668 914 ῆν
2701 844 2806 916 πρὸ
2826 844 2919 898 τοῦ
2948 845 3148 910 πάθους
3175 845 3335 914 ἔσχον
3357 846 3670 916 ἐνέργειαν.

2086 935 2196 989 Καὶ
2223 934 2383 988 τοῦτο
2399 936 2497 1005 μὲν
2525 935 2586 988 τὸ
2614 935 2700 988 ἐπ’
2717 934 2866 1005 αὐτῷ
2887 937 3109 1005 γεγονὸς
3143 936 3335 1008 ἐλέχθη
3360 920 3673 1008 τεράστιον.

2088 1024 2269 1078 Τᾶλλα
2298 1026 2354 1077 δὲ
2371 1026 2480 1083 τοῖς
2495 1023 2673 1092 ἁγίοις
2698 1026 2777 1085 εἰς
2806 1025 2969 1078 αὐτὸν
2996 1026 3310 1097 πραχθέντα
3327 1028 3673 1099 χαρίσματα,

2092 1117 2303 1186 μακρὸν
2332 1115 2399 1170 ἂν
2428 1116 2513 1187 εἴη
2539 1117 2660 1170 καθ’
2694 1116 2752 1169 ἓν
2778 1117 3169 1188 διηγήσασθαι,
3190 1119 3514 1189 συγγραφῆς
3533 1119 3679 1181 ιδίας

2086 1207 2336 1279 δεόμενα,
2408 1207 2506 1261 καὶ
2562 1208 2756 1282 χρόνου
2797 1210 3044 1273 πλείονος
3090 1209 3385 1281 χρῄζοντα,
3435 1211 3531 1265 τοῦ
3576 1210 3677 1266 νῦν

2088 1294 2273 1359 αὐτοῖς
2329 1296 2780 1368 προσνεμηθῆναι
2809 1300 2932 1352 κατ’
2988 1301 3294 1372 ἰσομοιρίαν
3338 1302 3675 1371 ὀφείλοντος.

2161 1476 2281 1529 Ἵνα
2313 1476 2371 1532 δὲ
2403 1477 2478 1549 μὴ
2508 1476 2705 1532 τούτου
2733 1480 2894 1550 χάριν
2924 1478 3152 1549 ἄγραφα
3178 1480 3352 1535 ταῦτα
3375 1482 3471 1536 καὶ
3504 1485 3681 1553 ἀμνη-

2094 1569 2327 1640 μόνευτα
2357 1570 2794 1642 καταλείψωμεν,
2831 1572 2928 1625 καὶ
2959 1572 3167 1639 ταύτας
3195 1573 3439 1644 δόξωμεν
3470 1575 3680 1628 ἀδικεῖν

2089 1661 2183 1715 τὸν
2219 1663 2513 1728 ἀκούοντα,
2561 1664 2681 1727 ἑνὸς
2727 1662 2763 1735 ἢ
2834 1663 3090 1737 δευτέρου
3137 1664 3549 1737 μνησθήσομαι,
3581 1667 3681 1720 καὶ

406 1748 681 1816 dabimur,
704 1761 757 1806 et
786 1751 899 1806 haec
926 1752 1235 1808 recidentes
1274 1763 1543 1823 quantum
1586 1756 1758 1808 virtus
1784 1769 1986 1823 suppe-

2100 1754 2264 1808 ταῦτα
2297 1753 2610 1824 συντέμνων
2647 1754 2723 1819 ὡς
2760 1755 2988 1828 δύναμις
3013 1756 3146 1829 (51).

408 1846 567 1901 ditat.
592 1845 911 1917 Suscipiunt
951 1847 1268 1918 Georgium,
1289 1863 1413 1904 eum
1439 1865 1576 1919 puer
1597 1856 1764 1914 esset,
1789 1848 2198 1905 clementissimi
2217 1857 2510 1920 martyres,
2534 1858 2586 1904 et
2610 1850 2855 1920 paternis
2869 1866 2993 1906 eum
3023 1850 3317 1921 diligentes
3345 1852 3678 1916 visceribus,

407 1939 685 1994 dimittere
717 1955 911 1995 rursus
940 1939 1009 1995 ad
1036 1942 1358 2010 genitricem
1406 1941 1635 1996 minime
1660 1942 2004 2012 judicarunt,
2034 1939 2131 1996 sed
2173 1942 2292 1995 vice
2333 1941 2507 2009 patris
2539 1940 2745 2008 habita,
2786 1958 2911 1998 cum
2943 1950 3119 1997 matre
3146 1943 3350 1997 liberos
3389 1943 3678 2009 dividunt,

407 2042 462 2088 et
493 2033 625 2088 huic
655 2033 873 2090 filiabus
903 2033 1189 2091 attributis
1213 2050 1336 2106 quae
1380 2034 1504 2089 duae
1541 2044 1701 2090 erant
1731 2034 2127 2105 superadultae,
2166 2032 2462 2103 Georgium
2512 2032 2620 2101 ipsi
2663 2034 2998 2103 suscipiunt,
3031 2034 3366 2104 iuramentis
3395 2050 3491 2104 per
3526 2051 3678 2090 sum-

407 2129 561 2179 ninm
587 2128 838 2195 genitrici
873 2128 1100 2184 credere
1127 2128 1444 2194 suadentes,
1481 2128 1551 2183 ab
1590 2128 1672 2184 eis
1707 2128 1824 2183 fore
1867 2127 2199 2184 sanandum.
2248 2128 2390 2179 Ante
2429 2124 2720 2180 sanitatem
2755 2128 2958 2197 quippe
2985 2127 3132 2183 facta
3159 2137 3291 2184 sunt
3319 2128 3460 2194 haec,
3501 2143 3678 2198 seque

407 2217 655 2273 facturos
704 2219 853 2287 quod
894 2226 1070 2288 pater,
1102 2219 1266 2275 etiam
1317 2220 1365 2276 si
1415 2229 1697 2291 superstes
1746 2227 1916 2286 esset,
1965 2219 2157 2291 utique
2191 2233 2298 2272 non
2355 2215 2598 2272 fecisset.
2649 2217 2808 2284 Quod
2849 2231 3404 2285 consummaverunt,
3443 2228 3498 2276 ct
3529 2222 3682 2291 quod

407 2308 596 2363 dixere
633 2309 902 2365 veraciter
935 2311 1149 2381 operati
1179 2322 1330 2367 sunt.

478 2424 720 2497 Recepto
747 2428 894 2482 enim
924 2429 1216 2499 peregrino
1257 2428 1423 2484 simul
1461 2437 1518 2481 et
1547 2442 1716 2492 caeco,
1756 2427 1997 2498 pupillo,

408 2534 569 2588 vago,
611 2530 667 2575 et
702 2534 959 2590 paupere,
1007 2520 1193 2575 omnia
1238 2520 1571 2591 compendio
1617 2530 1990 2588 sanaverunt;

409 2615 603 2684 patriae
642 2613 903 2670 videlicet
935 2614 1321 2683 privationem,
1365 2615 1645 2685 proprium
1693 2612 1989 2682 facientes;

411 2708 739 2772 caecitatem,
771 2706 960 2763 oculos
993 2705 1400 2773 illuminantes;
1446 2706 1782 2775 orphanitati
1811 2713 1995 2774 patres

410 2797 628 2865 eﬂecti;
657 2798 899 2852 erratico
936 2795 1333 2852 habitationem
1375 2798 1720 2863 tribuentes;
1759 2810 1992 2866 pauper-

410 2899 579 2945 tatem
614 2889 920 2945 secundum
963 2898 1284 2958 utrumque,
1315 2904 1519 2958 corpus
1550 2889 1761 2945 scilicet
1787 2895 1841 2942 et
1870 2888 1990 2941 ani-

310 3040 311 3043 η
412 2998 582 3046 mam,
616 2982 1040 3050 locupletantes,
1082 2980 1128 3035 si
1167 2987 1316 3034 certe
1358 2987 1413 3035 et
1450 2979 1756 3035 secundum
1790 2993 1993 3049 corpus

412 3071 736 3142 locupletari
794 3072 1159 3142 permisisset.
1192 3069 1350 3126 Hunc
1401 3072 1547 3126 enim
1579 3072 1989 3126 sicutveterem

417 3162 727 3218 Samuelcm
761 3164 816 3217 in
853 3163 1056 3233 templo
1080 3176 1183 3217 suo
1210 3162 1438 3228 alentes,
1467 3163 1733 3216 virtutum
1768 3176 1993 3232 posses-

2167 2426 2440 2491 Λαϐόντες
2469 2426 2577 2499 γὰρ
2608 2425 2761 2494 ξένον
2809 2423 2946 2496 ὁμοῦ
2980 2427 3075 2480 καὶ
3103 2423 3328 2493 τυφλὸν,
3363 2424 3601 2494 ὀρφανόν
3620 2445 3685 2481 τε

2094 2518 2192 2572 καὶ
2219 2518 2497 2590 πλανήτην
2527 2518 2624 2571 καὶ
2645 2517 2876 2589 πένητα,
2906 2516 3085 2572 πάντα
3108 2519 3390 2588 συντόμως
3433 2517 3678 2573 ίάσαντο·

2096 2611 2359 2682 πατρίδος
2411 2612 2668 2682 στέρησιν
2716 2609 3178 2681 οἰκειωσάμενον
3226 2608 3526 2681 τύφλωσιν,
3556 2611 3688 2675 τοὺς

2095 2703 2408 2774 ὀφθαλμοὺς
2441 2704 2890 2781 καταυγάσαντες
2911 2719 2925 2733 ⁵
2955 2702 3243 2773 ὀρφανείᾳ,
3264 2703 3502 2774 πατέρες
3527 2704 3688 2773 γενό-

2099 2813 2289 2869 μενοι·
2325 2796 2610 2868 ἀλλότριον
2666 2796 3015 2867 ᾠκειώσαντο
3038 2812 3052 2825 ⁸
3090 2795 3283 2850 πενίαν
3326 2796 3449 2849 κατ’
3493 2795 3687 2866 ἄμφω,

2094 2889 2277 2961 ψυχὴν
2293 2889 2439 2958 λέγω
2462 2889 2557 2941 καὶ
2589 2886 2769 2957 σῶμα,
2804 2886 3185 2951 πλουτοῦντες,
3225 2887 3386 2959 εἴπερ
3421 2888 3515 2941 καὶ
3543 2888 3690 2942 κατά

2098 2979 2259 3049 σῶμα
2290 2978 2545 3032 πλουτεῖν
2588 2977 2933 3048 κατεδέχετο.
2975 2978 3177 3032 Τοῦτον
3205 2982 3315 3049 γὰρ
3346 2977 3421 3042 ὡς
3455 2979 3546 3033 τὸν
3578 2997 3692 3034 πα-

2095 3069 2244 3124 λαιὸν
2273 3069 2532 3141 Σαμουὴλ
2551 3071 2695 3122 κατὰ
2724 3070 2816 3123 τὸν
2847 3068 3047 3123 αύτῶνκ
3062 3069 3231 3138 σηκὸν
3261 3070 3685 3140 ἀνατρέψοντες,

2098 3162 2194 3215 καὶ
2242 3162 2449 3232 ἀρετῆς
2503 3161 2844 3231 πεποιήκασι
2902 3160 3169 3231 κτήτορα,
3225 3160 3321 3214 καὶ
3371 3163 3451 3224 εἰς
3481 3160 3691 3234 κλῆρον

417 3270 600 3310 sorem
648 3255 921 3320 fecerunt,
978 3262 1033 3308 et
1070 3254 1127 3308 in
1175 3252 1383 3307 clerum
1418 3252 1681 3323 paulatim
1730 3265 1993 3322 provexe-

2100 3253 2219 3308 κατ’
2277 3252 2457 3322 ὀλίγον
2509 3253 2855 3324 προήγαγον,
2902 3252 2994 3305 τὸν
3034 3250 3386 3322 καταλλήλως
3417 3254 3541 3316 ταῖς
3572 3253 3695 3323 ἡλι-

418 3353 570 3410 runt,
612 3346 707 3417 qui
756 3344 1151 3401 convenienter
1188 3344 1245 3400 in
1290 3345 1524 3415 singulis
1565 3345 1820 3399 aetatibus
1862 3360 1996 3400 com

417 3441 671 3511 gruebat,
720 3453 933 3509 suaque
981 3437 1209 3509 dignum
1247 3437 1659 3508 dispensatione
1717 3438 1992 3505 fecerunt,

414 3547 541 3588 cum
592 3535 734 3588 hanc
778 3530 1055 3587 moderari
1105 3530 1390 3586 valuisset.
1426 3529 1587 3587 Hunc
1634 3546 1664 3585 a
1700 3541 1873 3585 morte
1910 3530 1996 3586 bis

416 3625 811 3691 liberaverunt,
837 3635 1191 3695 augmentum
1217 3621 1432 3678 dierum
1465 3629 1519 3678 et
1541 3622 1667 3677 vitae
1696 3621 1991 3679 donantes.

488 3718 802 3774 Pestilentia
847 3726 987 3783 erat,
1036 3726 1092 3773 et
1133 3718 1225 3787 qui
1258 3726 1391 3772 tune
1432 3717 1789 3785 aegrotabant,
1841 3716 1995 3786 prius

416 3825 581 3880 quam
632 3810 863 3879 languor
910 3816 1257 3870 nosceretur,
1292 3806 1692 3860 moriebantur.
1727 3804 1993 3877 Egrota-

415 3900 496 3955 vit
529 3899 690 3956 etiam
722 3898 1013 3970 Georgius,
1039 3905 1096 3953 et
1127 3896 1358 3969 expletis
1389 3894 1641 3950 terminis
1677 3896 1821 3959 vitae,
1853 3910 1996 3966 pra:-

417 4001 628 4048 scntem
676 3992 813 4047 obiit
862 3993 1057 4055 vitam,
1096 3988 1359 4059 videtque
1405 3987 1630 4057 angelos
1658 3987 1994 4057 accipientes

417 4101 482 4141 se
513 4092 567 4139 et
595 4084 953 4152 deducentes,
987 4089 1043 4138 et
1071 4080 1275 4153 Cyrum
1300 4079 1382 4135 eis
1406 4087 1462 4134 et
1491 4077 1761 4132 Joannem
1788 4086 1997 4148 marty-

416 4187 511 4226 res
536 4179 913 4237 occurrentes,
945 4177 1001 4225 et
1029 4169 1222 4226 donari
1253 4168 1359 4225 sibi
1398 4167 1779 4239 presbyterum
1819 4168 1995 4221 inter-

413 4261 702 4329 cedentes,
729 4261 877 4329 quod
911 4276 972 4316 se
1017 4259 1199 4315 facere
1245 4273 1353 4313 non
1408 4271 1573 4328 posse
1605 4255 1840 4310 virtutes
1890 4254 1997 4309 illa:

416 4354 700 4420 dicebant,
734 4354 934 4408 divinae
962 4350 1238 4408 sanctioni
1279 4364 1435 4404 more
1464 4349 1627 4404 solito
1655 4346 1993 4413 servientes;

414 4454 743 4514 exspectare
772 4451 953 4498 autem
991 4442 1191 4497 factam
1223 4441 1291 4496 ad
1332 4438 1499 4495 Deum
1536 4438 1994 4509 supplicationem

418 4551 637 4601 eorum,
668 4545 724 4591 et
762 4537 997 4590 alterum
1040 4534 1161 4604 ejus
1200 4532 1504 4604 praestolari
1542 4538 1876 4603 praeceptum
1913 4530 1995 4585 fe-

2102 3347 2250 3412 κίαις
2281 3345 2595 3418 ἁρμόζοντα
2620 3361 2635 3376 ·
2664 3344 2760 3399 καὶ
2795 3345 2897 3415 τῆς
2950 3343 3134 3399 αὐτῶν
3176 3344 3490 3414 οἰκονομίας
3525 3346 3696 3416 ἠξίω-

2102 3456 2226 3506 σαν,
2274 3438 2362 3491 ὅτε
2414 3436 2624 3508 ταύτην
2680 3436 2891 3490 διέπειν
2932 3434 3187 3505 ἠδύνατο.
3234 3434 3405 3489 Τοῦτο
3454 3435 3693 3490 θανάτου

2101 3531 2183 3595 δὶς
2226 3528 2626 3602 ἐλυτρώσαντο,
2664 3527 2987 3600 προσθήκην
3043 3525 3183 3582 ὲτῶν
3213 3528 3309 3581 καὶ
3345 3526 3492 3597 ζωῆς
3527 3545 3693 3598 χαρι-

2105 3621 2355 3691 σάμενοι.

2170 3711 2374 3783 Λοιμὺς
2393 3705 2486 3784 ἦν,
2519 3710 2615 3765 καὶ
2648 3711 2696 3764 οί
2734 3711 2857 3765 τότε
2882 3708 3170 3774 νοσοῦντες
3228 3708 3361 3781 πρὶν
3390 3709 3423 3776 ἢ
3455 3708 3694 3776 διαγνω-

2103 3803 2298 3874 σθῆναι
2334 3804 2434 3875 τὴν
2465 3805 2621 3857 νόσον
2652 3802 3018 3874 ἀπέθνησκον.
3070 3802 3327 3873 Ἐνόσησε
3378 3802 3473 3856 καὶ
3504 3800 3695 3873 Γεὼρ-

2102 3912 2243 3965 γιος,
2314 3896 2411 3949 καὶ
2462 3894 2571 3949 τῶν
2632 3896 2777 3967 ὅρων
2805 3896 2905 3967 τῆς
2956 3894 3106 3965 ζωῆς
3133 3893 3560 3965 πληρωθέντων,
3594 3895 3696 3963 τῆς

2103 3985 2587 4061 παρούσης”ζωῆς
2643 3987 3055 4060 ἐκδεδημηκεν·
3114 3987 3372 4051 καὶτοὺς
3423 3985 3698 4055 ἀγγέλους

2101 4082 2207 4153 ὁρᾷ
2234 4080 2500 4144 λαϐόντας
2528 4081 2691 4135 αὐτὸν
2741 4081 2839 4135 καὶ
2869 4082 3205 4149 ἀπάγοντας,
3238 4080 3337 4134 καὶ
3372 4077 3562 4150 Κῦρον
3596 4079 3699 4130 αὑ-

2101 4176 2216 4238 τοῖς
2246 4175 2344 4227 καὶ
2394 4173 2650 4244 Ἰωάννην
2677 4173 3059 4237 συναντῶντας
3088 4175 3221 4236 τοὺς
3254 4173 3563 4244 μάρτυρας,
3597 4171 3698 4225 καὶ

2102 4261 2427 4335 χαρίζεσθαι
2471 4263 2658 4326 αὐτοῖς
2711 4263 3026 4335 πρεσϐύτην
3079 4262 3511 4336 πρεσϐεύοντας,
3553 4262 3697 4331 ὅπερ

2103 4355 2279 4410 ποιεῖν
2331 4354 2521 4424 ελεγον
2576 4356 2635 4409 αἱ
2694 4355 2955 4427 δυνάμεις
3011 4356 3087 4426 μὴ
3146 4354 3436 4419 δύνασθαι,
3476 4354 3608 4424 θείῳ
3639 4354 3699 4407 δὲ

2105 4446 2440 4518 θεσπίσματι
2469 4448 2613 4502 κατὰ
2639 4448 2842 4518 τρόπον
2872 4447 3225 4503 δουλεύουσαι
3243 4465 3259 4480 ο
3309 4448 3496 4520 μένειν
3524 4447 3570 4502 δ’
3597 4450 3687 4501 αὺ-

2103 4538 2212 4593 τῶν
2249 4540 2352 4609 τὴν
2380 4540 2515 4612 πρὸς
2545 4540 2679 4595 Θεὸν
2706 4543 2949 4595 ἱκετείαν
2980 4540 3350 4612 ἀπήγγελλον,
3384 4539 3480 4594 καὶ
3515 4540 3700 4594 δευτέ-
3731 4532 3743 4612 ,’

422 4630 641 4684 rebant.
673 4629 790 4683 Hac
828 4637 1096 4700 martyres
1139 4627 1509 4699 responsione
1538 4634 1786 4695 accepta,
1822 4630 1993 4678 verte-

2105 4650 2207 4703 ραν
2239 4592 3747 4731 άιζοῖπίεῖοςξδέέεξοᾼῖᾆέιέρέῖηἰ.’ταιέέλῖλαδόντέςξ

338 4758 341 4763 ‹
426 4721 627 4775 bantur
670 4720 737 4774 ad
770 4733 982 4789 preces,
1011 4718 1078 4774 ad
1121 4718 1406 4782 Deumque
1450 4716 1683 4786 genibus
1717 4712 1872 4769 ﬂexis
1903 4712 2000 4767 do-

425 4814 546 4867 nari
577 4812 682 4868 sibi
727 4813 993 4869 cultorem
1041 4812 1500 4883 deprecabantur.
1547 4809 1616 4863 Et
1648 4807 1754 4862 hoc
1799 4806 2005 4861 facien-

423 4906 598 4970 tibus,
629 4921 660 4960 e
686 4904 828 4961 ctelo
875 4919 978 4959 vox
1028 4904 1305 4960 ferebatur
1346 4888 1629 4967 deorsum,
1668 4898 2005 4971 martyribus

427 4997 809 5069 presbyterum
858 4995 981 5051 dari
1027 4996 1376 5069 praecipiens,
1431 5004 1487 5051 et
1523 4995 1685 5050 annis
1736 4995 1792 5049 in
1843 5008 2009 5050 carne

428 5090 615 5145 vivere
635 5089 830 5161 viginti
864 5089 1155 5146 definiens.
1189 5089 1254 5143 Et
1279 5090 1361 5145 sic
1385 5088 1609 5160 quidem
1645 5088 1750 5145 iste
1780 5087 2008 5143 mirabi-

431 5181 553 5237 liter
582 5193 809 5237 mortem
850 5198 972 5252 qua:
1013 5192 1146 5237 tunc
1190 5182 1420 5252 urgebat
1455 5181 1649 5247 evasit,
1683 5181 1806 5252 plus
1843 5194 2008 5249 quam

428 5273 697 5329 Ezechias
733 5275 862 5328 vitae
917 5287 1094 5331 annos
1146 5274 1392 5345 quinque
1450 5273 1783 5345 percipiens,
1825 5270 2009 5328 studio

427 5373 735 5437 martyrum
786 5365 1042 5437 donoque
1096 5367 1304 5423 divino.
1350 5367 1484 5423 Cum
1510 5346 1693 5420 autem
1722 5363 2008 5419 vieennale

2108 4724 2157 4777 oi
2188 4723 2468 4793 μάρτυρες
2482 4723 2583 4793 τὴν
2601 4724 2919 4796 ἀπόκρισιν,
2940 4724 3076 4795 πρὸς
3103 4723 3343 4778 ἱκετείαν
3371 4723 3691 4793 ἐτρέποντο,

2110 4816 2205 4868 καὶ
2233 4813 2372 4886 πρὸς
2391 4814 2525 4869 Θεὸν
2557 4816 2626 4869 τὰ
2682 4815 2886 4885 γόνατα
2909 4815 3214 4880 κλίναντες,
3249 4814 3568 4885 δωρηθῆναι
3601 4814 3700 4866 αύ-

2111 4900 2241 4970 τοῖςκ
2273 4906 2367 4961 τὸν
2395 4905 2605 4978 λάτρην
2638 4905 2884 4960 ἐδέοντο·
2920 4906 3016 4961 καὶ
3048 4905 3211 4959 τοῦτο
3256 4903 3575 4966 ποιούντων,
3602 4902 3699 4957 ἀπ’

2113 4995 2347 5067 οὐρανοῦ
2401 4996 2557 5067 φωνὴ
2606 4997 2961 5068 κατεφέρετο,
3025 4995 3227 5050 διδόναι
3280 4994 3700 5066 προστάττουσα

2114 5089 2227 5151 τοῖς
2259 5087 2496 5159 μάρτυσι
2526 5084 2621 5139 τὸν
2671 5085 3072 5156 πρεσϐύτερον,
3116 5084 3212 5138 καὶ
3260 5083 3493 5155 χρόνους
3523 5080 3695 5135 εἴκοσι

2115 5179 2173 5234 ἓν
2198 5180 2365 5250 σαρκὶ
2395 5178 2726 5249 διορίζουσα.
2758 5178 2870 5231 Καὶ
2897 5177 3040 5231 οὓτω
3063 5177 3161 5247 μὲν
3174 5169 3371 5239 οὖτοςό
3395 5174 3699 5245 θαυμάσιος

2113 5271 2208 5326 τὸν
2238 5272 2361 5326 τότε
2395 5271 2617 5340 διέφυγε
2640 5270 2891 5336 θάνατον,
2927 5269 3172 5336 Ἐζεκίου
3207 5269 3372 5323 πλέον
3402 5266 3499 5337 ἐτη
3536 5262 3703 5320 πέντε

2114 5362 2261 5435 ζωῆς
2299 5364 2691 5435 κομισάμενος,
2756 5361 3050 5435 μαρτύρων
3079 5361 3289 5434 σπουδῇ
3316 5360 3411 5415 καὶ⁴
3435 5356 3568 5428 θείῳ
3591 5356 3702 5412 δω-

1940 5537 2178 5596 NOTAE.

443 5775 446 5778 ἢ
508 5700 610 5777 (5),
652 5704 866 5763 Abhinc
903 5707 1282 5763 desiderantur
1314 5713 1427 5763 tres
1452 5701 1726 5776 pericopa:
1760 5701 1819 5760 in
1848 5700 2038 5760 Graeco
2076 5710 2250 5771 textu,
2288 5715 2427 5773 quas
2458 5699 2689 5761 Latinus
2725 5698 3091 5759 conservavit.
