4060 6236
278 317 415 386 2617

1315 318 1418 380 SS.
1455 316 1632 379 CYRI
1664 314 1760 375 ET
1794 312 2117 375 IOANNIS
2139 313 2548 376 MIRACULA.

3396 310 3541 378 3618

280 435 507 504 ρήματι.
537 430 671 484 Ὅτε
691 427 749 483 δέ
768 426 1170 498 τὸνέίκοσαετῆ
1187 427 1283 498 τῆς
1311 427 1459 499 ζωῆς
1483 428 1676 499 χρόνον
1696 425 1865 496 ἐπλή-

1977 426 2097 479 vitae
2127 436 2341 494 tempus
2369 426 2667 496 explesset,
2696 422 2876 479 dcnno
2905 422 3262 489 moriebatur,
3297 429 3352 478 et
3373 422 3539 480 vitam

279 541 443 596 ρωσε,
494 523 661 580 πάλιν
711 522 1045 593 ἀπέθνησκε,
1102 526 1199 576 καὶ
1250 522 1351 591 τὴν
1401 521 1682 592 παροῦσαν
1714 520 1859 593 ζωὴν

276 614 718 683 κατελίμπανεν,
771 615 885 677 τοῖς
939 610 1193 665 λαϐοῦσιν
1258 611 1510 680 ἀγγέλοις
1555 612 1859 683 ἐπόμενοςο

277 708 420 763 ἀλλά
450 708 614 763 πάλιν
637 704 981 780 συναντήσας
1029 710 1142 770 τοῖς
1182 706 1473 778 μάρτυσιν,
1515 706 1678 760 πάλιν
1705 707 1780 769 ὡς
1802 707 1866 760 τὸ

279 801 550 873 πρότερον
581 800 870 865 ἀπελύετο,
934 797 1127 871 χρόνον
1176 799 1324 868 ζωῆς
1361 800 1675 870 εὐτυχήσας
1709 800 1865 870 ἀόρι-

283 908 429 945 στον.
465 891 563 955 Ὃς
595 890 849 961 δεύτερον
873 889 1131 956 τεθνεὼς,
1169 891 1263 944 καὶ
1311 888 1503 959 φυγὼν
1537 892 1600 944 ἐκ
1628 890 1865 945 θανάτου

277 985 339 1037 τέ
370 982 646 1055 δεύτερον,
676 985 774 1053 τῆς
823 982 933 1037 τῶν
985 982 1159 1050 ἁγίων
1214 981 1353 1052 πρὸς
1384 982 1518 1035 Θεὸν
1552 981 1867 1053 παρρησίας

278 1075 512 1145 ἔστηκεν
572 1075 813 1145 ἐλεγχος,
867 1074 962 1128 καὶ
1014 1073 1183 1128 εἰκὼν
1211 1076 1311 1145 τῆς
1350 1074 1532 1129 αὐτῶν
1563 1074 1745 1145 ἰσχύος
1772 1073 1869 1128 καὶ

280 1166 505 1238 χάριτος
529 1184 541 1196 ·
585 1168 751 1237 ἡμεῖς
797 1165 855 1217 δὲ
903 1166 995 1219 τὸν
1021 1165 1397 1237 πρεσϐύτερον
1429 1166 1618 1219 τοῦτον
1654 1167 1744 1220 τὸν
1777 1165 1870 1218 θε-

282 1257 507 1311 σπέσιον
526 1257 668 1330 ὑπὲρ
700 1259 861 1328 ήμῶν
894 1258 1224 1326 πρεσϐεύειν
1249 1260 1375 1322 τοὺς
1395 1259 1584 1327 ἁγίους
1616 1252 1873 1329 αἰτήσαν-

279 1368 391 1416 τες,
426 1353 523 1405 καὶ
554 1352 869 1420 προστάτας
898 1353 1078 1405 ποιεῖν
1105 1355 1201 1404 καὶ
1221 1353 1254 1422 ἠ
1265 1350 1381 1421 μῶν
1408 1349 1766 1414 ἀξιώσαντες,
1785 1351 1869 1417 ἐφ’

280 1443 470 1511 ἐτέρου
499 1442 811 1512 βαδίσωμεν
837 1442 1093 1512 διήγησιν
1119 1441 1425 1511 θαύματος.

282 1534 409 1589 NB’.
441 1535 578 1602 Περὶ
617 1534 895 1602 Ζωσίμου
925 1534 1033 1587 τοῦ
1064 1533 1394 1602 άρχιήτρου
1439 1532 1694 1603 ἔχοντος
1718 1531 1872 1600 πάρ-

1001 1622 1158 1658 εσιν.
1636 1636 1639 1637 ⁷

356 1689 527 1748 Ἦλθέ
562 1711 692 1748 ποτε
718 1694 813 1748 καὶ
837 1695 1137 1760 Βυζάντιος
1188 1694 1440 1765 Ζὼσιμος
1469 1693 1734 1763 τοῦνομα,
1771 1694 1876 1765 ἀρ-

1963 525 2284 582 praesentem
2318 515 2627 578 deserebat,
2680 514 2905 582 angelos
2943 528 3001 568 se
3030 514 3288 569 tollentes
3316 521 3541 569 secutus

1962 604 2057 659 sed
2116 604 2313 658 iterum
2359 620 2656 661 occurrens
2714 603 3071 674 martyribus.
3132 604 3332 657 iterum
3395 602 3543 658 sicut

1966 696 2119 767 prius
2146 696 2556 763 absolvebatur,
2590 705 2806 765 tempus
2835 695 2956 748 vitae
2981 694 3255 749 infinitum
3288 694 3540 764 adeptus.

1966 787 2067 854 Qui
2124 787 2371 841 secundo
2419 786 2734 846 defunctus,
2768 792 2822 839 et
2856 802 2882 838 a
2917 792 3096 839 morte
3135 784 3380 845 secundo
3426 784 3543 839 ela-

1970 893 2124 949 psus,
2176 886 2495 933 sanctorum
2538 880 2679 947 apud
2730 877 2897 931 Deum
2955 876 3153 931 habitat
3200 876 3547 932 conﬁdentia:

1969 971 2221 1025 constitit
2249 970 2434 1029 index.
2474 981 2525 1024 et
2554 971 2735 1037 imago
2765 969 2988 1023 virtutis
3013 985 3206 1022 eorum
3243 978 3296 1021 et
3329 968 3543 1038 gratiae.

1972 1061 2082 1115 Nos
2120 1072 2301 1113 autem
2351 1060 2737 1129 presbyterum
2782 1061 2948 1114 istum
3002 1060 3283 1128 egregium
3318 1073 3416 1128 pro
3451 1074 3548 1112 no-

1973 1150 2056 1204 bis
2099 1149 2443 1205 intercedere
2490 1150 2630 1217 apud
2681 1162 2900 1204 sanctos
2956 1158 3227 1218 petentes.
3262 1158 3317 1204 ct
3357 1158 3547 1220 patro-

1971 1256 2073 1296 nos
2103 1242 2268 1297 etiam
2312 1252 2560 1298 nostrum
2609 1241 2788 1296 facere
2817 1244 3178 1309 postulantes,
3226 1242 3292 1296 ad
3320 1244 3547 1297 alterius

1972 1331 2290 1401 gradiamur
2318 1334 2693 1386 narrationem
2727 1332 3001 1386 miraculi.

2049 1516 2156 1572 ιιι.
2198 1517 2276 1572 De
2314 1500 2532 1573 Zosimo
2563 1518 2835 1572 archialro
2870 1517 3146 1588 paralysin
3171 1518 3478 1574 sustinente.

2051 1697 2209 1750 Venit
2259 1697 2554 1768 aliquando
2580 1706 2636 1752 et
2657 1696 2993 1768 Byzantinus
3020 1696 3277 1754 Zosimus
3306 1700 3549 1768 nomine,

282 1787 507 1858 χιητρὸς
531 1786 592 1839 τὸ
639 1788 1017 1858 ἐπιτήδευμα,
1055 1786 1237 1841 καὶτὸ
1287 1786 1460 1849 πάθος
1514 1785 1826 1855 παράλυτος
1855 1801 1869 1815 ·

1977 1791 2158 1844 studio
2189 1806 2318 1844 vero
2366 1791 2615 1846 medicus
2664 1807 2935 1857 summus,
2982 1801 3036 1847 et
3068 1793 3398 1864 paralytiens
3424 1808 3555 1862 pas-

280 1881 378 1932 καὶ
405 1879 577 1934 πόθεν
604 1879 703 1950 μέν
738 1879 890 1948 αὑτῷ
924 1879 984 1932 τὺ
1041 1879 1215 1944 πάθος
1240 1878 1525 1950 γεγένητο,
1559 1878 1740 1947 λέγειν
1767 1878 1869 1931 οὐκ

283 1973 503 2044 ἔχομεν,
536 1972 678 2044 πλὴν
712 1973 796 2027 ὅτι
822 1973 1062 2042 πάρετος
1098 1966 1188 2042 ἦν,
1240 1971 1336 2023 καὶ
1369 1971 1436 2024 τά
1461 1969 1559 2039 τῆς
1582 1969 1869 2041 παρέσεως

283 2064 446 2135 ἔφερε
471 2065 536 2134 σή
547 2081 786 2136 μαντρα,
816 2065 877 2118 οὗ
898 2063 1053 2134 μέλει
1083 2065 1163 2117 ἐνὶ
1191 2062 1475 2134 βαστάζων
1487 2062 1588 2132 τὴν
1610 2063 1866 2133 πάρεσιν,

283 2155 402 2210 ἀλλ’
452 2156 599 2219 ὅλοις
626 2157 722 2209 καὶ
771 2155 848 2228 τῷ
892 2157 1067 2211 ταῦτα
1104 2158 1388 2227 συνέχοντι
1423 2155 1660 2226 σώματι.
1694 2148 1863 2219 οὗτος

284 2246 410 2302 οὔτε
466 2247 621 2302 δυσὶν
673 2249 899 2320 ἠρκεῖτο
959 2248 1352 2320 βαστάζεσθαι,
1409 2249 1549 2302 ἀλλά
1606 2248 1869 2302 πλειόνων

285 2337 498 2393 ἐδέετο’
523 2337 653 2393 οὔτε
703 2342 760 2393 ἐν
804 2339 964 2415 κλίνῃ
989 2340 1299 2411 τιθέμενος,
1329 2340 1464 2402 ὅλως
1490 2339 1683 2393 ἐαυτὸν
1710 2340 1869 2407 στρέ-

288 2446 410 2499 φειν
439 2430 690 2502 ἠδύνατο,
734 2431 850 2485 ἀλλ’
881 2433 1083 2502 ἐτέρου⁵
1117 2432 1211 2486 τοῦ
1249 2431 1574 2501 στρέφοντος
1615 2431 1866 2502 ἔχρῃζεν.

284 2520 408 2575 οὔτε
446 2522 755 2594 βρωμάτων
785 2524 1097 2595 ἁπτόμενος
1144 2524 1375 2588 οἰκείαις
1414 2524 1575 2597 χερσὶ
1602 2523 1872 2596 μετελάμ-

287 2615 475 2679 ϐανεν,
498 2615 615 2669 ἀλλ’
643 2614 802 2679 ἄλλος
825 2615 991 2669 αὐτὸν
1034 2616 1447 2687 παριστάμενος
1488 2614 1741 2688 ἔτρεφεν,
1775 2616 1874 2669 καὶ¹

286 2709 363 2771 ὡς
387 2708 490 2762 οὐκ
512 2704 581 2778 ἦν
607 2708 794 2779 ἰατρὸς
827 2707 1195 2779 ἀπηλέγχετο,
1236 2707 1333 2761 καὶ
1358 2708 1455 2778 τὴν
1483 2708 1680 2780 τέχνην
1712 2707 1875 2761 ἀσθε-

286 2798 485 2853 νοῦσαν
533 2799 797 2863 ἐδείκνυε,
827 2800 922 2853 καὶ
965 2799 1146 2863 ἄλλοις
1175 2798 1648 2870 ἐπαγγελλόμενος
1705 2799 1868 2861 ῐασιν,

286 2889 470 2960 ἑαυτῷ
525 2889 741 2961 βοηθεῖν
782 2887 883 2943 οὐκ
921 2889 1174 2960 ἠδύνατο,
1206 2888 1321 2942 ἀλλ’
1357 2888 1436 2952 εἰς
1457 2890 1671 2959 ἄμυναν
1687 2887 1872 2942 ἐκάλει

285 2986 415 3046 τοὺς
447 2983 756 3054 μάρτυρας.

371 3074 575 3129 Ἐλθὼν
609 3069 701 3128 οὖν
731 3072 866 3145 πρὸς
888 3073 1016 3138 τοὺς
1062 3072 1231 3136 ὅντως
1268 3071 1490 3143 ἰατροὺς
1517 3070 1611 3125 καὶ
1640 3072 1668 3125 ό
1697 3068 1873 3124 Ζώσι-

292 3184 415 3237 μος,
447 3168 542 3220 καὶ
570 3166 931 3238 μαρτυρήσας
980 3165 1168 3228 αὐτοῖς
1196 3164 1258 3218 τὸ
1289 3164 1496 3231 προσὸν
1523 3163 1870 3229 ἀλεξίκακον,

288 3258 481 3312 τούτου
512 3262 693 3330 τυχεῖν
716 3259 1014 3321 ἐλιτάνευε,
1033 3258 1128 3311 καὶ
1155 3256 1451 3311 λιτανεύων
1483 3257 1714 3328 ἐπέτυχε
1734 3296 1749 3322 ,
1774 3254 1877 3311 ’καὶ

288 3347 468 3418 τυχὼν
488 3349 736 3419 ἀπήλαυε
770 3340 1011 3419 ῥώσεως.
1029 3347 1191 3418 Τρεῖς
1213 3346 1323 3417 γὰρ
1350 3348 1515 3417 μόνας
1533 3348 1750 3418 ἡμέρας
1762 3350 1876 3412 τοῖς

292 3426 472 3508 ἁγίοις
502 3439 821 3510 εὐξάμενος,
853 3440 933 3502 εἰς
963 3438 1191 3510 λουτρὸν
1243 3438 1421 3492 ἐλθεῖν
1452 3442 1874 3509 προσετάττετο,

291 3533 388 3586 καὶ
418 3531 645 3601 θερμοῖς
692 3530 753 3584 τὸ
794 3529 960 3600 σῶμα
1004 3529 1305 3584 λούσασθαι
1349 3530 1624 3602 νάμασιν
1670 3534 1760 3586 καὶ
1810 3533 1875 3602 δὴ

293 3620 542 3684 πεισθεὶς
559 3623 673 3684 τοῖς
696 3619 1040 3683 κελεύσασιν,
1068 3621 1118 3674 οἱ
1146 3619 1414 3674 θειότατοι
1444 3621 1556 3691 γὰρ
1582 3621 1878 3692 ἐτύγχανον

298 3713 600 3784 μάρτυρες.
633 3714 713 3776 εις
744 3711 806 3766 τὸ
838 3711 1065 3783 λουτρὸν
1095 3712 1482 3785 παραγίνεται,
1516 3714 1612 3766 καὶ
1638 3714 1745 3767 τῶν
1779 3716 1880 3785 ἐμ-

297 3802 490 3874 πύρων
521 3802 704 3873 ἀέρων
732 3803 881 3857 ἔνδον
916 3803 1216 3873 γενόμενος
1231 3802 1325 3857 ἐπὶ
1361 3803 1610 3865 στιϐάδος
1643 3806 1748 3859 ὑπὸ
1768 3807 1879 3860 τῶν

294 3895 563 3967 αξρόντων
594 3896 821 3951 ἐτίθετο.
846 3895 1173 3959 Τεθεικότες
1220 3894 1277 3948 δὲ
1310 3895 1403 3949 τὸν
1439 3896 1688 3968 Ζώσιμον
1715 3899 1763 3951 οἱ
1788 3898 1882 3969 βα-

297 3986 610 4063 στάζοντες,
671 3988 961 4060 οἰκονομίᾳ
1015 3987 1152 4041 Θεοῦ
1186 3987 1296 4042 τῶν
1343 3988 1607 4058 ἐμπύρων
1641 3988 1878 4055 ἐξίεσαν,

295 4082 396 4151 τῆς
429 4079 610 4145 ἐξόδου
642 4080 744 4154 τὴν
771 4079 1028 4153 ἀφορμὴν
1050 4078 1161 4136 τῶν
1190 4078 1469 4152 χρειωδῶν
1493 4080 1594 4151 τὴν
1621 4083 1882 4155 εἰσφορὰν

296 4173 672 4246 ποιησόμενοι.

369 4356 593 4410 Τούτων
619 4357 675 4411 δέ
706 4357 1094 4428 ποιησαμένων
1126 4355 1222 4428 τὴν
1257 4354 1458 4421 ἔξοδον,
1483 4356 1668 4428 Κῦρος
1694 4358 1723 4410 ό
1748 4357 1885 4428 μάρ-

1971 1881 2148 1937 sione.
2183 1881 2245 1934 Et
2278 1882 2422 1937 unde
2448 1882 2526 1936 illi
2554 1883 2740 1952 passio
2774 1883 2915 1937 facta
2956 1895 3062 1945 est.
3094 1884 3280 1939 dicere
3312 1900 3421 1939 non
3450 1887 3551 1940 ba—

1974 1970 2186 2033 bemus,
2256 1979 2457 2041 praeter
2504 1973 2650 2043 quod
2699 1972 3009 2029 dissolutus
3053 1983 3192 2038 erat,
3232 1983 3288 2029 et
3336 1977 3552 2047 paraly-

1971 2077 2097 2118 sees
2160 2063 2370 2120 ferebat
2410 2065 2652 2135 insignia
2703 2081 2812 2121 non
2874 2083 2984 2122 uno
3022 2069 3269 2123 membro
3324 2076 3551 2138 portans

1973 2152 2146 2223 ipsam
2176 2154 2602 2210 dissolutionem
2635 2157 2730 2213 sed
2781 2158 3063 2224 omnibus,
3096 2167 3149 2212 et
3180 2160 3300 2228 ipso
3330 2176 3551 2232 quoque

1971 2259 2204 2315 corpore
2234 2247 2378 2316 quod
2430 2248 2673 2303 membra
2718 2252 2966 2307 continet
2993 2251 3197 2305 omnia.
3228 2251 3328 2306 llic
3368 2268 3549 2322 neque

1971 2335 2191 2393 duobus
2223 2347 2521 2395 contentus
2568 2348 2687 2395 erat
2716 2342 2783 2396 ad
2814 2341 3236 2412 deportandum,
3265 2343 3359 2397 sed
3388 2344 3552 2413 pluri-

1975 2430 2078 2485 mis
2103 2445 2241 2500 opus
2265 2431 2532 2499 habebat;
2566 2449 2744 2505 neque
2768 2434 2821 2489 in
2853 2435 2993 2490 lecto
3015 2437 3206 2504 jaceus
3243 2439 3468 2492 Omnino
3491 2453 3554 2493 se

1974 2519 2152 2591 ipsum
2193 2532 2408 2579 vertere
2453 2534 2685 2594 poterat,
2724 2526 2820 2581 sed
2870 2527 3118 2591 alterius,
3151 2529 3243 2598 qui
3283 2545 3344 2585 se
3375 2538 3552 2586 verte-

1973 2622 2078 2682 ret,
2107 2615 2422 2686 indigebat;
2460 2634 2638 2684 neque
2683 2620 2839 2676 cibos
2884 2621 3125 2690 propriis
3165 2631 3342 2676 tactos
3371 2624 3551 2678 mani-

1981 2707 2083 2763 bus
2140 2708 2504 2780 percipiebat,
2539 2710 2634 2764 sed
2676 2711 2819 2767 alius
2850 2720 3040 2767 astans
3077 2728 3204 2767 eum
3248 2714 3467 2781 aiebat,
3499 2723 3554 2768 et

1973 2802 2128 2868 quasi
2154 2802 2401 2858 medicus
2424 2819 2533 2857 non
2557 2812 2724 2869 esset,
2748 2805 3182 2861 convincebatur
3205 2823 3221 2872 ;
3245 2808 3409 2877 etqui
3429 2808 3554 2863 aliis

1974 2893 2395 2963 repromittebat
2418 2895 2736 2961 sanitatem,
2764 2896 2869 2951 sibi
2895 2898 3149 2951 auxiliari
3175 2913 3285 2952 non
3315 2907 3552 2968 poterat,
3632 2958 3635 2961 λ

1975 2984 2070 3040 sed
2101 2983 2171 3039 ad
2194 2986 2512 3055 praesidium
2547 2994 2816 3058 martyres
2851 2988 3162 3042 invocabat.

2048 3076 2182 3130 Cum
2226 3091 2359 3148 ergo
2389 3087 2444 3130 et
2468 3076 2724 3133 Zosimus
2757 3077 2824 3132 ad
2864 3093 2961 3134 eos
2992 3080 3087 3149 qui
3129 3092 3317 3133 revera
3352 3079 3554 3135 medici

1977 3168 2410 3233 sunt‘venisset,
2448 3176 2505 3223 et
2553 3168 2930 3223 testimonium
2972 3169 3085 3224 illis
3133 3169 3360 3223 remedii
3407 3170 3556 3239 quod

1975 3256 2044 3310 ab
2076 3256 2212 3326 ipsis
2251 3255 2490 3313 dabatur
2529 3258 2921 3327 perhibuisset,
2950 3259 3054 3313 boc
3101 3260 3331 3328 adipisci
3365 3262 3559 3330 depre-

1975 3350 2242 3415 cabatur;
2300 3357 2355 3404 et
2407 3352 2760 3419 deprecatus,
2808 3360 3142 3408 consecutus
3174 3362 3291 3413 est;
3340 3363 3391 3408 et
3426 3369 3557 3408 eon-

1975 3446 2226 3503 secutus,
2272 3445 2512 3495 sanitate
2553 3441 2760 3511 potitus
2790 3450 2897 3495 est.
2940 3441 3072 3496 Cum
3115 3444 3261 3495 enim
3299 3444 3430 3498 solis
3460 3446 3558 3497 tri-

1976 3529 2081 3584 bus
2126 3530 2321 3585 diebus
2374 3542 2599 3587 sanctos
2657 3540 2895 3593 orasset,
2947 3531 3013 3585 ad
3061 3533 3317 3587 balneum
3372 3535 3559 3589 venire

1978 3620 2317 3691 prmeipitur,
2359 3631 2414 3675 et
2443 3620 2643 3677 calidis
2692 3637 2897 3692 corpus
2945 3623 3129 3677 lavare
3163 3621 3414 3688 ﬂuentis;
3462 3624 3555 3692 qui

1972 3711 2297 3780 jnbentibus
2348 3712 2636 3776 obediens,
2672 3710 2846 3766 divini
2882 3711 3030 3765 enim
3081 3720 3348 3782 martyres
3376 3725 3554 3774 erant,

1978 3802 2046 3856 ad
2080 3802 2333 3856 balneum
2376 3805 2546 3864 venit,
2587 3810 2642 3857 et
2695 3804 2839 3857 intra
2892 3801 3254 3857 ferventiores
3301 3802 3558 3857 inventus

1980 3908 2158 3958 aeres,
2205 3908 2371 3962 supra
2420 3902 2783 3948 stramentum
2828 3892 2898 3945 ab
2944 3891 3030 3946 bis
3062 3891 3154 3961 qni
3201 3890 3347 3945 hunc
3376 3902 3559 3962 gesta.

1981 3993 2172 4038 verant
2201 3984 2441 4053 ponitur.
2474 3983 2725 4054 Cumque.
2771 3983 3093 4054 posuissent
3123 3981 3272 4037 illum
3305 3986 3399 4055 qui
3432 3999 3561 4052 por-

1983 4077 2196 4140 tabant,
2233 4077 2640 4146 dispensatione
2692 4075 2783 4131 Dei
2832 4092 2862 4131 a
2895 4076 3032 4132 locis
3067 4076 3175 4132 illis
3207 4074 3555 4132 ferventiori-

1982 4168 2086 4224 bils
2139 4167 2416 4232 exierunt,
2467 4169 2653 4224 exitus
2700 4167 3054 4223 occasionem
3113 4168 3556 4223 necesswiorum

1986 4259 2286 4314 illationem
2318 4258 2577 4314 ferentes.

2058 4351 2155 4408 His
2187 4360 2369 4407 autem
2403 4352 2754 4417 exeuntibus,
2785 4348 2965 4422 Cyrus
3007 4348 3098 4405 ille
3130 4360 3339 4421 martyr
3369 4349 3422 4403 in
3452 4365 3562 4402 ιιιοη

298 4466 397 4513 τυς
418 4450 477 4502 ἐν
505 4447 740 4521 μοναχοῦ
767 4449 1008 4521 σχήματι
1030 4447 1109 4518 τῷ
1136 4446 1385 4501 νοσοῦντι
1405 4448 1759 4519 παρίσταται,
1778 4448 1874 4502 οὒκ

1984 4445 2144 4501 nacbi
2186 4444 2465 4500 schemate
2514 4450 2660 4498 astat
2702 4452 2929 4514 aegroto,
2985 4442 3181 4495 nonin
3210 4440 3444 4507 somnis,
3501 4452 3562 4495 ut

298 4540 434 4613 ϐναρ
467 4540 542 4603 ὡς
570 4544 685 4605 τοῖς
729 4540 944 4595 πλείοσι
974 4539 1248 4609 φαίνεται,
1280 4540 1397 4594 ἀλλ’
1425 4538 1576 4612 ὕπαρ
1601 4539 1676 4604 ὡς
1721 4535 1789 4610 ἦν
1820 4556 1883 4593 τε

300 4634 400 4688 καὶ
432 4634 707 4705 γράφεται
733 4649 749 4665 ο
801 4633 898 4686 καὶ
953 4638 1147 4701 φανεὶς
1180 4633 1480 4702 ἀναστῆναι
1520 4633 1601 4705 τῷ
1640 4632 1885 4688 νοσοῦντι

312 4727 703 4797 προσέταττεν,
741 4726 839 4780 καὶ
867 4726 1094 4797 θερμοῖς
1123 4725 1518 4796 ἐγκυϐιστῆσαι
1566 4728 1676 4788 τοῖς
1706 4727 1885 4796 νάμα-

306 4833 412 4872 σιν.
448 4817 507 4871 Ὀ
532 4817 589 4870 δέ
624 4817 698 4889 μὴ
730 4815 1036 4888 θαμϐηθεὶς
1067 4816 1206 4889 πρὸς
1233 4817 1332 4889 τὴν
1351 4818 1564 4888 ὅρασιν,
1599 4816 1719 4886 μηδ’
1747 4816 1886 4880 ὅλως

304 4911 386 4972 εἰς
422 4906 549 4963 νοῦν
576 4906 900 4977 προσλαϐὼν
917 4905 976 4960 τὸ
1007 4903 1336 4977 παράδοξον,
1373 4905 1534 4958 τοῦτο
1562 4904 1884 4975 τετευχότος

304 4998 400 5054 τοῦ
436 5000 716 5071 μάρτυρος
739 4998 815 5062 ὡς
842 4998 908 5051 ἂν
936 4997 1011 5069 μὴ
1045 4998 1196 5069 φόϐῳ
1226 4997 1390 5051 πάθοι
1410 5014 1462 5051 τι
1481 4997 1579 5068 τὴν
1615 4997 1878 5064 διάνοιαν,

306 5091 385 5162 μὴ
410 5088 674 5144 δύνασθαι
729 5088 868 5160 πρὸς
917 5087 1079 5142 αὐτὸν
1132 5090 1488 5163 ἀπεκρίνατο.
1526 5088 1688 5143 Ἀλλά
1721 5089 1885 5144 πάλιν

300 5179 462 5236 τοῦτο
501 5183 672 5234 ποιεῖν
716 5180 812 5234 τοῦ
847 5180 1109 5249 φανέντος
1148 5182 1551 5253 προτρέποντος
1583 5182 1882 5253 μάρτυρος,

303 5270 402 5327 καὶ
429 5269 571 5325 κατά
609 5270 785 5343 βραχὺ
844 5272 1288 5340 καταλαμϐάνειν
1345 5273 1444 5345 τὴν
1496 5274 1750 5345 ἔμϐασιν,
1793 5276 1886 5329 καὶ

304 5364 557 5417 κατιέναι
612 5360 971 5439 λουσάμενον,
1018 5362 1157 5435 πρὸς
1207 5362 1270 5416 τὸ
1290 5363 1582 5417 κελευσθὲν
1612 5365 1884 5432 ἐϐιάζετο,

304 5452 539 5525 δύναμιν
595 5451 745 5526 αὐτῷ
796 5454 890 5508 τοῦ
950 5452 1261 5517 λαλοῦντος
1295 5453 1737 5524 ἐμπνεύσαντος·
1791 5457 1886 5511 καὶ

306 5547 469 5618 χερσὶ
495 5544 593 5600 καὶ
620 5545 750 5600 ποσὶ
792 5542 1228 5617 κυλινδούμενος,
1279 5532 1703 5618 καταλαμϐάνει,
1730 5548 1886 5619 μόλις

305 5638 407 5711 τὴν
433 5633 690 5708 ἔμϐασιν,
724 5636 903 5708 Εφεως
927 5635 1084 5706 δίκην
1107 5634 1429 5708 συρόμενος,
1465 5637 1562 5692 καὶ
1588 5638 1664 5702 ὡς
1696 5641 1883 5710 ἴσχυσε

308 5729 588 5785 κατελθὼν
603 5732 685 5794 εἰς
700 5730 767 5785 τὰ
794 5728 1036 5801 νάματα,
1065 5728 1390 5801 ἀνελήλυθεν
1410 5727 1486 5793 ὡς
1508 5730 1606 5784 οὐκ
1634 5729 1882 5799 ἡλπισεν·

1988 4537 2177 4592 multis
2221 4544 2469 4606 apparet,
2506 4534 2602 4591 sed
2636 4536 2690 4588 in
2737 4536 2988 4603 veritate,
3025 4535 3172 4590 sicut
3201 4543 3323 4590 erat
3348 4543 3406 4590 et
3441 4534 3564 4605 pin-

1986 4631 2171 4702 gitur;
2231 4642 2283 4685 et
2313 4643 2608 4699 apparens,
2662 4642 2888 4697 surgere
2937 4627 3220 4698 languenti
3273 4628 3567 4698 pmcipie-

1986 4724 2101 4790 bat,
2127 4730 2181 4776 et
2212 4723 2268 4777 in
2302 4721 2484 4777 calida
2530 4721 2704 4791 mergi
2758 4721 2983 4775 ﬂuenta.
3031 4722 3100 4773 At
3143 4720 3235 4774 ille
3276 4721 3352 4774 nil
3384 4720 3450 4775 ad
3482 4720 3563 4775 vi-

1986 4808 2195 4872 sionem
2228 4817 2594 4884 stupefactus,
2639 4828 2739 4869 nec
2770 4814 2998 4867 omnino
3045 4814 3099 4867 in
3131 4820 3367 4868 mentem
3404 4827 3559 4867 assu-

1986 4920 2140 4960 mens
2183 4905 2600 4959 admirationem
2643 4905 2791 4958 illam
2845 4919 3009 4973 quam
3043 4910 3177 4959 tunc
3210 4912 3420 4975 martyr
3468 4918 3565 4974 pa-

1986 5001 2253 5061 traverat,
2277 5010 2347 5051 ne
2366 4994 2495 5064 quid
2540 4995 2738 5050 timore
2788 5003 3068 5065 pateretur
3098 4995 3151 5049 in
3181 5003 3403 5061 mente;
3450 5007 3562 5048 non

1988 5102 2151 5158 posse
2177 5101 2237 5142 se
2261 5086 2330 5141 ad
2360 5101 2486 5142 eum
2529 5087 2839 5158 respondit.
2874 5085 2983 5141 Sed
3017 5086 3219 5142 iterum
3257 5101 3382 5141 cum
3416 5098 3560 5137 mar-

1988 5189 2075 5251 tyr
2115 5180 2205 5249 qui
2256 5187 2607 5250 apparuerat,
2648 5180 2753 5234 boc
2804 5179 2984 5235 facere
3029 5189 3083 5235 et
3113 5179 3179 5232 ad
3210 5177 3410 5233 solium
3437 5189 3564 5244 pan-

1988 5271 2142 5325 latim
2178 5272 2388 5336 venire,
2442 5286 2505 5326 ac
2539 5270 2877 5327 descendere
2922 5272 3228 5326 lavatur-nm
3275 5268 3563 5339 praecepis-

1987 5371 2094 5429 set,
2131 5363 2196 5417 ad
2230 5363 2281 5418 id
2315 5364 2415 5418 niti
2442 5364 2589 5434 quod
2635 5363 2853 5434 jussum
2900 5362 3077 5417 fuerat
3120 5359 3415 5429 languidus
3468 5374 3560 5412 co-

1985 5455 2238 5526 gebatur,
2272 5455 2377 5512 sibi
2408 5470 2474 5510 eo
2518 5454 2613 5526 qui
2667 5455 2996 5529 loquebatur
3046 5452 3349 5521 inspirante
3394 5450 3564 5504 virtu-

1988 5555 2122 5611 tem,
2179 5547 2544 5617 manibusque
2585 5562 2651 5602 ae
2697 5547 2929 5617 pedibus
2987 5545 3309 5616 provolutus
3354 5543 3443 5598 vix
3496 5540 3563 5596 ad

1988 5640 2189 5696 solium
2234 5641 2504 5710 pervenit,
2559 5640 2735 5697 instar
2784 5639 2998 5695 colubri
3043 5646 3277 5705 tractus,
3327 5646 3379 5693 et
3419 5636 3565 5693 sicut

1988 5731 2161 5786 valuit
2202 5733 2259 5787 in
2304 5730 2508 5788 ﬂuenta
2555 5731 2915 5799 descendens,
2967 5730 3115 5789 sicut
3159 5748 3268 5788 non
3325 5728 3563 5803 speravit
