4060 6236
535 249 674 314 3619

1477 257 1535 314 S.
1574 257 1990 317 SOPIIRONII
2028 257 2526 317 I’ATRIARCHIE
2558 256 2960 317 HIEROSOL.

3656 261 3802 327 3620
3891 231 3898 237 ’

536 364 804 418 ascendit.
841 362 1085 435 Denique
1130 365 1362 436 languor
1409 367 1627 436 quidem
1657 369 1933 422 occidenti
1969 383 2104 420 con-

2219 364 2418 419 Ξύνοντι
2450 367 2546 434 μὲν
2579 365 2688 436 γὰρ
2717 369 2749 436 ὴ
2784 367 2940 429 νόσος
2973 365 3121 438 αύτῷ
3165 366 3555 436 συνεθάπτετο,
3585 369 3800 426 ἀιιόντι

535 455 922 523 sepeliebatur,
969 458 1061 511 sed
1111 472 1235 511 cum
1297 459 1595 515 scandente
1638 459 1751 529 jam
1793 459 2110 512 nullatenus

536 544 888 600 ascendebat.

605 635 762 694 Tunc
795 639 1088 706 proliaticaa
1135 639 1361 709 piscina:
1403 641 1706 707 lavacrum,
1733 641 1897 695 calidi
1929 640 2110 694 laticis

534 729 733 784 solium
809 732 1078 785 imitatum
1153 741 1258 798 est,
1323 748 1432 786 non
1502 733 1756 804 angelum
1819 732 2108 786 lavandum

539 824 871 891 suscipiens,
902 833 955 876 et
1000 839 1194 893 aquam
1242 823 1603 880 descensione
1633 841 1731 880 sua
1760 827 2108 888 turbantem;

534 914 627 967 sed
677 913 877 984 Cyrum
931 926 1223 985 martyrem
1261 917 1456 972 videns
1506 928 1557 972 et
1607 917 1774 987 hujus
1801 917 1943 987 piam
1992 931 2112 970 sau-

532 1008 770 1060 ctionem
809 1006 1125 1062 admittens.
1181 1006 1335 1062 Unde
1365 1007 1646 1062 Zosimum
1679 1024 1840 1078 quem
1870 1007 2112 1061 dissolu-

535 1108 647 1149 tum
676 1106 1017 1165 susceperat,
1047 1099 1375 1152 incolumem
1407 1099 1455 1152 ei
1486 1099 1577 1166 qui
1608 1097 2107 1162 miseratreddidit;

534 1194 588 1240 et
639 1203 799 1257 quem
855 1188 1130 1241 infirmum
1181 1189 1272 1257 qui
1335 1204 1442 1243 non
1503 1191 1824 1243 movebatur
1875 1190 2103 1256 accepit,

535 1295 728 1333 sanum
763 1280 907 1332 hunc
949 1281 1190 1340 dimisit.
1244 1291 1298 1334 et
1332 1283 1492 1336 facile
1534 1283 1775 1336 motibus
1811 1282 1927 1335 suis
1957 1291 2110 1335 uten-

537 1380 665 1423 tem.
700 1369 806 1435 Qui
843 1386 966 1422 cum
1023 1371 1074 1422 in
1123 1370 1325 1424 ﬂuenta
1371 1373 1747 1434 descenderet,
1783 1372 2107 1441 praesentia-

537 1461 659 1514 liter
711 1469 961 1514 sanctnm
999 1460 1211 1514 videbat
1266 1471 1494 1529 astare;
1551 1463 1856 1516 ascendens
1907 1477 2034 1515 vero
2077 1477 2106 1515 a

535 1552 711 1606 calida
743 1560 796 1606 et
823 1551 1053 1620 benigna
1093 1567 1256 1620 aqua,
1297 1555 1569 1607 medicum
1603 1553 1788 1606 videre
1813 1568 1920 1606 non
1948 1562 2106 1621 pote—

536 1651 642 1696 rat.
698 1642 762 1695 l'lt
809 1658 916 1696 non
956 1650 1072 1696 erat
1125 1642 1377 1698 Zosimns
1430 1645 1593 1696 etiam
1657 1658 1826 1696 sanus
1879 1642 2106 1698 effectus

2213 457 2270 510 δὲ
2291 457 2402 510 οὐδ’
2429 457 2566 522 ὅλως
2601 457 2750 529 αύτῷ
2778 460 3165 529 συνανήρχετο.

2285 637 2420 690 Τότε
2451 637 2551 708 τὴν
2580 639 2638 691 ὲν
2663 642 2727 710 τῇ
2757 641 3062 710 προϐατικῇ
3097 640 3514 714 κολυμϐήθρᾳὴ
3544 642 3638 696 τοῦ
3671 643 3805 718 θερ-

2217 727 2320 798 μοῦ
2357 727 2547 792 ὓδατος
2575 729 2807 798 ἓμϐασις
2866 732 3198 802 ἐμιμήσατο,
3252 734 3352 788 οὐκ
3381 735 3613 803 ἄγγελον
3636 737 3801 803 δεξα-

2217 821 2355 890 μένη
2380 821 2728 890 λουσόμενον,
2757 823 2850 875 καὶ
2873 825 2938 893 τῇ
2986 824 3292 877 καταϐάσει
3327 824 3388 878 τὸ
3421 829 3570 896 νᾶμα
3594 829 3801 899 ταράσο

2214 927 2397 972 σοντα,
2427 911 2562 964 ἀλλά
2588 912 2770 983 Κῦρον
2803 914 2986 966 ἰδοῦσα
3015 915 3109 968 τὸν
3147 917 3424 987 μάρτυρα,
3457 918 3551 971 καὶ
3584 919 3645 972 τὸ
3671 919 3802 972 τού-

2211 1019 2304 1054 του
2337 1002 2608 1074 δεξαμένη
2660 1005 3044 1072 φιλάνθρωπον
3088 1007 3388 1079 θέσπισμα.
3425 1011 3591 1063 ⁸Ὀθεν
3617 1013 3799 1081 παρά-

2211 1093 2370 1147 λυτον
2411 1094 2655 1148 λαϐοῦσα
2703 1096 2795 1148 τὸν
2855 1097 3133 1167 Ζώσιμον,
3186 1100 3498 1170 ἐρρωμένον
3545 1101 3800 1155 ἀπεδίδου

2211 1185 2288 1255 τῷ
2353 1188 2664 1240 στείλαντιο
2734 1189 2830 1241 καὶ
2887 1189 2960 1260 μὴ
3019 1191 3341 1262 κινούμενον
3393 1193 3663 1265 δεξαμένη
3706 1195 3804 1246 τὸν

2209 1277 2515 1346 ἄρρωστον,
2555 1277 2686 1344 ὑγιᾶ
2719 1277 2910 1330 τοῦτον
2963 1277 3166 1332 ἀπέλυε
3203 1281 3296 1334 καὶ
3335 1281 3643 1350 εὐκίνητον.
3703 1285 3804 1347 Ὃς

2210 1364 2414 1418 κατιὼν
2481 1366 2580 1435 μὲν
2624 1369 2683 1418 ἐν
2732 1369 2847 1429 τοῖς
2880 1369 3118 1436 νάμασιν
3162 1368 3488 1437 παρεστῶτα
3527 1371 3620 1423 τὸν
3645 1372 3802 1439 ἅγιον

2209 1460 2434 1512 ἔϐλεπεν
2459 1477 2471 1488 ·
2497 1459 2662 1512 ἀνιὼν
2689 1461 2746 1513 δὲ
2773 1460 2866 1512 τοῦ
2886 1461 3087 1531 θερμοῦ
3110 1463 3206 1515 καὶ
3233 1463 3554 1532 φιλόψρονος
3583 1463 3800 1530 ὓδατος,

2208 1551 2299 1603 τὸν
2341 1549 2524 1620 ἰατρὸν
2550 1549 2675 1603 ίδείν
2694 1551 2795 1602 οὐκ
2826 1550 3081 1618 ἠδύνατο.
3123 1552 3236 1605 Καὶ
3262 1547 3330 1620 ἦν
3349 1552 3471 1604 οὐδὲ
3507 1553 3736 1622 ῥωσθεὶς
3771 1555 3802 1603 ὁ

2209 1645 2456 1712 Ζώσιμος
2487 1644 2728 1706 ἄλυπος’
2786 1643 2974 1715 ἔχαιρε
3028 1644 3130 1712 μὲν
3178 1647 3287 1714 γὰρ
3349 1644 3432 1696 ὅτι
3496 1643 3595 1713 τὴν
3639 1645 3801 1698 νόσον

535 1735 655 1789 sine
690 1735 951 1798 tristitia;
984 1749 1105 1787 nam
1136 1736 1407 1803 gaudebat
1430 1736 1650 1803 quidem
1679 1736 1808 1804 quia
1841 1735 2107 1802 languore

2219 1734 2508 1788 ἀποϐαλὼν
2563 1739 2664 1804 τῆς
2718 1735 2936 1806 ῥώσεως
2987 1735 3176 1805 ἔτυχεν
3202 1755 3214 1768 ·
3251 1737 3485 1807 ἤσχαλλε
3514 1739 3571 1792 δὲ
3598 1738 3680 1792 ὅτι
3703 1739 3800 1791 τὴν

534 1827 787 1896 deposito
813 1827 1102 1880 sanitatem
1149 1828 1380 1896 adeptus
1421 1835 1525 1890 est,
1568 1828 1896 1880 tristabatnr
1931 1835 2109 1880 autem

535 1921 662 1989 quia
697 1922 951 1974 sanitatis
982 1938 1089 1975 non
1120 1923 1335 1976 videbat
1367 1923 1634 1976 datorem.
1666 1921 1900 1977 Gavisus
1929 1929 2109 1975 autem

535 2013 699 2067 simul
733 2025 786 2068 et
815 2023 1046 2071 Incestus
1083 2025 1237 2070 extra
1277 2017 1488 2070 calidos
1531 2031 1686 2071 aeros
1717 2031 1850 2070 usus
1883 2015 2112 2084 pedibus

534 2107 900 2169 dismrrebat,
943 2109 1204 2179 hymnum
1259 2107 1366 2163 Deo
1402 2110 1613 2174 dicens,
1658 2119 1710 2163 et
1754 2108 1846 2177 qui
1881 2121 2112 2162 sanave-

536 2207 620 2252 rat
651 2201 896 2269 martyri.
945 2200 1080 2254 Cum
1114 2215 1223 2270 quo
1251 2209 1303 2255 et
1331 2217 1524 2255 omnes
1554 2201 1646 2270 qui
1680 2200 1953 2264 viderant,
1981 2214 2110 2268 pro-

537 2291 640 2360 prii
683 2291 938 2345 videlicet
979 2300 1035 2345 et
1089 2292 1276 2354 alieni,
1319 2292 1570 2345 extranei
1615 2302 1668 2344 et
1712 2292 2110 2359 compatriotae,

536 2399 705 2436 unum
734 2383 996 2452 praeconii
1042 2384 1315 2437 canticum
1349 2384 1660 2438 referebant
1693 2393 1992 2454 martyrum
2035 2382 2114 2435 vi-

539 2473 882 2527 sitationem.
927 2473 994 2525 Et
1029 2473 1096 2527 ad
1133 2473 1390 2526 balucnm
1445 2482 1704 2542 tanquam
1739 2472 1805 2526 ad
1839 2472 2106 2540 templum

537 2565 849 2627 veniebant,
883 2574 934 2618 et
985 2563 1328 2618 introeuntes
1377 2563 1662 2627 lavabant;
1715 2572 1845 2616 tunc
1891 2571 1946 2616 et
1989 2577 2114 2616 ora-

538 2658 687 2718 bant.
732 2656 990 2723 templum
1021 2656 1071 2708 id
1113 2665 1168 2709 et
1202 2656 1452 2710 balneum
1495 2657 1843 2718 definientes,
1873 2654 2114 2726 duplam-

534 2763 640 2816 que
679 2748 789 2802 illic
825 2747 1262 2802 benedictionem
1294 2758 1612 2816 carpentes.
1903 2735 1912 2744 ’

857 2835 986 2889 Llll.
1031 2835 1105 2890 De
1133 2851 1294 2904 puero
1319 2837 1794 2907 Eleutheropolim.

611 2927 883 2982 Succedat
914 2944 1040 2983 vero
1069 2931 1270 2997 pusillo
1302 2931 1432 2984 huic
1463 2939 1516 2983 et
1557 2932 1883 2985 brevissimo
1918 2931 2115 2986 balneo

539 3035 688 3073 mare
721 3035 972 3088 magnum
1002 3030 1055 3074 ct
1111 3022 1443 3090 spatiosum,
1483 3033 1535 3076 et
1585 3021 1787 3076 llneuto
1833 3023 2010 3077 calido
2051 3037 2114 3077 ac

537 3107 862 3162 dulcissimo
901 3109 1106 3162 salsum
1157 3119 1212 3163 et
1248 3110 1694 3181 frigidissinnun,
1723 3121 1777 3168 et
1834 3112 2113 3168 Constan-

540 3202 774 3270 tinopoli
853 3199 1326 3271 Eleutheropolis,
1395 3203 1724 3274 Zosimoque
1767 3204 2114 3274 'Procnpius,

539 3292 652 3344 imo
706 3289 956 3358 Procopii
989 3305 1187 3345 servus
1217 3290 1560 3356 Theodorus,
1595 3304 1759 3361 atque
1801 3303 2116 3345 sanctorum

542 3383 796 3436 laudibus
828 3383 1228 3451 snperaddant,
1264 3399 1388 3452 pars
1445 3393 1497 3438 et
1548 3385 1650 3454 ipsi
1720 3385 2116 3454 prmeoniorum

541 3473 738 3528 cllicti.
789 3474 1202 3544 lileutberopoli
1256 3474 1536 3530 habitabat
1605 3476 1929 3544 Procopius,
1998 3477 2120 3543 (μιιὲ

540 3569 734 3622 civitas
767 3577 850 3622 est
881 3569 1184 3623 Palaestina:
1213 3571 1534 3639 provinciae,
1581 3580 1635 3624 et
1667 3583 1780 3624 erat
1835 3586 1900 3624 ex
1955 3569 2118 3634 hujus

545 3665 870 3725 illustribus,
905 3671 959 3715 et
991 3678 1208 3717 servum
1245 3663 1561 3733 possidebat
1601 3662 1971 3716 Theodorum.
2003 3659 2114 3715 lla-

543 3755 700 3808 liebat
738 3762 916 3806 autem
953 3757 1266 3823 passionem
1298 3755 1688 3816 insanabilem,
1751 3770 1972 3807 carnem
2029 3753 2114 3804 vi—

540 3847 734 3900 delicet
765 3861 886 3914 qua:
915 3860 1079 3914 supra
1114 3863 1306 3902 nasum
1359 3855 1704 3900 excreverat.
1771 3845 1942 3912 Quam
1993 3858 2118 3898 cum

539 3952 604 3988 ex
665 3936 896 3988 medicis
951 3937 1135 3989 delere
1187 3937 1478 4005 quisquam
1541 3936 1768 3988 minime
1817 3934 2114 3993 valuisset.

539 4026 924 4079 Alexandriam
959 4025 1178 4096 navigio
1212 4028 1382 4093 venit,
1433 4038 1652 4097 sumpto
1704 4026 2016 4090 Theodoro,
2051 4025 2117 4080 ad

539 4119 740 4189 Cyrum
776 4128 827 4172 et
855 4117 1122 4173 Joannem
1163 4134 1471 4188 procurans
1505 4119 1788 4178 accedere.
1827 4125 1880 4172 et
1935 4117 2004 4170 ab
2035 4119 2116 4172 eis

540 4211 956 4266 desiderabilem
1006 4211 1298 4265 sanitatem
1354 4211 1664 4280 percipere.
1719 4209 1780 4263 Et
1830 4211 1946 4278 ipse
1999 4209 2120 4277 qui-

541 4305 663 4357 dem
697 4319 820 4356 cum
877 4303 1228 4368 accessisset,
1271 4303 1547 4356 desiderio
1593 4319 1698 4355 non
1763 4309 1850 4354 cst
1903 4301 2124 4354 frauda-

2217 1827 2486 1880 δεδωκότα
2539 1827 2639 1898 τὴν
2688 1829 2856 1897 ρῶσιν
2902 1827 3004 1880 οὐκ
3057 1827 3287 1880 ἔϐλεπε·
3337 1829 3546 1900 χαίρων
3579 1829 3624 1882 δ’
3659 1828 3798 1898 δμοῦ

2219 1921 2314 1973 καὶ
2347 1919 2708 1988 λυπούμενος,
2748 1920 2852 1984 ἔξω
2879 1921 2986 1974 τῶν
3037 1920 3258 1992 θερμῶν
3290 1922 3468 1992 ἀέρων
3505 1923 3630 1975 ποσὶ
3661 1921 3803 1993 χρῷ-

2222 2029 2382 2081 μενος
2411 2011 2598 2082 ἔτρεχε
2652 2011 2784 2063 Θεὸν
2840 2012 3095 2081 ἀνυμνῶν
3125 2013 3218 2066 καὶ
3252 2013 3340 2066 τὸν
3377 2015 3626 2083 ῥώσαντα
3657 2013 3806 2085 μάρ-

2217 2119 2390 2172 τυρα·
2429 2103 2547 2172 μεθ’
2582 2097 2644 2157 οὐ
2693 2103 2787 2156 καὶ
2837 2104 3035 2169 πάντες
3089 2106 3140 2159 oi
3187 2104 3477 2175 βλέποντες
3513 2109 3704 2162 οἰκεῖοί
3742 2125 3802 2162 τε

2220 2196 2312 2248 καὶ
2345 2197 2632 2267 ἀλλότριοι.
2662 2197 2796 2264 μίαν
2860 2197 3139 2267 εὐφημίας
3167 2197 3309 2268 ᾠδὴν
3339 2198 3686 2271 ἀνεφέροντο,
3714 2201 3805 2253 ai-

2221 2285 2438 2348 νοῦντες
2468 2286 2706 2356 Χριστοῦ
2737 2287 2836 2358 τὴν
2867 2288 3172 2356 εὐμένειαν,
3201 2289 3296 2341 καὶ
3333 2289 3432 2358 τὴν
3458 2289 3664 2360 ἐναργῆ
3691 2290 3806 2344 τῶν

2225 2376 2518 2448 μαρτύρων
2567 2377 2875 2447 ἐπίσκεψιν.
2924 2379 3034 2432 Καὶ
3075 2379 3138 2432 τὸ
3177 2379 3400 2450 λουτρὸν
3435 2379 3510 2444 ὡς
3548 2381 3638 2435 τὸν
3664 2381 3802 2435 νεὼν

2220 2465 2654 2537 κατελάμϐανον,
2714 2470 2808 2522 καὶ
2860 2469 3010 2522 ἔνδον
3053 2471 3314 2535 εἰσιόντες
3351 2469 3597 2526 ὲλούοντό
3623 2489 3682 2525 τε
3705 2474 3804 2526 καὶ

2221 2557 2471 2628 ηῠχοντο,
2495 2559 2630 2612 νεὼν
2657 2560 2788 2612 αὐτὸ
2817 2561 2912 2614 καὶ
2967 2561 3194 2634 λουτρὸν
3241 2563 3575 2634 ὁριζόμενοι,
3607 2565 3700 2617 καὶ
3725 2564 3804 2618 δι·-

2221 2648 2362 2720 πλῆν
2393 2650 2603 2703 ἐκεῖθεν
2631 2651 2728 2721 τὴν
2777 2651 3028 2720 εὐλογίαν
3057 2654 3448 2729 καρπούμενοι.

2292 2830 2418 2884 Nl".
2443 2833 2579 2898 Περὶ
2620 2831 2726 2884 τοῦ
2748 2833 2962 2898 παιδὸς
2995 2833 3101 2887 τοῦ
3135 2834 3732 2903 Ἐλευθεροπολίτου.

2289 2921 2628 2992 Διαδεχέσθω
2657 2922 2714 2974 δὲ
2748 2921 2808 2974 τὸ
2841 2923 3039 2994 μικρὸν
3085 2924 3244 2977 τοῦτο
3292 2925 3514 2996 λουτρὸν
3541 2927 3634 2980 καὶ
3666 2928 3804 3000 βρα-

2223 3009 2452 3079 χύτατον
2488 3013 2520 3081 ἠ
2559 3012 2771 3083 μεγάλη
2823 3015 2918 3067 καλ⁸
2963 3014 3274 3087 εὐρύχωρος
3311 3015 3576 3080 θάλασσα.
3621 3018 3719 3071 καὶ
3746 3017 3812 3074 τδ

2221 3101 2434 3172 ῥεῖθρον
2467 3102 2524 3154 τὺ
2555 3101 2761 3174 θερμὸν
2812 3105 2904 3158 καὶ
2951 3105 3313 3174 γλυκύτατον,
3351 3107 3410 3162 τὸ
3434 3109 3678 3181 ἁλμυρὸν
3713 3111 3808 3163 καὶ

2217 3191 2578 3263 ψυχρότατον,
2611 3195 2706 3246 καὶ
2725 3196 3300 3252 Κωνσταντινούπολιν
3331 3199 3804 3272 Ἐλευθερόπολις,

2220 3286 2316 3337 καὶ
2340 3286 2428 3338 τὸν
2458 3285 2602 3338 Ζώσι
2613 3305 2710 3356 μον
2740 3288 2768 3340 ὁ
2797 3290 3124 3359 Προκόπιος,
3163 3291 3366 3363 μᾶλλον
3389 3293 3446 3346 δὲ
3482 3297 3510 3348 ό
3532 3293 3627 3346 τού
3663 3297 3809 3365 Προ-

2220 3377 2414 3430 κοπίου
2449 3378 2637 3444 δοῦλος
2669 3380 2970 3452 Θεόδωρος,
3029 3385 3121 3436 καὶ
3163 3384 3260 3454 τὴν
3293 3385 3402 3437 τῶν
3432 3386 3602 3453 ἁγίων
3629 3386 3810 3456 εὐφη-

2223 3468 2352 3536 μίαν
2376 3469 2720 3542 αὐξὴτωσαν,
2779 3473 2959 3544 μέρος
3011 3476 3108 3528 καὶ
3149 3475 3303 3529 αὐτοὶ
3356 3476 3467 3529 τῶν
3507 3477 3808 3546 ἐγκωμίων

2219 3560 2554 3626 γιγνόμενοι.
2615 3562 3062 3635 Ἐλευθερόπολιν
3121 3563 3254 3636 ᾠκει
3310 3567 3640 3637 Προκόπιος,
3697 3569 3813 3622 Πα-

2219 3651 2498 3720 λαιστίνης
2531 3652 2588 3706 δὲ
2613 3653 2766 3718 πόλις
2789 3655 3116 3726 καθέστηκε,
3144 3660 3240 3710 xui.
3260 3660 3368 3712 τῶν
3398 3659 3606 3730 ταύτης
3623 3661 3810 3730 ἐμφα-

2219 3743 2326 3795 νῶν
2357 3743 2705 3815 ὲγνωρίζετο,
2737 3747 2830 3799 καὶ
2854 3747 3042 3800 δοῦλον
3067 3748 3334 3820 ἐκέκτητο
3373 3749 3464 3802 τὸν
3481 3750 3763 3823 Θεόδωρον
3789 3769 3805 3783 ·

2222 3835 2345 3905 ἔσχε
2371 3835 2427 3889 δὲ
2456 3837 2626 3900 πάθος
2655 3837 2924 3904 δυσίατον,
2952 3839 3050 3911 τὴν
3071 3841 3166 3908 τῆς
3195 3841 3340 3910 ῥινὸς
3359 3841 3808 3914 ὐπερσάρκωσιν,
3871 3867 3882 3887 ι

2221 3932 2288 3998 ἣν
2343 3928 2401 3994 ἐξ
2455 3930 2654 4001 ἰατρῶν
2711 3931 2887 3994 οὐδεὶς
2940 3931 3193 4002 δυνηθεὶς
3242 3934 3678 4005 ἀποτρίψασθαι,
3727 3937 3811 4000 είς

2236 4019 2652 4092 Ἀλεξάνδρειαν
2714 4021 2988 4076 ἐπιλαϐὼν
3039 4024 3130 4078 τὸν
3183 4025 3480 4096 Θεόδωρον,
3509 4026 3680 4097 Κύρῳ
3713 4029 3812 4082 καὶ

2235 4111 2460 4184 Ἰωάννῃ
2493 4113 2811 4184 προσελθεῖν
2839 4115 3294 4186 προαιρούμενος,
3334 4117 3591 4188 καὶπρὸς
3627 4119 3812 4173 αὐτῶν

2221 4211 2320 4278 τὴν
2352 4209 2687 4280 τριπόθητον
2716 4209 2864 4262 ίασιν
2894 4208 3293 4273 δέξασθαιλίαὶ
3321 4209 3482 4272 αὐτὸς
3506 4210 3606 4280 μὲν
3637 4227 3811 4281 προσ-

2224 4297 2394 4350 ελθὼν
2429 4299 2530 4351 οὐκ
2548 4298 2840 4368 ἀπέτυχεν,
2869 4299 2984 4352 ἀλλ’
3019 4301 3209 4370 ἔτυχεν
3235 4294 3311 4353 ὧν
3329 4299 3607 4370 ἠϐούλετο,
3637 4303 3686 4354 εί
3711 4303 3811 4354 καὶ

543 4405 652 4456 tus,
677 4397 771 4450 sed
804 4411 926 4463 qua:
967 4395 1136 4448 voluit
1167 4411 1395 4464 prorsus
1422 4394 1680 4455 obtinuit.
1717 4395 1844 4448 licet
1875 4403 2114 4463 tempore

2224 4391 2401 4461 χρόνῳ
2433 4390 2615 4460 πολλῷ
2645 4392 2738 4444 καὶ
2771 4389 2948 4461 τυχὼν
2996 4393 3364 4448 ἀνεπαύσατο.
3415 4394 3628 4463 Πέπερι
3657 4394 3702 4446 δ’
3737 4390 3810 4466 ἦν

543 4486 714 4538 multo
752 4500 876 4539 cum
922 4487 1257 4538 obtinuisset
1285 4485 1574 4554 quieverit.
1606 4483 1770 4554 Piper
1795 4493 1978 4537 autem
2003 4495 2121 4538 erat

542 4573 816 4650 medicina
852 4574 962 4635 illa,
1007 4575 1286 4644 sartagine
1323 4573 1621 4640 tm-ridum,
1665 4582 1720 4628 et
1748 4574 1890 4627 inter
1925 4588 2118 4627 nasum

542 4665 873 4719 immissmn.

617 4757 887 4828 Procopio
936 4765 1116 4811 autem
1171 4759 1314 4828 apud
1379 4767 1649 4830 martyres
1694 4765 2118 4828 perseverante,

538 4850 760 4919 juvenis
815 4865 938 4904 cum
994 4859 1138 4904 esset
1171 4849 1515 4916 Theodorus,
1565 4849 1905 4918 frequentius
1953 4864 2012 4904 se
2065 4849 2118 4902 in

545 4958 693 4996 mare
719 4942 983 5010 jactabat.
1019 4952 1074 4996 et
1117 4943 1284 5012 hujus
1307 4941 1576 4996 ﬂuoribus
1607 4942 1973 5011 aggaudebat,
2009 4941 2121 4994 ala-

543 5033 800 5099 criusque
848 5046 907 5085 se
953 5031 1005 5084 in
1069 5030 1170 5084 hos
1220 5030 1498 5099 mergebat
1559 5045 1846 5096 cernnum,
1917 5039 1972 5084 et
2018 5045 2120 5084 na-

544 5128 712 5179 tabat.
759 5125 864 5182 Sed
926 5125 1161 5196 quadam
1225 5125 1314 5179 die
1361 5134 1662 5188 natantem,
1715 5133 1766 5179 et
1844 5124 2118 5194 jocantem

545 5230 706 5286 atque
752 5235 878 5273 cmn
912 5218 1176 5272 fluctibus
1207 5217 1439 5270 viriliter
1497 5218 1908 5280 colluctantem.
1965 5218 2120 5272 canis

546 5312 790 5366 marinus
837 5313 1084 5372 veniens,
1123 5310 1554 5378 calcaueuuzque
1581 5311 1923 5375 remordens,
1949 5310 2122 5364 traxit

547 5403 600 5455 in
643 5404 892 5472 pelagus,
964 5412 1018 5456 et
1067 5401 1282 5454 modico
1323 5404 1505 5471 spatio
1546 5413 1800 5466 tractum,
1852 5402 1906 5454 in
1955 5417 2121 5456 arena

547 5495 873 5562 profundius
901 5496 1104 5557 obruit,
1145 5494 1379 5564 przedam
1407 5493 1544 5548 mori
1576 5505 1801 5563 putans,
1845 5501 1898 5546 et
1936 5508 2120 5546 escam

553 5597 905 5654 pra'paratam
969 5602 1279 5641 reservans.
1329 5587 1398 5639 At
1455 5587 1548 5640 ille
1596 5583 1840 5638 nondum
1900 5584 2120 5653 quidem

554 5677 908 5740 moriebatur,
965 5677 1089 5732 licet
1130 5678 1181 5730 in
1232 5676 1428 5731 inferni
1493 5675 1758 5746 penetrali
1814 5673 2120 5728 occultare-

2222 4485 2282 4538 το
2313 4483 2563 4555 βοήθημα
2586 4485 2808 4556 τηγάνῳ
2849 4485 3212 4556 φρυγόμενον,
3239 4487 3332 4540 καὶ
3362 4487 3462 4556 τῆς
3495 4487 3644 4557 ῥινὸς
3673 4488 3813 4540 εἵσω

2225 4577 2573 4648 βαλλόμενον.

2294 4762 2602 4830 Προκοπῖου
2656 4761 2713 4815 δὲ
2733 4763 3276 4834 προσκαρτεροῦντος
3324 4765 3440 4825 τοῖς
3510 4763 3812 4836 μάρτυσιν,

2221 4852 2340 4915 νέος
2373 4851 2447 4906 ὢν
2469 4855 2497 4906 ό
2525 4853 2824 4925 Θεόδωρος,
2876 4853 3201 4925 συχνότερον
3244 4856 3313 4924 τῇ
3358 4853 3604 4926 θαλάσσῃ
3635 4869 3815 4922 προσ-

2223 4942 2439 5004 έϐαλλε,
2477 4944 2572 4996 καὶ
2601 4947 2712 5008 τοϊς
2743 4943 2950 5014 ταύτης
3003 4943 3336 5016 προσέχαιρε
3381 4943 3681 5016 ῥεύμασινο
3715 4947 3814 4998 ὲκ-

2224 5033 2414 5104 θύμως
2445 5052 2504 5088 τε
2536 5036 2722 5100 αὐτοῖς
2785 5037 3112 5090 ὲνεκυϐίστα
3138 5053 3198 5088 τε
3230 5037 3328 5089 καὶ
3381 5038 3627 5106 ἐνήχετο.
3666 5034 3813 5088 Ἀλλ’

2225 5127 2282 5179 ὲν
2319 5129 2416 5197 μιᾷ
2447 5127 2804 5200 κολυμϐῶντα
2829 5129 2925 5183 καὶ
2969 5128 3256 5195 παίζοντα,
3293 5127 3390 5182 καὶ
3428 5131 3541 5192 τοῖς
3569 5127 3816 5198 κύμασιν

2224 5216 2476 5286 ἀνθηρῶς
2505 5217 2954 5289 προσπαλαίοντα.
2984 5219 3130 5274 κύων
3152 5218 3411 5289 συρηθεὶς
3435 5217 3464 5268 ὁ
3495 5216 3812 5280 θαλάττιος.

2222 5306 2322 5376 τῆς
2346 5307 2586 5377 πτέρνης
2614 5307 2796 5361 δακὼν
2839 5305 3024 5362 εἷλκεν
3063 5312 3140 5373 εἰς
3185 5309 3442 5378 πέλαγος,
3474 5309 3569 5362 καὶ
3614 5310 3816 5380 μικρὸν

2224 5399 2464 5472 ὲκσύρας
2516 5399 2816 5472 διάστημα,
2864 5401 3080 5474 ψάμμῳ
3127 5402 3287 5474 βυθίᾳ
3332 5401 3674 5472 προσέχωσε,
3728 5418 3818 5454 τι-

2225 5491 2417 5542 θνάναι
2445 5491 2674 5560 νομίσας
2713 5493 2772 5545 τὸ
2805 5492 3160 5564 θήραμα,καὶ
3187 5493 3392 5564 βρῶσιν
3415 5492 3817 5562 ταμιευόμενος

2226 5581 2464 5649 ἒττιμον.
2499 5583 2557 5636 ’0
2585 5581 2640 5636 δὲ
2697 5584 2978 5654 ἐτεθνήκει
3031 5586 3128 5656 μὲν
3153 5584 3328 5646 οὔπω,
3352 5587 3401 5637 εἰ
3437 5588 3530 5637 καὶ
3573 5587 3652 5648 εἰς
3684 5583 3815 5656 ᾅδου

2226 5675 2450 5744 ταμεῖον
2473 5677 2802 5748 ἐκέκρυπτο,
2838 5679 3019 5750 Κῦρον
3055 5679 3112 5732 εὐ
3125 5679 3231 5749 ρὼν
3266 5678 3479 5751 ἀρωγὸν
3502 5679 3596 5732 καὶ
3625 5673 3817 5733 Ἰωάν-
