4060 6236
326 348 329 351 ‘
369 323 503 392 3621

1369 326 1473 387 SS.
1502 325 1675 385 CYRI
1711 324 1805 383 ET
1846 325 2166 386 JOANNIS
2194 326 2606 386 MlRACULA.

3484 330 3625 394 εςοε

363 458 466 509 νην
492 443 548 494 ὲν
585 441 793 496 ὕδασιν.
833 444 1156 512 Ἐλκόμενος
1187 442 1283 512 μὲν
1306 442 1415 511 γὰρ
1437 440 1713 511 Θεόδωρος
1745 443 1938 492 ἐπεκα·

2055 449 2166 503 tur,
2200 440 2343 510 Cyro
2378 440 2431 492 in
2485 439 2645 508 aquis
2701 437 2952 507 adjutore
3008 438 3327 509 Joanneque
3382 455 3625 511 reperto.

362 531 510 586 λείτο
539 534 629 586 τὸν
672 535 925 605 μάρτυρα
951 554 962 566 ·
985 535 1090 587 ὑπὸ
1116 534 1342 603 ψάμμον
1372 533 1427 585 δὲ
1456 532 1733 600 κείμενος,
1764 532 1945 598 Κῦρον

365 625 423 674 ἐν
455 622 532 692 νῷ
559 625 655 676 καὶ
697 625 952 694 Ἰωάννην
1006 625 1277 688 ἐλάμϐανε
1299 640 1313 654 ·
1371 623 1466 676 καὶ
1495 623 1569 687 ὡς
1606 623 1833 691 πλησίον
1878 618 1946 692 ἦν

364 711 513 785 αὐτῷ
540 715 970 785 ἐμνημόνευσεν,
1009 716 1099 768 καὶ
1122 717 1186 768 ὲκ
1220 713 1313 767 τοῦ
1337 713 1607 780 πελάγους
1631 713 1779 782 αὖτῷ
1819 712 1946 783 βοη-

364 801 476 855 θεῖν
500 805 796 865 ἐλιτάνευε,
829 808 922 859 καὶ
945 804 1273 877 ρύεσθαιτοῦ
1308 804 1623 874 συνέχοντος
1656 804 1943 867 κλύδωνος,

363 894 615 959 ὲκϐύθιος
647 894 721 950 ὥν
741 914 755 929 σ
781 899 877 951 καὶ
909 899 1035 951 ἐϐόα
1068 898 1366 967 Θεόδωρος,
1411 897 1504 949 καὶ
1530 896 1590 960 ἐξ
1622 896 1867 965 οὐρανῶν
1893 897 1943 947 οἱ

364 987 642 1060 μάρτυρες
666 991 761 1059 τῆς
796 990 1033 1060 δεήσεως
1068 990 1291 1059 ἤκουον,
1339 990 1433 1042 καὶ
1465 989 1573 1040 τῶν
1623 989 1825 1058 τριχῶν
1853 988 1943 1039 τὸν

360 1078 704 1148 τεθαμμένον
767 1080 1145 1149 ἁρπάσαντες,
1212 1083 1288 1147 μὴ
1375 1077 1505 1147 βοᾷν
1579 1078 1712 1147 πρὸς
1782 1077 1942 1130 αὐτὸν

362 1171 794 1239 ἀπεφθέγγοντο,
824 1171 918 1222 καὶ
947 1170 1137 1223 τοῦτον
1183 1172 1281 1237 τῆς
1323 1171 1499 1240 ὑγρᾶς
1539 1168 1926 1235 ἐξενέγκαντες

362 1266 455 1319 ἐπὶ
503 1265 605 1332 γῆς
637 1264 897 1327 τιθέασιν,
932 1264 1031 1315 οὐκ
1084 1265 1392 1332 ἐμπνέοντα
1433 1263 1551 1314 νέον
1610 1264 1794 1315 Ἰωνᾶἶν
1836 1263 1942 1313 δει-

363 1357 582 1418 κνύντες
639 1356 938 1424 Θεόδιιιρον,
972 1356 1064 1409 καὶ
1111 1356 1209 1425 τὴν
1264 1357 1430 1424 πνοὴν
1466 1356 1521 1407 δὲ
1561 1356 1677 1425 μετ’
1708 1357 1767 1406 ού
1801 1354 1935 1407 πολὺ

362 1449 742 1519 χαρισάμενοι,
796 1450 932 1516 πρὸς
981 1447 1234 1517 αἴσθησιν
1290 1444 1423 1517 ἦγον
1470 1447 1566 1500 τοῦ
1596 1446 1938 1517 τραύματος,

360 1542 499 1608 ὅπερ
537 1543 562 1591 ὁ
591 1541 735 1591 κύων
765 1540 1117 1605 ἐνειργάσατο
1133 1540 1371 1608 δήγματι
1390 1555 1406 1570 ³
1432 1540 1532 1607 τῆς
1564 1540 1804 1608 πτέρνης
1831 1544 1940 1606 γὰρ

359 1635 471 1696 τοῖς
503 1631 681 1684 ὀδοῦσι
728 1630 1088 1700 δραξάμενος,
1138 1633 1229 1683 καὶ
1267 1634 1329 1683 ὲκ
1396 1631 1603 1703 ταύτης
1644 1630 1818 1684 ἕλκων
1849 1630 1941 1681 τὸν

360 1724 668 1793 ἄνθρωπον,
731 1723 877 1776 ἅπαν
929 1723 1095 1776 αὐτοῦ
1141 1724 1201 1776 τὸ
1244 1724 1426 1791 πέλμα
1471 1724 1632 1792 μέχρι
1663 1722 1939 1775 δακτύλων

2049 530 2325 598 Siquidem
2394 530 2522 583 dum
2579 530 2889 583 traheretur
2948 529 3306 599 Theodorus,
3354 543 3628 605 martyres

2051 622 2382 685 invocabat;
2413 620 2544 673 dum
2613 635 2744 674 vero
2790 621 2894 674 sub
2948 636 3111 675 arena
3161 622 3389 690 jaceret,
3424 624 3625 695 Cyrum

2045 712 2424 782 Joanuemque
2462 716 2512 767 in
2547 724 2780 768 mentem
2815 714 3092 779 sumebat,
3148 724 3201 769 et
3254 716 3401 783 quod
3443 720 3627 787 proxi-

2050 821 2169 858 mas
2208 815 2353 859 esset
2387 820 2581 858 eorum
2642 806 3136 867 commemorabat,
3202 817 3257 860 et
3324 807 3390 861 de
3433 810 3627 878 pelago

2047 895 2297 947 auxiliari
2347 893 2453 947 sibi
2485 902 2540 947 et
2570 908 2764 947 eruere
2792 908 2820 944 a
2858 894 3121 948 continuo
3176 903 3312 948 aestu
3373 898 3622 966 rogabat.

2046 988 2111 1039 Et
2145 1002 2269 1040 cum
2308 987 2360 1038 in
2397 986 2684 1055 profundis
2718 994 2884 1050 esset,
2942 986 3215 1041 clamabat
3273 985 3623 1052 Theodorus,

2044 1088 2100 1132 et
2156 1078 2222 1131 de
2278 1078 2434 1132 cmlis
2492 1078 2932 1144 deprecationem
2988 1086 3257 1147 martyres
3308 1078 3624 1143 audiebant,

2044 1177 2097 1222 et
2131 1167 2318 1222 audita
2368 1169 2636 1221 continuo
2682 1169 2988 1223 veniebant.
3024 1167 3169 1237 Ergo
3215 1178 3486 1239 martyres
3538 1187 3626 1225 ve-

2046 1260 2238 1313 lociter
2271 1261 2620 1319 assislentes,
2670 1270 2723 1312 et
2782 1276 2876 1328 per
2919 1263 3147 1330 capillos
3207 1268 3479 1333 sepultum
3533 1280 3624 1316 ar-

2045 1349 2309 1416 ripientes
2343 1366 2355 1402 :
2391 1348 2512 1401 Noli
2568 1352 2830 1413 clamare,
2871 1352 2937 1403 ad
2996 1368 3119 1405 eum
3179 1353 3455 1407 dicebant.
3512 1353 3627 1408 Hoc

2043 1442 2111 1495 ab
2163 1442 2392 1494 humido
2426 1442 2623 1501 educto
2660 1459 2828 1512 super
2867 1445 3076 1497 aridam
3128 1455 3455 1512 posuerunt,
3514 1462 3625 1502 non

2043 1535 2892 1603 Spirantemjuvenem,'.lon:un
2945 1537 3302 1591 ostendentes
3363 1538 3622 1592 Theodo-

2044 1639 2202 1689 rum;
2240 1634 2292 1679 et
2322 1627 2581 1695 spiritum
2618 1643 2725 1679 non
2784 1640 2900 1694 post
2944 1629 3174 1681 multum
3220 1628 3512 1692 donantes,
3555 1629 3623 1681 ad

2046 1733 2270 1773 sensum
2312 1720 2591 1773 ducebant
2638 1721 2905 1783 vulneris,
2962 1722 3106 1788 quod
3152 1724 3308 1774 canis
3357 1736 3622 1791 Operatus

358 1792 617 1887 ἐμέρισεν
638 1833 650 1846 ’
683 1817 821 1886 ὅπερ
847 1816 921 1879 ὼς
972 1816 1079 1868 ἀπὸ
1119 1816 1335 1888 δένδρου
1363 1817 1560 1886 φύλλον
1595 1815 1938 1886 κρεμάμενον

2048 1818 2132 1863 est
2158 1826 2378 1877 morsu;
2414 1813 2673 1865 calcaneo
2701 1813 2903 1881 quippe
2924 1792 3209 1869 'dentibns
3253 1816 3619 1883 apprehenso,

360 1907 456 1960 καὶ
478 1907 603 1977 τῇδε
635 1907 859 1960 κάκεῖσε
916 1908 1240 1977 φερόμενον,
1273 1908 1350 1978 τῷ
1376 1913 1475 1975 τῆς
1518 1909 1770 1978 κηρωτῆς
1797 1922 1938 1977 φαρ-

363 1999 524 2067 μάκῳ
553 1998 938 2067 προσήνωσαν,
975 1997 1292 2069 βραχυτάτῃ
1326 2001 1464 2069 ῥοπῇ
1482 1998 1620 2051 πόδα
1647 1999 1741 2051 καὶ
1762 1997 1937 2067 ψυχὴν

359 2091 736 2159 χαρισάμενοι,
792 2090 888 2142 καὶ
924 2092 1100 2159 φυγήν
1145 2090 1240 2143 τοῦ
1292 2090 1457 2160 θηρὸς
1508 2089 1934 2162 ἀπροσδόκητον,

371 2181 562 2250 Ἥμεῑς
592 2181 647 2233 δὲ
677 2182 771 2245 σὶρν
798 2181 967 2250 αὐτῷ,
1005 2182 1084 2234 ἔτι
1110 2184 1219 2252 γὰρ
1239 2182 1372 2251 τῷδε
1398 2182 1474 2251 τῷ
1509 2182 1607 2250 βίῳ
1638 2180 1937 2251 περίεστιν,

362 2273 457 2325 καὶ
482 2276 595 2335 τοῖς
620 2273 741 2325 τότε
774 2273 1032 2345 παροῦσι,
1074 2277 1167 2327 καὶ
1219 2278 1333 2335 τοῖς
1380 2274 1584 2341 ἀρτίως
1619 2273 1933 2335 ἀκούουσιν,

358 2366 483 2429 τοὺς
508 2366 817 2427 σεσωκότας
850 2367 1211 2436 ὑμνήσαντες,
1263 2367 1359 2420 καὶ
1398 2365 1572 2428 οὕτως
1605 2366 1772 2429 ὀξέως
1814 2366 1934 2415 ἐπι-

360 2462 576 2529 κουρεῖν
622 2462 717 2513 καὶ
758 2462 889 2529 ἡμῖν
934 2461 992 2513 ὲν
1047 2459 1315 2522 κινδύνοις
1388 2460 1750 2531 αἰτήσαντες,
1809 2456 1936 2510 ἄλλο

357 2551 642 2621 τεράστιον
662 2551 838 2603 ἄλλων
865 2540 1109 2603 ἐπαίνων
1132 2549 1491 2620 ποιησώμεθα
1518 2549 1811 2620 πρόφασιν.

2042 1911 2095 1953 et
2122 1902 2301 1953 taliter
2335 1902 2554 1954 homine
2587 1910 2784 1967 tracto,
2820 1911 2995 1955 totum
3030 1903 3176 1957 illius
3201 1904 3521 1957 calcanenm
3553 1905 3622 1957 ad

2042 1991 2243 2061 digitus
2300 2007 2472 2061 uSque
2529 1993 2763 2060 partitus
2821 2001 2941 2046 est.
2994 1992 3166 2058 Quem
3240 1994 3383 2047 sicut
3429 1993 3621 2047 folium

2043 2083 2187 2151 quod
2244 2078 2308 2137 ex
2338 2084 2534 2137 arbore
2572 2083 2795 2153 pendet,
2849 2096 2903 2137 et
2940 2083 3040 2138 hac
3067 2084 3305 2153 illacque
3348 2084 3616 2147 defertur,

2043 2183 2230 2228 eerote
2288 2174 2648 2228 medicamine
2707 2173 3054 2237 adunarunt,
3114 2174 3445 2229 brevissimo
3497 2169 3651 2227 ιιιυ-’

2044 2275 2231 2320 tuente
2279 2267 2468 2335 pedem
2499 2268 2852 2335 animamque
2898 2268 3190 2333 donantes,
3242 2275 3297 2321 et
3344 2268 3621 2336 insperate

2045 2375 2073 2411 a
2107 2361 2279 2413 bestia
2317 2360 2500 2428 fugere
2530 2360 2913 2414 concedentes.
2975 2356 3146 2413 Porro
3198 2374 3298 2413 nos
3350 2374 3475 2413 cum
3530 2372 3618 2419 eo,

2045 2454 2225 2507 adhuc
2255 2453 2399 2506 enim
2427 2452 2552 2506 huic
2581 2460 2833 2521 superest
2857 2452 3003 2516 vitae,
3026 2460 3079 2505 et
3107 2451 3193 2505 his
3220 2452 3311 2520 qui
3336 2459 3465 2504 tunc
3492 2449 3622 2503 ade-

2045 2555 2166 2598 rant
2198 2553 2253 2598 et
2283 2544 2375 2611 qui
2430 2543 2593 2597 modo
2641 2543 2895 2606 audiunt,
2932 2559 3026 2598 eos
3054 2542 3146 2612 qui
3202 2544 3414 2597 salvum
3474 2541 3616 2596 fece-

360 2653 492 2695 runt
528 2643 700 2711 illum,
755 2645 974 2716 hymnis
1023 2654 1442 2715 prosequentes,
1511 2658 1566 2699 et
1621 2646 1693 2697 ita
1733 2640 1997 2697 velociter
2050 2640 2211 2693 etiam
2267 2639 2427 2695 nobis
2491 2638 2780 2693 consulere
2835 2640 2889 2692 in
2956 2638 3218 2708 periculis
3284 2639 3621 2709 postulantes

358 2737 505 2790 aliud
538 2738 841 2807 prodigium
876 2738 1107 2790 aliarum
1150 2737 1416 2791 faciamus
1439 2737 1786 2791 occasionem
1819 2732 2216 2787 laudationum.

559 2829 683 2882 NA'.
724 2828 863 2896 Περὶ
910 2827 1214 2898 Ἰσιδώρου
1242 2827 1738 2897 ἐπιληπτιῶντος.

432 2918 786 2987 Σεμνυνέσθω
816 2919 910 2973 καὶ
934 2919 1225 2988 Δαμασκὸς
1254 2920 1346 2972 ἐπὶ
1369 2922 1482 2983 τοῖς
1510 2919 1618 2970 τῶν
1643 2917 1939 2989 μαρτύρων

357 3012 698 3082 δωρήμασιν,
729 3013 762 3082 ή
796 3011 1010 3064 Παῦλον
1056 3011 1406 3064 ἀπολαϐοῦσα
1441 3011 1513 3081 μὴ
1543 3011 1827 3080 βλέποντα,
1859 3010 1939 3060 δι-

358 3104 543 3172 ώκτην
576 3103 880 3173 ξενήσασα,
914 3104 1006 3157 καὶ
1036 3105 1313 3173 ποιήσασα
1341 3105 1578 3174 κήρυκα,
1610 3105 1643 3173 ή
1673 3101 1942 3171 φονευθῆ-

2399 2822 2534 2876 μιν.
2569 2821 2640 2877 De
2671 2821 2884 2877 Isidoro
2914 2823 3263 2892 epilemptiro.

2110 2902 2415 2969 'Decoretur
2438 2916 2601 2970 etiam
2642 2915 2942 2969 Damascus
2985 2917 3037 2969 in
3071 2927 3369 2988 martyrum
3427 2919 3612 2985 donis,

2043 3023 2164 3077 quas
2216 3008 2442 3062 Paulum
2498 3008 2724 3064 admisit
2782 3024 2890 3061 non
2942 3009 3237 3073 videntem,
3296 3018 3350 3066 et
3412 3013 3623 3067 dimisit

2045 3098 2340 3163 videntem,
2367 3109 2421 3154 et
2447 3099 2683 3168 hospitio
2726 3100 2933 3169 recepit
2956 3110 3385 3168 persecutorem,
3413 3112 3466 3155 et
3493 3102 3622 3156 fecit

358 3213 446 3250 ναι
477 3196 805 3264 ζητούμενον
829 3194 1101 3264 κρύψασα,
1125 3194 1218 3247 καὶ
1250 3194 1336 3246 διὰ
1367 3193 1579 3263 θυρίδος
1606 3197 1664 3247 ὲν
1695 3194 1938 3265 σαργάνῃ

2046 3191 2500 3257 praedicatorem;
2549 3207 2710 3260 quem
2762 3192 3049 3260 quaesitum
3117 3193 3182 3247 ad
3235 3194 3619 3259 occidendum,

359 3285 554 3347 νυκτὸς
588 3284 1007 3352 φυγαδεύσασα’
1046 3284 1137 3335 καὶ
1185 3286 1283 3353 τῆς
1318 3283 1424 3354 πρὸ
1456 3283 1658 3350 ταύτης
1685 3283 1941 3353 εὐδαιμο-

361 3377 479 3438 νίας
520 3378 582 3428 τὸ
616 3379 905 3446 μετασχεῖν
940 3375 1049 3428 τῶν
1081 3375 1253 3442 ἁγίων
1282 3378 1378 3445 τῆς
1429 3376 1650 3445 χάριτος
1700 3374 1943 3442 ἡγείσθω

360 3468 760 3538 λαμπρότερον.
792 3468 942 3537 Αὕτη
982 3467 1090 3536 γὰρ
1123 3468 1222 3537 τῆς
1269 3468 1454 3538 κοίλης
1504 3469 1701 3537 Συρίας
1738 3468 1942 3537 μητρό-

360 3563 537 3625 πολις,
553 3563 649 3631 τῆς
663 3562 789 3633 ὅλης
808 3562 981 3631 Ἐῲας
1006 3564 1247 3633 ἀρχηγὸς
1269 3563 1751 3627 ἐϐασίλευεγΝἰνον
1773 3565 1940 3635 ἑαυτῇ

362 3655 736 3723 βασιλεύοντα,
771 3656 861 3706 καὶ
892 3654 1207 3724 Σεμίραμιν
1237 3655 1335 3726 τὴν
1367 3655 1680 3724 περίψημον
1721 3656 1936 3725 ἔχουσα.

364 3747 565 3816 Ἀμφω
593 3746 702 3816 γὰρ
728 3748 845 3798 ἐκεῖ
869 3745 1310 3816 βασιλεύσαντες,
1332 3747 1423 3799 καὶ
1440 3747 1643 3815 τείχεσι
1663 3748 1762 3816 τὴν
1787 3747 1942 3800 πόλιν

360 3839 761 3901 κυκλώσαντες,
801 3837 894 3890 ἀπ’
926 3837 1097 3907 αὐτῆς
1130 3838 1228 3900 τὰς
1256 3838 1513 3898 ἀποικίας
1545 3836 1837 3905 ἐξήγαγον,
1863 3839 1943 3901 εἴς

359 3947 417 3982 τε
452 3929 550 3999 τὴν
585 3927 765 3982 Ἀσίαν
797 3930 890 3981 καὶ
928 3927 1185 3999 Ἀραϐίαν
1213 3927 1309 3997 τὴν
1337 3927 1640 3997 λεγομένην
1672 3927 1938 3997 Εὐδαίμο-

361 4039 447 4076 να.
469 4012 695 4090 Ἔμεινε
719 4020 775 4073 δὲ
795 4020 1082 4090 Δαμασκὸς
1109 4019 1467 4089 βασιλεύουσα
1496 4019 1598 4080 ἕως
1626 4020 1653 4071 ὁ
1674 4019 1941 4073 Μακεδὼν

372 4110 719 4181 Ἀλέξανδρος
748 4111 972 4180 Δαρεῖον
1004 4107 1228 4168 ἀνελὼν,
1265 4109 1390 4170 tota;
1424 4106 1590 4160 αὑτοῦ
1632 4107 1941 4178 θησαυροὺς

361 4205 424 4255 ἐκ
451 4202 652 4270 ταύτης
680 4202 957 4270 ἀφείλατο,
990 4199 1235 4254 καθελὼν
1266 4200 1362 4253 σὺν
1392 4200 1540 4269 αὐτῷ
1565 4199 1633 4252 τὰ
1670 4200 1939 4269 βασίλειαθ

361 4300 455 4347 καὶ
478 4295 651 4349 ταῦτα
683 4296 780 4361 μὲν
812 4292 1011 4356 ἔξωθεν
1036 4292 1165 4360 περῖ¹
1187 4290 1478 4361 Δαμασκοῦ
1510 4290 1936 4362 μεμαθήκαμεν·

360 4386 420 4439 οὺ
461 4387 565 4456 μὴν
597 4385 731 4439 ἀλλὰ
766 4386 857 4438 καὶ
888 4384 1097 4437 πολλῶν
1123 4383 1387 4455 βασιλέων
1419 4384 1477 4435 ὲν
1502 4384 1638 4455 αὐτῇ
1662 4382 1938 4453 θεασάμε-

361 4495 441 4531 νοι
474 4481 752 4547 μνήματα.
797 4477 931 4530 Ἀπὸ
948 4477 1004 4530 δὲ
1034 4478 1130 4547 τῆς
1154 4476 1515 4529 θεοπνεύστου
1533 4476 1755 4545 Γραφῆς
1776 4475 1937 4529 πάλιν

2046 3285 2367 3348 occultavit,
2424 3294 2476 3337 et
2535 3293 2701 3337 noctu
2755 3300 2853 3352 per
2910 3283 3206 3337 fenestram
3264 3286 3622 3339 summissum

2048 3374 2101 3426 in
2135 3382 2317 3441 sporta
2354 3374 2580 3444 fugavit,
2613 3383 2671 3426 ut
2699 3389 2763 3427 ex
2815 3386 3130 3429 sanctormn
3168 3376 3356 3443 gratiae
3399 3376 3621 3444 partici-

2048 3465 2267 3533 patione
2295 3465 2401 3518 dux
2454 3465 2810 3529 elariusliat,
2845 3481 3008 3535 quam
3066 3483 3128 3520 ex
3183 3465 3442 3521 felicitate
3498 3485 3619 3537 qua:

2045 3558 2188 3609 hanc
2237 3559 2534 3625 praecessit.
2572 3557 2695 3611 [hec
2725 3560 2868 3612 enim
2905 3575 3027 3611 cum
3069 3558 3380 3628 Cudesyria:
3411 3570 3617 3611 metro-

2046 3646 2184 3715 polis
2216 3656 2379 3708 esset,
2417 3647 2468 3699 in
2506 3656 2620 3699 toto
2650 3662 2877 3715 prorsus
2926 3646 3147 3701 Oriente
3180 3648 3466 3715 principali
3497 3648 3622 3715 jure

2045 3738 2327 3806 regnabat,
2383 3736 2581 3791 Ninum
2618 3739 2669 3791 in
2704 3753 2764 3793 se
2815 3748 3152 3807 regnantem,
3184 3749 3236 3792 et
3295 3736 3619 3791 Semiramin

2048 3826 2258 3881 habens
2291 3827 2437 3880 illam
2490 3828 2777 3882 famosam.
2811 3827 2987 3880 Ambo
3015 3829 3216 3897 quippe
3241 3830 3351 3884 illic
3380 3842 3614 3898 regnan-

2044 3926 2147 3982 tes,
2179 3928 2231 3970 et
2265 3920 2434 3973 muris
2462 3919 2740 3972 civitatem
2771 3921 3195 3985 circumdantes,
3228 3923 3295 3974 ab
3346 3936 3409 3973 ea
3465 3922 3618 3975 babi-

2045 4011 2220 4063 taciila
2250 4010 2556 4064 eduxerunt
2588 4020 2698 4064 tam
2745 4011 2798 4064 in
2827 4013 3007 4066 Asiam
3062 4026 3224 4081 quam
3264 4012 3316 4065 in
3365 4014 3615 4065 Arabiam

2044 4102 2244 4154 dictam
2273 4100 2623 4155 Eudannona.
2680 4101 2876 4155 Mansit
2933 4109 3113 4156 autem
3178 4103 3478 4158 Damascus
3536 4121 3618 4156 rc-

2042 4206 2239 4260 gnans,
2270 4193 2447 4246 donec
2474 4191 2783 4245 Alexander
2809 4190 3031 4245 Macedo
3075 4191 3237 4245 Dario
3264 4194 3610 4264 interempto,

2041 4298 2109 4336 ex
2159 4283 2263 4338 hac
2294 4283 2579 4336 thesauros
2609 4282 2729 4351 ejus
2756 4283 2977 4345 ademit,
3024 4296 3145 4335 cum
3180 4283 3297 4352 ipsa
3325 4287 3489 4337 etiam
3530 4302 3616 4337 rc-

2042 4374 2183 4443 galia
2218 4373 2526 4428 destrucns.
2581 4372 2648 4425 Et
2696 4373 2811 4427 haec
2866 4373 3084 4441 quidem
3138 4375 3483 4427 extrinsecus
3550 4376 3618 4428 de

2043 4465 2310 4521 Damasco
2345 4464 2675 4531 didicimus;
2709 4465 3003 4518 multorum
3043 4463 3397 4518 nihilominus
3427 4478 3614 4535 regum

360 4570 529 4638 αὐτὴν
590 4568 980 4638 βασιλεύουσαν
1031 4569 1297 4637 ἔγνωμεν,
1325 4568 1417 4620 τὸν
1465 4568 1579 4621 υἱὸν
1617 4567 1790 4636 Ἄδερ,
1843 4568 1935 4620 τὸν

2046 4562 2099 4615 ἱιι
2132 4561 2249 4630 ipsa
2302 4567 2656 4614 monumenta
2694 4559 2964 4613 videntes.
3020 4559 3065 4610 A
3123 4557 3388 4613 divinitus
3435 4563 3615 4612 ante‘m

359 4661 554 4730 Φούλα,
586 4662 677 4715 τὸν
711 4660 1191 4731 Θεγλαφελλασὰρ,
1227 4662 1319 4713 τὸν
1353 4660 1572 4729 Ἀζαὴλ,
1606 4661 1695 4712 τὸν
1732 4661 1932 4712 Ῥαασ-

360 4754 468 4809 σὼν
505 4754 886 4825 βασιλεύοντας
912 4755 1111 4825 ἔχουσα
1134 4771 1145 4783 ·
1173 4747 1248 4807 ὧν
1276 4754 1440 4806 πλέον
1469 4754 1726 4806 ἁπάντων
1750 4752 1933 4822 Κύρου

360 4850 454 4905 καὶ
471 4850 716 4902 Ἰωάννου
737 4847 955 4917 δωρεῶν
977 4844 1357 4909 ἀπολαύσασα,
1375 4847 1471 4897 καὶ
1489 4846 1611 4906 ταῖς
1631 4844 1723 4895 ἐπὶ
1737 4843 1936 4912 Παύλῳ

361 4941 786 5011 μεγαλαυχείαις
818 4940 1019 5003 ταύτας
1066 4939 1350 5007 συνάψασα
1405 4939 1518 4998 τοῖς
1568 4936 1936 5005 σκιρτήμασιν

359 5034 742 5104 ἐναϐρύνεται.
777 5032 1137 5100 Δαμασκηνὸς
1168 5027 1236 5102 ἦν
1270 5031 1363 5083 καὶ
1393 5028 1502 5082 τῶν
1534 5029 1589 5080 ἐν
1618 5028 1761 5079 τέλει
1795 5026 1937 5093 λαμ·

360 5127 514 5195 πρὼν
539 5124 831 5187 Διονύσιος,
854 5127 917 5178 ἐκ
944 5125 1132 5191 γένους
1159 5123 1464 5193 βλαστήσας
1489 5121 1576 5174 ἀεὶ
1596 5117 1935 5189 διαλάμψαν-

357 5231 481 5278 τος·
518 5210 690 5285 οὗπερ
723 5215 863 5284 ἁρχὴ
894 5216 983 5266 καὶ
1012 5214 1136 5283 ῥίζα
1167 5214 1432 5275 Νικόλαος
1465 5208 1533 5281 ἦν
1565 5213 1593 5263 ὁ
1623 5210 1933 5278 φιλόσοφος,

359 5310 387 5359 ὁ
424 5305 664 5374 Ἡρώδου
696 5304 1004 5374 παιδευτὴς,
1038 5303 1131 5355 καὶ
1160 5303 1365 5355 παδων
1388 5301 1494 5355 τῶν
1525 5300 1815 5353 Ἀντωνίου
1843 5300 1935 5350 xxi.

362 5397 721 5466 Κλεοπάτρας
744 5395 1058 5457 διδάσκαλος
1080 5408 1092 5421 ”
1121 5396 1215 5463 ἀφ’
1234 5387 1294 5445 οὗ
1324 5396 1419 5446 καὶ
1447 5392 1707 5446 Νικόλαοι
1731 5390 1939 5443 δώδεκα

362 5487 505 5540 κατὰ
527 5487 775 5556 διαδοχὴν
808 5484 1222 5555 ὲξανθήσλνῒες,
1246 5481 1934 5553 φιλοτοφίξιγαυρούμενοι,

363 5579 425 5632 τὸ
457 5579 609 5647 γένος
636 5579 983 5648 ἐφαίδρυναν,
1018 5579 1109 5630 καὶ
1158 5578 1236 5639 εἰς
1288 5578 1426 5645 μέγα
1479 5577 1635 5646 δόξης
1681 5577 1771 5628 καὶ
1801 5572 1938 5643 λαμ-

369 5666 634 5739 πρότητο;
678 5670 905 5738 ἤγαγον.

2050 4651 2321 4718 inspirata
2351 4650 2602 4704 doctrina
2642 4649 2840 4703 iterum
2882 4655 3201 4717 regnantem
3234 4648 3287 4701 in
3318 4664 3380 4702 ea
3410 4663 3615 4718 cogno-

2043 4742 2219 4793 vimus
2244 4738 2414 4792 ﬁlium
2445 4739 2612 4802 Ader,
2649 4736 2842 4802 Phula,
2892 4737 3360 4806 Teglapbellasar,
3431 4740 3613 4803 Azael,

2043 4830 2300 4888 Rbaason
2347 4846 2501 4899 reges
2536 4830 2847 4885 habentem.
2917 4830 3048 4894 Quae
3099 4829 3223 4900 Cyri
3280 4827 3616 4898 Joannisque

2043 4929 2165 4997 plus
2191 4939 2354 4996 quam
2387 4927 2604 4980 illorum
2642 4924 2964 4978 muneribus
2995 4923 3155 4990 freta,
3186 4934 3237 4977 et
3287 4924 3390 4978 sub
3446 4922 3616 4978 Patth

2046 5017 2435 5087 tnagniloquiis
2457 5031 2819 5087 congregans,
2847 5016 3306 5070 exsultationibus
3327 5016 3614 5085 gloriatur.

2044 5111 2416 5165 Damascenus
2467 5118 2585 5163 erat
2638 5102 2954 5179 Dionysius,
3002 5117 3058 5162 et
3096 5125 3161 5162 ex
3208 5109 3294 5161 bis
3332 5109 3424 5176 qui
3469 5109 3612 5160 inter

2046 5216 2301 5270 proceres
2330 5209 2384 5254 et
2428 5201 2607 5255 claros
2646 5201 2970 5255 videbantur
3002 5201 3215 5262 haberi,
3248 5200 3337 5268 qui
3370 5214 3435 5252 ex
3490 5213 3616 5266 ger-

2045 5293 2191 5347 mine
2225 5304 2343 5348 erat
2375 5308 2639 5362 perpetuo
2690 5292 2895 5362 fulgida
2923 5311 2936 5360 ;
2992 5294 3151 5361 cujus
3194 5292 3345 5360 origo
3372 5300 3427 5343 et
3461 5289 3615 5344 radix

2043 5378 2084 5432 Ν
2097 5380 2302 5433 icolans
2317 5391 2433 5434 erat
2452 5382 2542 5434 ille
2565 5381 2944 5451 philOSOpbus,
2963 5379 3188 5433 llerodis
3203 5377 3465 5441 cruditor,
3484 5377 3616 5430 filio-

2046 5486 2278 5540 rumque
2306 5472 2529 5526 Antoaii
2552 5481 2607 5525 et
2632 5472 2935 5541 (IleOpatra:
2962 5473 3242 5542 magister,
3275 5486 3303 5523 a
3326 5486 3435 5540 quo
3449 5472 3615 5525 etiam

2050 5560 2257 5614 bieelai
2282 5561 2568 5615 duodecim
2593 5577 2689 5630 per
2712 5564 3112 5616 successionem
3144 5559 3473 5624 eﬂloretttes,
3497 5559 3614 5629 phi-

2044 5652 2414 5721 losopltizeque
2451 5653 2648 5707 decore
2687 5653 2941 5716 nitentes,
2973 5667 3144 5721 genus
3180 5653 3612 5720 illustraverunt,

2045 5757 2098 5801 et
2126 5746 2191 5800 ad
2221 5761 2472 5816 magnam
2502 5750 2804 5801 claritatem
2833 5758 2883 5800 et
2912 5746 3140 5816 gloriam
3171 5747 3535 5805 deduxerunt.

2090 5962 2113 5976 δ
