4060 6236
396 280 538 349 3623
1297 272 1357 331 8.
1396 261 1818 329 SOPHRONII
1841 257 2348 322 PATRIABCH/E
2384 250 2791 333 HIEROSOL.
3248 260 3255 261 ’
3530 239 3673 307 διξει

473 395 550 448 Ex
583 391 668 447 his
695 385 1017 461 splendidus
1074 383 1370 454 Dionysius
1405 388 1571 435 natus
1629 375 1800 431 filium
1828 388 1977 461 dpro-
2005 374 2025 431 1

2151 370 2249 422 Ἐκ
2280 367 2488 421 τούτων
2522 367 2551 419 ό
2592 361 2848 433 λαμπρὸς
2885 356 3169 430 γεννηθεὶς
3197 353 3477 418 Διονύσιος
3508 356 3678 410 παῖδά

398 482 675 554 εηρίιοιιιιο
710 447 1087 533 successorem
1151 469 1387 524 habebat
1454 464 1749 521 lsidorum.
1821 459 1978 515 Hunc

2126 480 2142 516 ε
2172 462 2267 517 καὶ⁸
2306 459 2404 514 τοῦ
2438 459 2637 528 γένους
2666 455 2912 524 διάδοχον
2940 452 3100 522 ἔσχεν
3137 449 3432 522 Ἰσίδωρον.
3472 447 3679 502 Τοῦτον

401 537 524 628 cuin
556 537 689 642 piter
716 577 881 629 esset,
914 564 1112 619 balneo
1171 558 1477 616 secundum
1519 553 1978 611 consuetudinem

2126 572 2143 606 ν
2196 550 2507 625 μειρακίοις
2553 546 2899 618 τυγχάνοντα
2948 539 3161 612 λουτρῷ
3193 541 3337 592 κατὰ
3362 537 3423 591 τὸ
3451 537 3681 607 συνεχὲς

401 631 585 722 usuin,
626 656 1000 728 nequissimus
1034 652 1256 722 quidam
1309 651 1593 703 insecutus
1627 653 1712 701 est
1745 646 1981 706 daemon,

2127 646 2370 717 ρώμενον
2390 685 2405 709 ,
2440 640 2678 729 πονηρός
2708 655 2795 700 τις
2823 635 3035 706 δαίμων
3066 633 3344 703 εἰσήλατο,
3375 632 3472 685 καὶ
3500 631 3682 702 χαμαὶ

402 763 458 808 et
501 753 557 806 in
615 724 820 805 terram
877 747 1165 800 cadentem
1206 750 1369 809 atque
1417 739 1715 809 iacentem,
1774 734 1831 788 bi
1890 726 1985 801 qui

2126 739 2330 793 ;εσόντα
2360 736 2456 790 καὶ
2496 724 2755 803 κείμενον
2786 732 2836 783 οί
2867 725 3357 798 παιδοτροφοῦντες
3394 724 3557 777 αὗτὺν
3585 725 3683 776 άν-

289 868 295 873 -
404 850 664 912 tanquam
699 852 927 910 puerum
964 835 1115 889 illum
1147 831 1387 895 alebant,
1417 835 1571 882 extra
1604 824 1811 880 calidos
1831 837 1988 877 acres

2126 831 2362 900 λόμενοι,
2395 827 2499 894 ἔξω
2517 826 2625 879 τῶν
2653 822 2879 895 θερμῶν
2909 822 3090 893 ἀέρων
3124 818 3381 882 ἐξέϐαλον
3402 833 3416 847 ·
3445 815 3549 884 ἔξω
3571 817 3682 886 γὰρ

404 909 755 1000 οιιιιτοιυηι;
797 931 949 985 intus
990 927 1135 989 enim
1168 922 1403 979 insidias
1437 934 1633 989 passus
1660 926 1745 972 est
1779 916 1987 971 daemo-

2126 924 2160 977 ἀ
2212 923 2312 988 τῆς
2358 918 2627 990 ἐπηρείας
2671 915 2766 969 τοῦ
2815 913 3071 984 δαίμονος
3097 910 3357 974 πέπονθε,
3389 909 3684 980 ὀλιγωρίαν

407 1026 517 1090 nis,
550 1024 915 1079 defectionem
951 1018 1119 1072 animi
1176 1017 1484 1085 passionem
1537 1024 1660 1064 esse
1712 1015 1986 1077 putantes,

2126 1009 2236 1065 ίναι
2255 1012 2318 1064 τὸ
2345 1011 2517 1073 πάθος
2548 1007 2944 1078 γνωρίσαντες,
2975 1003 3085 1073 τὴν
3103 1001 3319 1063 πολλοῖς
3348 1002 3407 1052 ἐν
3438 1001 3687 1071 λουτροῖς

407 1134 530 1188 qua:
559 1116 746 1171 multis
774 1128 916 1183 saepe
957 1107 1228 1175 contingit
1265 1106 1318 1159 in
1356 1103 1587 1166 balneis,
1620 1108 1672 1153 et
1707 1114 1816 1163 non
1875 1112 1990 1151 ma-

2126 1104 2360 1167 ιολλάκις
2394 1100 2817 1172 συμϐαίνουσαν,
2846 1097 2944 1150 καὶ
2971 1097 3033 1149 ού
3070 1094 3324 1166 πονηρῶν
3354 1091 3689 1162 πνευμάτων

411 1215 680 1283 lignorum
739 1210 1030 1277 spirituum
1089 1202 1505 1271 operationem;
1566 1210 1691 1250 cum
1750 1204 1805 1248 et
1872 1192 1995 1247 sine

2126 1198 2408 1268 νέργειαν·
2454 1194 2568 1247 ἀλλ’
2600 1193 2676 1255 ὡς
2718 1190 2813 1244 καὶ
2844 1187 3072 1259 λουτροῦ
3118 1186 3288 1256 χωρὶς
3335 1185 3435 1255 τὴν
3482 1184 3689 1254 βλάϐην

410 1275 606 1360 balneo
629 1275 952 1359 sustinuerit
981 1297 1262 1350 laesionem
1290 1308 1307 1358 ;
1343 1299 1397 1345 et
1420 1287 1703 1342 excusatio
1736 1299 1844 1339 non
1875 1290 1995 1338 erat

2132 1290 2425 1358 πέμεινεν,
2459 1286 2555 1339 καὶ
2600 1285 2876 1355 πρόφασις
2920 1281 3023 1333 οὐκ
3054 1275 3122 1350 ἧν
3154 1282 3187 1349 ή
3225 1279 3495 1347 κρύπτειν
3518 1276 3598 1328 ἔτι
3630 1277 3693 1328 τὺ

411 1411 534 1463 ηυντ
567 1395 882 1462 languorem
926 1394 1113 1457 posset
1154 1382 1385 1437 ulterius
1438 1378 1763 1442 occultare;
1818 1384 1875 1429 et
1916 1373 1998 1426 id-

2126 1382 2271 1444 πάθος
2306 1379 2566 1451 ἰσχύουσα
2586 1394 2600 1407 ·
2651 1377 2743 1431 καὶ
2787 1374 2882 1429 τοῦ
2917 1373 3134 1427 παιδίου
3161 1373 3221 1422 τὸ
3253 1371 3426 1434 πάθος
3457 1370 3692 1438 ἐγνώρι-

412 1460 565 1541 circo
617 1460 677 1539 et
729 1480 882 1551 pueri
919 1478 1229 1549 passionem
1264 1476 1627 1541 agnoverunt,
1660 1473 1715 1520 et
1764 1470 1996 1520 eventus

2126 1492 2222 1535 ταν,
2258 1474 2354 1527 καὶ
2398 1470 2673 1540 δαιμόνων
2700 1467 2914 1530 ἀδικίας
2943 1466 3044 1528 τάς
3076 1463 3384 1533 συμϐάσεις
3414 1460 3695 1532 ἀπήγγελ-

411 1578 727 1636 daemonicae
755 1571 1011 1642 nequitiae
1040 1566 1431 1621 nuntiaverunt
1467 1570 1598 1614 tunc
1631 1558 1795 1613 talem
1851 1572 1994 1623 esse,

2126 1584 2217 1621 ,ον’
2253 1566 2376 1619 τότε
2404 1564 2661 1633 τοιαύτην
2705 1560 2976 1631 ὑπάρχειν
3010 1558 3274 1627 κάκείνην
3304 1555 3557 1624 ἐνόησαν,
3588 1553 3692 1626 τὴν

413 1682 468 1727 et
525 1671 673 1723 illaut
735 1664 1126 1720 intellexerunt
1204 1652 1717 1716 commutationem,
1785 1648 1998 1704 scilicet

2126 1657 2331 1729 πρώτην
2370 1658 2429 1709 ἐν
2460 1653 2676 1725 λουτρῷ
2713 1651 3016 1721 γενομένην
3044 1647 3355 1700 ἀλλοίωσιν.
3386 1645 3559 1699 Τοῦτο
3584 1662 3693 1716 μα-

414 1717 537 1833 qnae
818 1757 873 1808 in
932 1749 1142 1806 balneis
1201 1746 1341 1800 facta
1397 1753 1503 1797 est.
1566 1739 1688 1806 Quo
1749 1745 2003 1808 parentes

2126 1717 2297 1810 ἰόντες
2342 1748 2391 1799 oi
2443 1717 2736 1813 φύσαντες,
2775 1717 2858 1793 οὐ*
2887 1717 3127 1811 μετρίως
3172 1754 3284 1801 πως
3324 1736 3556 1806 ἠνιῶντο
3597 1736 3697 1791 καὶ

415 1858 716 1922 comperto,
749 1862 856 1900 non
889 1839 1242 1897 mediocriter
1282 1834 1670 1893 tristabantur,
1721 1839 1775 1885 et
1807 1838 2004 1882 aestua-

418 1919 587 2006 banti;
642 1948 759 1994 erat
804 1934 952 1989 enim
997 1931 1081 1986 eis
1140 1931 1285 1982 inter
1335 1925 1483 1979 filios
1544 1924 1697 1978 solus
1758 1919 2004 1976 Isidorus

422 2032 726 2096 masculus,
790 2034 846 2083 et
899 2036 1117 2080 omnem
1172 2021 1226 2075 in
1263 2034 1323 2073 se
1398 2015 1737 2088 posteritatis
1796 2011 2007 2069 ferebat

424 2125 716 2188 fiduciam;
759 2116 905 2173 unde
927 2114 1016 2171 isti
1046 2127 1209 2168 omne
1235 2109 1481 2165 studium
1531 2105 1814 2178 pro'pueri
1844 2119 2007 2158 cura-

423 2219 569 2274 tione
593 2212 891 2287 ponebant,
918 2215 974 2264 et.
997 2208 1144 2261 hunc
1169 2201 1548 2275 probabilibus
1573 2198 1801 2254 medicis
1822 2206 2009 2253 osten-

423 2306 660 2371 debant,
722 2297 1074 2357 multitudine
1129 2293 1652 2350 melancholicorum
1717 2290 2008 2344 humo'rum

428 2400 743 2473 frequentes
779 2395 903 2451 illas
952 2388 1304 2462 epilempsias
1332 2394 1389 2440 et
1419 2387 1610 2454 longas
1638 2382 1835 2453 capitis
1879 2395 2009 2452 gra-

424 2492 652 2550 vedines
715 2486 968 2544 accidere
1012 2481 1350 2538 arbitrantes
1396 2494 1411 2531 :
1461 2491 1587 2531 nam
1634 2482 1899 2546 utrasque
1956 2481 2013 2528 ut

424 2581 794 2655 cognovimus
845 2575 1182 2648 patiebatur,
1216 2571 1421 2625 alteras
1472 2566 1695 2639 quidem
1754 2568 2014 2637 frequen-

428 2678 562 2738 tius,
597 2673 801 2726 alteras
852 2682 981 2722 vero
1027 2663 1435 2718 indefieientius
1465 2671 1518 2715 et
1559 2657 1851 2729 prolixius.
1907 2655 2014 2713 Sed

430 2768 587 2838 quasi
651 2777 818 2818 unam
875 2759 943 2813 ab
999 2755 1258 2810 omnibus
1313 2751 1643 2807 sententiam
1697 2750 2014 2815 audiebant,

349 2912 369 2935 δ
431 2859 572 2913 idem
605 2851 925 2910 heminibus
954 2848 1215 2902 invictum
1247 2859 1370 2899 csse
1392 2844 1730 2912 languorem,
1758 2843 2015 2911 Spiritum

429 2947 642 3004 scilicet
669 2955 927 3012 nequam,
960 2947 1013 2992 et
1037 2951 1142 2991 non
1183 2934 1645 2989 melancholicum
1696 2932 2014 2996 humorem,

431 3052 652 3093 causam
687 3037 999 3090 habentem.

501 3133 750 3200 Cumque
802 3123 1096 3195 Dionysius
1164 3120 1318 3192 pueri
1394 3127 1546 3190 pater
1618 3116 2015 3186 discipulorum

434 3222 579 3297 [εοιί.
606 3237 672 3275 ει
703 3218 863 3274 libris
886 3233 982 3286 pro
1009 3210 1433 3283 discipulorum]
1479 3209 1830 3280 Hippocratis
1864 3209 2019 3264 infir-

437 3315 682 3369 mitatem
714 3306 1192 3379 deprehendisset,
1230 3306 1377 3357 hunc
1400 3317 1524 3357 cum
1562 3312 1735 3355 matre
1786 3300 1854 3356 ad
1914 3299 2022 3370 Cy-

437 3423 559 3465 rum
592 3414 647 3461 et
675 3402 942 3458 Joannem
996 3398 1168 3462 misit,
1211 3395 1371 3451 sicuti
1431 3394 1497 3448 ad
1535 3394 1787 3449 Elisreum
1837 3407 2017 3463 quon-

438 3499 567 3551 dam
607 3493 868 3549 Neemam
903 3491 1103 3561 Syrum
1161 3502 1255 3542 rex
1292 3485 1543 3539 Damasci
1595 3484 1829 3549 direxit;
1882 3498 2023 3553 quos

442 3602 566 3643 cum
602 3585 903 3644 venissent,
934 3588 1204 3650 martyres
1229 3584 1573 3647 receperunt,
1605 3588 1658 3631 et
1689 3584 1810 3645 post
1848 3575 2025 3630 modi-

440 3694 565 3735 cum
593 3676 943 3736 dimiserunt,
966 3673 1251 3728 curatione
1271 3670 1495 3725 donata.
1514 3670 1852 3739 Apparentes
1877 3669 2022 3722 enim

444 3773 603 3829 matri
638 3770 787 3842 pueri
814 3785 939 3823 cum
968 3766 1255 3832 dormiret,
1286 3765 1430 3819 hunc
1452 3764 1609 3818 linire
1639 3779 1734 3832 per
1756 3778 1818 3817 se
1869 3778 1900 3817 a
1932 3776 2026 3815 ca-

445 3868 594 3939 pillis
623 3878 797 3933 usque
823 3862 890 3916 ad
915 3860 1149 3931 ungulas
1189 3857 1419 3928 porcino
1470 3856 1796 3925 praecipiunt
1840 3854 2020 3923 adipe,

442 3956 629 4011 divina
658 3953 1070 4022 dispensatione
1103 3958 1338 4011 utentes,
1372 3955 1429 4002 et
1457 3948 1630 4015 ipsius
1667 3960 1866 4000 curare
1907 3947 2027 3999 ani-

331 4090 347 4106 .
445 4063 588 4102 main
623 4044 1186 4108 festinantesﬂmsam
1228 4043 1431 4121 quippe
1485 4039 1686 4095 Juliam
1721 4054 1868 4104 esse,
1922 4040 2026 4093 hoc

446 4139 730 4194 enituerat
772 4152 967 4191 nomen
997 4134 1139 4204 ejus,
1169 4133 1318 4188 circa
1345 4133 1502 4188 fidem
1533 4131 1910 4193 diffamabant,
1960 4130 2028 4186 ad

448 4232 706 4303 gentilem
736 4230 1053 4286 inclinatam
1079 4243 1348 4294 errorem,
1404 4240 1469 4281 ac
1515 4226 1749 4297 proinde
1800 4232 2029 4295 propter

446 4320 716 4376 Adonidis
748 4328 976 4373 mortem
1009 4332 1206 4373 carnes
1238 4316 1483 4373 refutare
1528 4317 1743 4373 suillas.
1797 4314 1863 4369 Et
1912 4317 2030 4370 sive

2105 1841 2376 1915 ἤσχαλλον
2394 1857 2408 1871 ·
2436 1836 2504 1911 ἦν
2535 1840 2644 1908 γὰρ
2678 1837 2864 1899 αὐτοῖς
2897 1835 2993 1888 καὶ
3024 1832 3185 1904 μόνος
3213 1833 3389 1903 ἄρσην
3416 1833 3475 1884 ἐν
3504 1830 3698 1885 παισὶν

2105 1934 2134 1985 ὀ
2169 1933 2459 2002 Ἰσίδωρος,
2495 1929 2592 1983 καὶ
2624 1928 2810 1990 πάσας
2860 1927 2945 1992 ἐφ’
2970 1924 3163 1979 ἑαυτὸν
3209 1924 3310 1987 τάς
3356 1922 3452 1976 τοῦ
3503 1922 3698 1988 γένους

2107 2021 2329 2083 ἐλπίδας
2360 2020 2685 2088 κατέφερεν.
2723 2016 2885 2071 Ὅθεν
2911 2008 3057 2069 οὗτοι
3089 2013 3327 2083 σπουδὴν
3346 2012 3562 2067 ἃπασαν
3596 2013 3701 2084 τῆς

2108 2110 2204 2165 τοῦ
2238 2110 2426 2173 παιδὸς
2458 2108 2760 2180 θεραπείας
2791 2107 3033 2161 ἐτίθεντο
3059 2147 3075 2172 ,
3105 2105 3202 2159 καὶ
3231 2104 3420 2158 τοῦτον
3452 2104 3700 2175 δοκίμοις

2114 2205 2319 2272 ίατροῖς
2342 2202 2719 2267 ὑπεδείκνυον,
2758 2200 2866 2255 ἀπὸ
2895 2200 3137 2270 πλήθους
3172 2196 3585 2268 μελαγχολικῶν
3603 2216 3703 2268 χυο

2115 2294 2232 2365 μῶν
2279 2294 2378 2357 τὰς
2434 2294 2682 2362 συνεχεῖς
2728 2290 3024 2361 ἐπιληψίας
3071 2288 3287 2351 ἐκείνας
3337 2287 3434 2341 καὶ
3482 2286 3702 2358 μακράς

2112 2383 2490 2457 καρηϐαρείας
2522 2382 2845 2453 συμϐαίνειν
2875 2382 3114 2472 οῳμενοι
3137 2395 3151 2410 ⁸
3181 2379 3454 2448 ἑκατέρας
3484 2378 3595 2448 γὰρ
3624 2376 3705 2442 ὥς

2114 2479 2366 2551 ἔγνωμεν
2394 2478 2659 2548 ἔπασχεν,
2685 2477 2782 2539 τὰς
2817 2476 2917 2545 μὲν
2961 2474 3375 2544 συνεχέστερον,
3405 2473 3502 2535 τὰς
3531 2471 3588 2524 δὲ
3618 2474 3706 2524 ἐν-

2112 2572 2414 2643 τονώτερον
2443 2571 2539 2624 καὶ
2571 2569 2947 2641 μακρότερονο
2969 2566 3097 2633 ,ἀλλ’
3127 2566 3203 2630 ὡς
3227 2566 3357 2638 μίαν
3386 2564 3527 2633 πρὸς
3561 2565 3706 2618 πάν-

2115 2683 2225 2719 των
2269 2664 2552 2733 ἀπόφασιν
2598 2663 2798 2734 ἤκουον
2833 2659 3144 2731 ἀνθρώποις
3182 2660 3442 2728 ἀνίκητον
3471 2651 3611 2711 εἶναι
3643 2656 3708 2710 τὸ

2117 2757 2351 2826 νόσημα,
2385 2753 2605 2823 πνεῦμα
2638 2752 2875 2823 πονηρὸν
2904 2753 2999 2804 καὶ
3025 2750 3086 2803 οὐ
3116 2747 3510 2822 μελαγχολικὸν
3530 2747 3709 2819 χυμὸν

2120 2848 2258 2919 ἔχων
2295 2849 2358 2900 τὸ
2396 2847 2635 2917 νόσημα.

2203 3124 2265 3178 'U
2295 3123 2391 3179 τοῦ
2426 3122 2620 3187 παιδὸς
2658 3121 2843 3195 πατὴρ
2870 3122 3166 3188 Διονύσιος,
3197 3122 3307 3177 τῶν
3337 3123 3397 3190 ἐξ
3417 3123 3718 3195 Ἱπποκράο

2122 3235 2248 3280 τους
2269 3216 2556 3287 θεωρήσας
2588 3215 2650 3269 τὸ
2679 3215 2935 3278 ἀναλκές,
2956 3214 3146 3268 τοῦτον
3167 3216 3267 3268 σὺν
3294 3218 3363 3287 τῇ
3388 3218 3555 3288 μητρὶ
3577 3214 3719 3288 πρὸς

2125 3309 2307 3378 Κῦρον
2342 3309 2437 3362 καὶ
2473 3306 2728 3377 Ἰωάννην
2762 3306 3108 3372 ἀπέστειλεν,
3141 3308 3219 3371 ὼς
3248 3308 3385 3380 πρὸς
3411 3308 3720 3362 Ἐλισσαῖόν

2121 3418 2256 3456 ποτε
2300 3401 2532 3472 Ναεμάν
2571 3400 2665 3454 τὸν
2707 3400 2881 3472 Σύρον
2913 3403 2940 3454 ὁ
2971 3401 3261 3472 Δαμασκοῦ
3293 3400 3597 3470 βασιλεύων
3626 3400 3721 3465 ἐξ·

2125 3493 2374 3564 ἐπεμψεν
2399 3509 2411 3521 ·
2448 3494 2544 3547 καὶ
2566 3494 2793 3557 τούτους
2816 3494 3072 3556 ἐλθόντας
3099 3492 3474 3558 ἀπολαϐόντες
3499 3494 3549 3546 οί
3575 3495 3720 3563 μάρ-

2132 3603 2320 3656 τυρες,
2354 3587 2471 3655 μετ’
2510 3586 2690 3652 ὀλίγον
2715 3585 2997 3638 ἀπέλυσαν
3023 3583 3483 3656 θεραπεύσαντες.
3518 3585 3724 3638 Φανέν-

2124 3696 2217 3743 τες
2247 3678 2357 3749 γάρ
2388 3681 2454 3748 τῇ
2493 3679 2662 3750 μητρὶ
2691 3678 3011 3742 τοῦσπαιδὸς
3050 3678 3126 3740 ὡς
3171 3677 3486 3744 ἐκάθευδεν,
3527 3676 3721 3731 τοῦτον

2125 3771 2302 3842 χρίειν
2346 3770 2414 3824 δι’
2454 3771 2657 3840 ἑαυτῆς
2698 3771 2807 3823 ἀπὺ
2833 3770 3039 3842 τριχῶν
3093 3768 3290 3841 μέχρις
3324 3769 3534 3841 ὀνύχων
3584 3770 3719 3839 ύείῳ

2129 3864 2511 3933 προσέταττον
2543 3861 2748 3927 στέατι,
2780 3861 3065 3931 οἰκονομίᾳ
3092 3861 3433 3932 χρησάμενοι
3479 3861 3580 3931 τὴν
3623 3861 3725 3914 αύ-

2125 3957 2229 4027 τῆς
2247 3952 2426 4026 ψυχήν
2452 3951 2790 4023 θεραπεῦσαι
2820 3954 3258 4016 σπουδάσαντεςο
3284 3951 3586 4024 βεϐλάφθαι
3611 3954 3722 4024 γὰρ

2126 4048 2228 4118 τὴν
2242 4045 2664 4112 Ἰουλίαν,τοῦτο
2693 4046 2802 4117 γάρ
2832 4046 3006 4114 αὐτῆς
3038 4046 3251 4118 ὑπῆρχε
3282 4044 3341 4101 τὺ
3374 4047 3567 4116 ὄνομα,
3592 4045 3726 4116 περὶ

2126 4139 2228 4210 τὴν
2252 4138 2439 4192 πίστιν
2467 4139 2767 4209 ἐφήμιζον,
2805 4137 2944 4210 πρὸς
2981 4137 3194 4209 πλάνην
3235 4137 3556 4208 Ἑλληνικὴν
3586 4139 3727 4192 ἀπο-

2129 4232 2440 4295 κλίνουσαν,
2468 4231 2563 4286 καὶ
2606 4231 2778 4303 ταύτῃ
2824 4230 2914 4285 διὰ
2958 4231 3052 4285 τὸν
3083 4231 3365 4296 Ἀδώνιδος
3395 4232 3630 4286 θάνατον
3655 4234 3727 4287 τά

2130 4323 2271 4393 κρέα
2296 4321 2683 4392 παραιτεῖσθαι
2701 4321 2770 4375 τὰ
2799 4320 2943 4377 ὕεια.
2969 4322 3079 4375 Καὶ
3107 4320 3206 4375 εἴτ’
3236 4320 3411 4392 ἀληθῆ
3437 4317 3508 4391 ἦν
3534 4321 3604 4374 τὰ
3637 4321 3729 4374 λε-

446 4429 575 4469 vcra
602 4428 723 4482 quae
748 4411 1075 4466 dicebantur
1101 4420 1307 4471 essent,
1341 4412 1457 4466 sive
1492 4410 1650 4475 falsa,
1677 4425 1800 4481 quae
1835 4411 2025 4482 opinio

2130 4410 2359 4481 γόμενα,
2392 4411 2503 4464 εἴτε
2531 4409 2708 4481 ψευδῆ
2752 4411 2821 4464 τά
2871 4410 2972 4480 τῆς
3020 4411 3208 4482 φήμης
3239 4411 3558 4480 ἐτύγχανεν,
3591 4410 3727 4464 Θεὸν

450 4505 790 4573 dirutgabat,
828 4502 996 4558 Deum
1036 4518 1223 4567 nosse,
1278 4511 1333 4558 et
1370 4504 1465 4573 qui
1526 4505 1631 4557 hoc
1662 4513 2032 4574 praeeperant

453 4604 725 4667 martyres
748 4611 763 4648 :
791 4595 919 4664 quia
949 4595 1093 4648 enim
1118 4609 1317 4649 carnes
1337 4596 1726 4649 exsecrabantur
1754 4594 2030 4664 porcinas,

459 4684 813 4738 manifestum
859 4691 979 4738 erat
1025 4694 1079 4738 et
1121 4682 1523 4753 inanthiguum.
1575 4683 1645 4736 At
1702 4698 1832 4737 vero
1874 4681 2033 4751 cujus

453 4782 534 4836 rei
561 4780 735 4852 gratia
762 4780 863 4835 bas
904 4795 1012 4835 non
1041 4780 1431 4844 manducabat,
1465 4779 1650 4845 rutilus
1679 4795 1746 4833 ex
1805 4778 1890 4834 bis
1938 4776 2034 4848 qui

454 4889 646 4929 noiiex
673 4873 998 4944 propinquis
1028 4879 1148 4927 erat
1206 4873 1435 4928 sciebat.
1493 4870 1886 4928 Verumtamen
1952 4871 2039 4926 in-

456 4965 688 5021 firmitas
720 4965 1206 5035 pucrljussionem
1243 4963 1422 5021 facere
1480 4966 1736 5034 cogebat,
1781 4971 1837 5019 et
1892 4966 2038 5017 hunc

454 5058 738 5114 insinuato
761 5057 962 5113 liniens
986 5056 1166 5129 adipe,
1208 5056 1485 5111 infirmum
1520 5056 1807 5112 manifeste
1839 5055 2036 5121 linitit,

452 5158 512 5205 et
543 5146 833 5204 manifesta
873 5147 1214 5202 infirmitatis
1237 5145 1501 5201 ferentem
1533 5146 1796 5216 insignia.

527 5239 796 5296 Praeterea
873 5241 1251 5315 dthonittm,
1340 5240 1487 5311 quod
1541 5240 1668 5293 huic
1746 5239 2037 5293 molesmzn

454 5343 576 5389 erat
604 5342 658 5389 et
686 5335 1107 5405 comprimebat,
1143 5333 1445 5404 perfectam
1503 5333 1785 5389 unctionis
1840 5342 2041 5387 attrcc-
2099 5323 2102 5327 ’

459 5427 721 5482 tationem
766 5441 873 5480 non
901 5426 1250 5497 praestolans,
1283 5417 1543 5494 tanquam
1583 5440 1612 5477 a
1653 5425 1835 5478 divitia
1867 5424 2040 5493 fugie-

462 5517 555 5573 bat
608 5519 809 5574 virtute.
854 5517 1209 5589 llagellatmn.
1261 5518 1435 5588 Cyrus
1488 5517 1637 5570 enim
1687 5531 1751 5570 ac
1799 5516 2042 5571 Joannes

460 5607 814 5664 invisibiliter
844 5608 1215 5680 flagellabant,
1239 5608 1332 5677 qtti
1364 5606 1545 5661 divina
1570 5607 1772 5661 virtute
1798 5606 2043 5660 circum-

468 5709 647 5755 terere
674 5703 922 5758 consueti
950 5709 1079 5758 sunt
1099 5699 1419 5767 daemonas:
1452 5698 1594 5757 unde
1633 5698 1705 5753 ab
1757 5698 1850 5754 ilio
1907 5706 2044 5753 tem-

2133 4503 2356 4569 εἰδέναι,
2389 4504 2486 4557 καὶ
2519 4504 2678 4558 τοῦτο
2722 4503 3093 4568 κελεύσαντας
3131 4505 3447 4576 μάρτυρας·
3492 4504 3577 4558 ὃτι
3625 4504 3729 4574 μὲν

2132 4596 2245 4667 γὰρ
2260 4597 2331 4649 τά
2359 4596 2498 4667 κρέα
2527 4599 2828 4668 παρῃτεῖτο
2855 4598 2923 4651 τά
2951 4596 3098 4661 ὕεια,
3131 4598 3366 4669 φανερὸν
3386 4596 3601 4669 ὑπῆρχε
3631 4597 3731 4652 καὶ

2134 4691 2378 4763 ἄμαχον·
2409 4693 2532 4746 ὅτου
2562 4692 2619 4747 δὲ
2647 4695 2807 4765 χάριν
2835 4692 3007 4748 ταῦτα
3042 4692 3118 4765 μὴ
3145 4694 3354 4766 ἤσθιεν,
3407 4692 3584 4757 οὐδεὶς
3618 4691 3728 4747 τῶν

2137 4785 2455 4855 ἐγγυτάτων
2497 4785 2798 4854 ἐγίνωσκεν
2820 4803 2834 4815 ⁸
2865 4785 3008 4857 πλὴν
3038 4785 3134 4839 τοῦ
3180 4778 3374 4849 παιδὸς
3403 4785 3436 4857 ἡ
3468 4785 3729 4839 ἀσθένεια

2138 4877 2200 4931 τὸ
2227 4876 2521 4930 κελευσθὲν
2570 4879 2745 4930 ποιεῖν
2778 4877 3030 4944 ἐϐιάζετο
3052 4895 3067 4909 ο
3097 4880 3191 4931 καὶ
3225 4876 3415 4931 τοῦτον
3444 4875 3523 4948 τῷ
3552 4894 3728 4947 μηνυ-

2141 4969 2289 5023 θέντι
2339 4971 2716 5041 καταχρίουσα
2764 4971 2972 5038 στέατι,
3012 4970 3404 5043 ἀρρωστοῦντα
3448 4969 3727 5042 προδήλως

2140 5060 2422 5131 κατέχριε,
2457 5059 2555 5114 καὶ
2606 5060 2819 5132 φανερά
2865 5062 2965 5132 τῆς
3003 5062 3318 5134 ἀρρωστίας
3343 5060 3413 5115 τά
3441 5062 3731 5132 σήμαντρα

2142 5151 2399 5220 φέροντα.

2213 5244 2287 5297 Τὸ
2309 5244 2367 5298 δὲ
2398 5245 2575 5314 τούτῳ
2600 5245 2970 5317 παρενοχλοῦν
3000 5246 3095 5300 κοιλ⁸
3123 5244 3304 5300 θλίϐον
3332 5246 3611 5315 δαιμόνιον
3630 5244 3733 5318 τὴν

2142 5333 2358 5387 τελείαν
2391 5333 2487 5386 τοῦ
2520 5333 2825 5405 χρίσματος
2883 5338 2957 5407 μὴ
3019 5322 3345 5408 περιμεῖναν
3392 5335 3730 5408 προσένεξιν,

2143 5423 2220 5486 ὡς
2251 5423 2354 5475 ὑπὸ
2389 5422 2540 5488 θείας
2568 5423 2850 5494 δυνάμεως
2876 5426 3271 5495 μαστιζόμενον
3298 5425 3517 5494 ἔφευγε.
3551 5423 3735 5494 Κῦρος

2146 5516 2256 5584 γάρ
2283 5515 2446 5569 αὑτὸν
2476 5517 2574 5569 καὶ
2608 5515 2861 5586 Ἰωάννης
2896 5518 3148 5585 ἀοράτως
3177 5517 3492 5587 ἐμάστιζον,
3532 5516 3579 5569 οἱ
3611 5513 3733 5583 θείῃ.

2144 5605 2374 5675 δυνάμει
2396 5606 2778 5678 περιστροσεῖν
2823 5606 3106 5677 ὴοισμένοι
3144 5606 3270 5670 τοὺς
3297 5605 3587 5674 δαίμοναςο
3610 5605 3733 5658 ὅθεν

2146 5695 2242 5751 ἀπ’
2273 5696 2485 5751 ἐκείνου
2509 5696 2599 5751 τοῦ
2622 5697 2816 5777 χρόνου
2839 5698 3034 5770 μέχρις
3059 5693 3121 5755 οῦ
3152 5698 3295 5754 κατὰ
3323 5697 3471 5753 τόνδε
3504 5697 3593 5749 τὸν
3617 5696 3734 5768 βίον
