  <div class='ocr_page' id='page_1' title='image "/cluster/home/n/w/nwhite01/storage/ocr_20150623/87 pt.3 1965/mdp.39015012172931/450.png"; bbox 0 0 4060 6236; ppageno 0'>
   <div class='ocr_carea' id='block_1_1' title="bbox 468 335 617 399">
    <p class='ocr_par' dir='ltr' id='par_1_1' title="bbox 468 335 617 399">
     <span class='ocr_line' id='line_1_1' title="bbox 468 335 617 399; baseline -0.027 0"><span class='ocrx_word' id='word_1_1' title='bbox 468 335 617 399; x_wconf 72' lang='grc' dir='ltr'><strong>36ἓὸ</strong></span> 
     </span>
    </p>
   </div>
   <div class='ocr_carea' id='block_1_2' title="bbox 1477 318 2737 385">
    <p class='ocr_par' dir='ltr' id='par_1_2' title="bbox 1477 318 2737 385">
     <span class='ocr_line' id='line_1_2' title="bbox 1477 318 2737 385; baseline -0.001 -1"><span class='ocrx_word' id='word_1_2' title='bbox 1477 323 1582 385; x_wconf 90' lang='lat' dir='ltr'><strong>SS.</strong></span> <span class='ocrx_word' id='word_1_3' title='bbox 1617 322 1793 384; x_wconf 77' lang='lat' dir='ltr'><strong>CYRI</strong></span> <span class='ocrx_word' id='word_1_4' title='bbox 1830 318 1927 382; x_wconf 83' lang='lat' dir='ltr'><strong>ET</strong></span> <span class='ocrx_word' id='word_1_5' title='bbox 1963 319 2282 382; x_wconf 70' lang='lat' dir='ltr'><strong>JOANNIS</strong></span> <span class='ocrx_word' id='word_1_6' title='bbox 2321 320 2737 384; x_wconf 82' lang='lat' dir='ltr'><strong>MIRACULA.</strong></span> 
     </span>
    </p>
   </div>
   <div class='ocr_carea' id='block_1_3' title="bbox 3592 321 3730 387">
    <p class='ocr_par' dir='ltr' id='par_1_3' title="bbox 3592 321 3730 387">
     <span class='ocr_line' id='line_1_3' title="bbox 3592 321 3730 387; baseline 0 0"><span class='ocrx_word' id='word_1_7' title='bbox 3592 321 3730 387; x_wconf 77' lang='lat'><strong>3626</strong></span> 
     </span>
    </p>
   </div>
   <div class='ocr_carea' id='block_1_4' title="bbox 466 433 2076 524">
    <p class='ocr_par' dir='ltr' id='par_1_4' title="bbox 466 434 2058 524">
     <span class='ocr_line' id='line_1_4' title="bbox 466 434 2058 524; baseline -0.013 -16"><span class='ocrx_word' id='word_1_8' title='bbox 466 449 538 524; x_wconf 78' lang='grc' dir='ltr'><strong>ἦν</strong></span> <span class='ocrx_word' id='word_1_9' title='bbox 560 454 590 506; x_wconf 84' lang='grc' dir='ltr'><strong>ό</strong></span> <span class='ocrx_word' id='word_1_10' title='bbox 624 447 922 516; x_wconf 73' lang='grc' dir='ltr'><strong>Ἰσίδωρος,</strong></span> <span class='ocrx_word' id='word_1_11' title='bbox 957 442 1257 515; x_wconf 79' lang='grc' dir='ltr'><strong>ἀπρόσιτος</strong></span> <span class='ocrx_word' id='word_1_12' title='bbox 1279 438 1491 512; x_wconf 80' lang='grc' dir='ltr'><strong>ὑπῆρξε</strong></span> <span class='ocrx_word' id='word_1_13' title='bbox 1514 441 1627 504; x_wconf 84' lang='grc' dir='ltr'><strong>τοῖς</strong></span> <span class='ocrx_word' id='word_1_14' title='bbox 1655 437 1928 509; x_wconf 78' lang='grc' dir='ltr'><strong>δαίμοσιν,</strong></span> <span class='ocrx_word' id='word_1_15' title='bbox 1961 434 2058 490; x_wconf 74' lang='grc' dir='ltr'><strong>καὶ</strong></span> 
     </span>
    </p>
   </div>
   <div class='ocr_carea' id='block_1_5' title="bbox 2176 433 3725 524">
    <p class='ocr_par' dir='ltr' id='par_1_5' title="bbox 2176 433 3725 508">
     <span class='ocr_line' id='line_1_5' title="bbox 2176 433 3725 508; baseline 0 -16"><span class='ocrx_word' id='word_1_16' title='bbox 2176 452 2313 505; x_wconf 61' lang='lat' dir='ltr'><strong>tore,</strong></span> <span class='ocrx_word' id='word_1_17' title='bbox 2341 452 2632 508; x_wconf 83' lang='lat' dir='ltr'><strong>quousque</strong></span> <span class='ocrx_word' id='word_1_18' title='bbox 2658 436 2715 493; x_wconf 91' lang='lat' dir='ltr'><strong>in</strong></span> <span class='ocrx_word' id='word_1_19' title='bbox 2744 435 2845 501; x_wconf 79' lang='lat' dir='ltr'><strong>hac</strong></span> <span class='ocrx_word' id='word_1_20' title='bbox 2894 433 2999 491; x_wconf 86' lang='lat' dir='ltr'><strong>fuit</strong></span> <span class='ocrx_word' id='word_1_21' title='bbox 3030 434 3138 491; x_wconf 87' lang='lat' dir='ltr'><strong>vita</strong></span> <span class='ocrx_word' id='word_1_22' title='bbox 3175 433 3446 503; x_wconf 72' lang='lat' dir='ltr'><strong>Isidorus,</strong></span> <span class='ocrx_word' id='word_1_23' title='bbox 3481 436 3725 492; x_wconf 74' lang='lat' dir='ltr'><strong>inacces—</strong></span> 
     </span>
    </p>
   </div>
   <div class='ocr_carea' id='block_1_6' title="bbox 470 528 2055 614">
    <p class='ocr_par' dir='ltr' id='par_1_6' title="bbox 470 528 2055 614">
     <span class='ocr_line' id='line_1_6' title="bbox 470 528 2055 614; baseline -0.013 -13"><span class='ocrx_word' id='word_1_24' title='bbox 470 546 671 614; x_wconf 80' lang='grc' dir='ltr'><strong>πεῖραν</strong></span> <span class='ocrx_word' id='word_1_25' title='bbox 699 539 882 596; x_wconf 75' lang='grc' dir='ltr'><strong>αὐτῶν</strong></span> <span class='ocrx_word' id='word_1_26' title='bbox 921 534 1016 591; x_wconf 80' lang='grc' dir='ltr'><strong>τοῦ</strong></span> <span class='ocrx_word' id='word_1_27' title='bbox 1044 534 1235 589; x_wconf 75' lang='grc' dir='ltr'><strong>λοιποῦ</strong></span> <span class='ocrx_word' id='word_1_28' title='bbox 1264 533 1524 603; x_wconf 83' lang='grc' dir='ltr'><strong>τοιαύτην</strong></span> <span class='ocrx_word' id='word_1_29' title='bbox 1552 532 1652 585; x_wconf 77' lang='grc' dir='ltr'><strong>οὐκ</strong></span> <span class='ocrx_word' id='word_1_30' title='bbox 1688 528 1902 596; x_wconf 75' lang='grc' dir='ltr'><strong>ἔλαϐεν,</strong></span> <span class='ocrx_word' id='word_1_31' title='bbox 1935 528 2055 583; x_wconf 78' lang='grc' dir='ltr'><strong>οίαν</strong></span> 
     </span>
    </p>
   </div>
   <div class='ocr_carea' id='block_1_7' title="bbox 471 620 2056 705">
    <p class='ocr_par' dir='ltr' id='par_1_7' title="bbox 471 620 2056 705">
     <span class='ocr_line' id='line_1_7' title="bbox 471 620 2056 705; baseline -0.008 -16"><span class='ocrx_word' id='word_1_32' title='bbox 471 633 582 705; x_wconf 71' lang='grc' dir='ltr'><strong>πρὸ</strong></span> <span class='ocrx_word' id='word_1_33' title='bbox 626 632 728 702; x_wconf 79' lang='grc' dir='ltr'><strong>τῆς</strong></span> <span class='ocrx_word' id='word_1_34' title='bbox 776 629 1103 698; x_wconf 80' lang='grc' dir='ltr'><strong>καταφυγῆς</strong></span> <span class='ocrx_word' id='word_1_35' title='bbox 1132 625 1233 697; x_wconf 80' lang='grc' dir='ltr'><strong>τῆς</strong></span> <span class='ocrx_word' id='word_1_36' title='bbox 1264 626 1346 687; x_wconf 85' lang='grc' dir='ltr'><strong>είς</strong></span> <span class='ocrx_word' id='word_1_37' title='bbox 1378 626 1504 688; x_wconf 82' lang='grc' dir='ltr'><strong>τοὺς</strong></span> <span class='ocrx_word' id='word_1_38' title='bbox 1535 622 1823 695; x_wconf 83' lang='grc' dir='ltr'><strong>μάρτυρας</strong></span> <span class='ocrx_word' id='word_1_39' title='bbox 1871 620 2056 693; x_wconf 81' lang='grc' dir='ltr'><strong>Κῦρον</strong></span> 
     </span>
    </p>
   </div>
   <div class='ocr_carea' id='block_1_8' title="bbox 470 711 2057 790">
    <p class='ocr_par' dir='ltr' id='par_1_8' title="bbox 470 711 2057 790">
     <span class='ocr_line' id='line_1_8' title="bbox 470 711 2057 790; baseline -0.008 -13"><span class='ocrx_word' id='word_1_40' title='bbox 470 722 566 783; x_wconf 83' lang='grc' dir='ltr'><strong>καὶ</strong></span> <span class='ocrx_word' id='word_1_41' title='bbox 600 721 854 790; x_wconf 78' lang='grc' dir='ltr'><strong>Ἰωάννην</strong></span> <span class='ocrx_word' id='word_1_42' title='bbox 885 716 1214 789; x_wconf 85' lang='grc' dir='ltr'><strong>ἐλάμϐανεν·</strong></span> <span class='ocrx_word' id='word_1_43' title='bbox 1239 711 1395 787; x_wconf 83' lang='grc' dir='ltr'><strong>οἶμαι</strong></span> <span class='ocrx_word' id='word_1_44' title='bbox 1429 715 1486 769; x_wconf 79' lang='grc' dir='ltr'><strong>δὲ</strong></span> <span class='ocrx_word' id='word_1_45' title='bbox 1520 715 1619 769; x_wconf 70' lang='grc' dir='ltr'><strong>καὶ</strong></span> <span class='ocrx_word' id='word_1_46' title='bbox 1643 713 1814 783; x_wconf 78' lang='grc' dir='ltr'><strong>αὐτὴν</strong></span> <span class='ocrx_word' id='word_1_47' title='bbox 1841 712 2057 784; x_wconf 79' lang='grc' dir='ltr'><strong>ὠφελη-</strong></span> 
     </span>
    </p>
   </div>
   <div class='ocr_carea' id='block_1_9' title="bbox 472 802 2058 880">
    <p class='ocr_par' dir='ltr' id='par_1_9' title="bbox 472 802 2058 880">
     <span class='ocr_line' id='line_1_9' title="bbox 472 802 2058 880; baseline -0.006 -15"><span class='ocrx_word' id='word_1_48' title='bbox 472 812 657 867; x_wconf 79' lang='grc' dir='ltr'><strong>θεῖσαν</strong></span> <span class='ocrx_word' id='word_1_49' title='bbox 684 810 762 880; x_wconf 84' lang='grc' dir='ltr'><strong>τῷ</strong></span> <span class='ocrx_word' id='word_1_50' title='bbox 794 808 1058 879; x_wconf 85' lang='grc' dir='ltr'><strong>θαύματι,</strong></span> <span class='ocrx_word' id='word_1_51' title='bbox 1087 807 1246 878; x_wconf 86' lang='grc' dir='ltr'><strong>εῐπερ</strong></span> <span class='ocrx_word' id='word_1_52' title='bbox 1276 807 1363 860; x_wconf 81' lang='grc' dir='ltr'><strong>ἐπ’</strong></span> <span class='ocrx_word' id='word_1_53' title='bbox 1396 804 1661 876; x_wconf 78' lang='grc' dir='ltr'><strong>ἀληθείας</strong></span> <span class='ocrx_word' id='word_1_54' title='bbox 1689 802 1986 875; x_wconf 67' lang='grc' dir='ltr'><strong>ἐϐέϐλητο,</strong></span> <span class='ocrx_word' id='word_1_55' title='bbox 2008 802 2058 857; x_wconf 85' lang='grc' dir='ltr'><strong>εί</strong></span> 
     </span>
    </p>
   </div>
   <div class='ocr_carea' id='block_1_10' title="bbox 475 893 2060 975">
    <p class='ocr_par' dir='ltr' id='par_1_10' title="bbox 475 893 2060 975">
     <span class='ocr_line' id='line_1_10' title="bbox 475 893 2060 975; baseline -0.004 -19"><span class='ocrx_word' id='word_1_56' title='bbox 475 904 552 975; x_wconf 71' lang='grc' dir='ltr'><strong>μὴ</strong></span> <span class='ocrx_word' id='word_1_57' title='bbox 578 902 786 972; x_wconf 83' lang='grc' dir='ltr'><strong>σφόδρα</strong></span> <span class='ocrx_word' id='word_1_58' title='bbox 812 898 1085 973; x_wconf 60' lang='grc' dir='ltr'><strong>δυσσεϐὴς</strong></span> <span class='ocrx_word' id='word_1_59' title='bbox 1112 915 1198 962; x_wconf 88' lang='grc' dir='ltr'><strong>τις</strong></span> <span class='ocrx_word' id='word_1_60' title='bbox 1220 893 1290 970; x_wconf 79' lang='grc' dir='ltr'><strong>ἦν</strong></span> <span class='ocrx_word' id='word_1_61' title='bbox 1312 897 1413 952; x_wconf 79' lang='grc' dir='ltr'><strong>καὶ</strong></span> <span class='ocrx_word' id='word_1_62' title='bbox 1437 896 1684 966; x_wconf 84' lang='grc' dir='ltr'><strong>ἀνόητος·</strong></span> <span class='ocrx_word' id='word_1_63' title='bbox 1705 895 1864 967; x_wconf 72' lang='grc' dir='ltr'><strong>ἡμεῖς</strong></span> <span class='ocrx_word' id='word_1_64' title='bbox 1886 894 1944 949; x_wconf 80' lang='grc' dir='ltr'><strong>δέ</strong></span> <span class='ocrx_word' id='word_1_65' title='bbox 1963 894 2060 950; x_wconf 77' lang='grc' dir='ltr'><strong>καὶ</strong></span> 
     </span>
    </p>
   </div>
   <div class='ocr_carea' id='block_1_11' title="bbox 476 982 2062 1059">
    <p class='ocr_par' dir='ltr' id='par_1_11' title="bbox 476 982 2062 1059">
     <span class='ocr_line' id='line_1_11' title="bbox 476 982 2062 1059; baseline -0.008 -13"><span class='ocrx_word' id='word_1_66' title='bbox 476 991 719 1046; x_wconf 80' lang='grc' dir='ltr'><strong>ἐνταῦθα</strong></span> <span class='ocrx_word' id='word_1_67' title='bbox 748 989 882 1047; x_wconf 79' lang='grc' dir='ltr'><strong>Θεὸν</strong></span> <span class='ocrx_word' id='word_1_68' title='bbox 910 984 1347 1059; x_wconf 57' lang='grc' dir='ltr'><strong>ἀνυμνήσαντες,</strong></span> <span class='ocrx_word' id='word_1_69' title='bbox 1378 984 1475 1039; x_wconf 79' lang='grc' dir='ltr'><strong>καὶ</strong></span> <span class='ocrx_word' id='word_1_70' title='bbox 1509 984 1793 1056; x_wconf 87' lang='grc' dir='ltr'><strong>μάρτυρας</strong></span> <span class='ocrx_word' id='word_1_71' title='bbox 1818 982 1946 1045; x_wconf 77' lang='grc' dir='ltr'><strong>τοὺς</strong></span> <span class='ocrx_word' id='word_1_72' title='bbox 1969 982 2062 1055; x_wconf 66' lang='lat' dir='ltr'><strong>ep.</strong></span> 
     </span>
    </p>
   </div>
   <div class='ocr_carea' id='block_1_12' title="bbox 475 1072 2061 1152">
    <p class='ocr_par' dir='ltr' id='par_1_12' title="bbox 475 1072 2061 1152">
     <span class='ocr_line' id='line_1_12' title="bbox 475 1072 2061 1152; baseline -0.008 -13"><span class='ocrx_word' id='word_1_73' title='bbox 475 1084 652 1152; x_wconf 87' lang='grc' dir='ltr'><strong>γάτας</strong></span> <span class='ocrx_word' id='word_1_74' title='bbox 686 1082 782 1136; x_wconf 81' lang='grc' dir='ltr'><strong>τοῦ</strong></span> <span class='ocrx_word' id='word_1_75' title='bbox 814 1079 1112 1152; x_wconf 88' lang='grc' dir='ltr'><strong>θαύματος,</strong></span> <span class='ocrx_word' id='word_1_76' title='bbox 1146 1079 1232 1148; x_wconf 81' lang='grc' dir='ltr'><strong>ἐφ’</strong></span> <span class='ocrx_word' id='word_1_77' title='bbox 1260 1078 1450 1149; x_wconf 74' lang='grc' dir='ltr'><strong>ἕτερον</strong></span> <span class='ocrx_word' id='word_1_78' title='bbox 1480 1075 1666 1146; x_wconf 80' lang='grc' dir='ltr'><strong>θαῦμα</strong></span> <span class='ocrx_word' id='word_1_79' title='bbox 1686 1072 1787 1148; x_wconf 72' lang='grc' dir='ltr'><strong>τὴν</strong></span> <span class='ocrx_word' id='word_1_80' title='bbox 1810 1073 2061 1143; x_wconf 84' lang='grc' dir='ltr'><strong>γλῶτταν</strong></span> 
     </span>
    </p>
   </div>
   <div class='ocr_carea' id='block_1_13' title="bbox 473 1165 2062 1244">
    <p class='ocr_par' dir='ltr' id='par_1_13' title="bbox 473 1165 2062 1244">
     <span class='ocr_line' id='line_1_13' title="bbox 473 1165 2062 1244; baseline -0.004 -18"><span class='ocrx_word' id='word_1_81' title='bbox 473 1173 828 1244; x_wconf 87' lang='grc' dir='ltr'><strong>όπλίσωμεν,</strong></span> <span class='ocrx_word' id='word_1_82' title='bbox 886 1170 1092 1242; x_wconf 78' lang='grc' dir='ltr'><strong>ταύτης</strong></span> <span class='ocrx_word' id='word_1_83' title='bbox 1140 1168 1393 1241; x_wconf 79' lang='grc' dir='ltr'><strong>ἀρωγοὺς</strong></span> <span class='ocrx_word' id='word_1_84' title='bbox 1432 1167 1560 1232; x_wconf 79' lang='grc' dir='ltr'><strong>τοὺς</strong></span> <span class='ocrx_word' id='word_1_85' title='bbox 1607 1165 1719 1221; x_wconf 86' lang='grc' dir='ltr'><strong>τῶν</strong></span> <span class='ocrx_word' id='word_1_86' title='bbox 1767 1165 2062 1234; x_wconf 78' lang='grc' dir='ltr'><strong>θαυμάτων</strong></span> 
     </span>
    </p>
   </div>
   <div class='ocr_carea' id='block_1_14' title="bbox 474 1260 1097 1335">
    <p class='ocr_par' dir='ltr' id='par_1_14' title="bbox 474 1260 1097 1335">
     <span class='ocr_line' id='line_1_14' title="bbox 474 1260 1097 1335; baseline -0.005 -17"><span class='ocrx_word' id='word_1_87' title='bbox 474 1265 717 1335; x_wconf 77' lang='grc' dir='ltr'><strong>ἐργάτας</strong></span> <span class='ocrx_word' id='word_1_88' title='bbox 760 1260 1097 1331; x_wconf 77' lang='grc' dir='ltr'><strong>ποιούμενοι.</strong></span> 
     </span>
    </p>
   </div>
   <div class='ocr_carea' id='block_1_15' title="bbox 474 1367 2077 1442">
    <p class='ocr_par' dir='ltr' id='par_1_15' title="bbox 474 1367 2077 1442">
     <span class='ocr_line' id='line_1_15' title="bbox 474 1367 2077 1442; baseline -0.004 -14"><span class='ocrx_word' id='word_1_89' title='bbox 474 1371 604 1429; x_wconf 82' lang='lat' dir='ltr'><strong>NE’.</strong></span> <span class='ocrx_word' id='word_1_90' title='bbox 625 1372 763 1442; x_wconf 74' lang='grc' dir='ltr'><strong>Περὶ</strong></span> <span class='ocrx_word' id='word_1_91' title='bbox 782 1370 1085 1441; x_wconf 77' lang='grc' dir='ltr'><strong>Θεοδώρου</strong></span> <span class='ocrx_word' id='word_1_92' title='bbox 1111 1369 1218 1438; x_wconf 82' lang='grc' dir='ltr'><strong>τοῦ</strong></span> <span class='ocrx_word' id='word_1_93' title='bbox 1235 1368 1503 1442; x_wconf 70' lang='grc' dir='ltr'><strong>Κυπρίου</strong></span> <span class='ocrx_word' id='word_1_94' title='bbox 1520 1367 1634 1442; x_wconf 60' lang='grc' dir='ltr'><strong>τοῦ</strong></span> <span class='ocrx_word' id='word_1_95' title='bbox 1663 1367 1780 1424; x_wconf 70' lang='grc' dir='ltr'><strong>ἀπο</strong></span> <span class='ocrx_word' id='word_1_96' title='bbox 1809 1367 2077 1439; x_wconf 62' lang='grc' dir='ltr'><strong>μαγείας,</strong></span> 
     </span>
    </p>
   </div>
   <div class='ocr_carea' id='block_1_16' title="bbox 886 1435 1638 1512">
    <p class='ocr_par' dir='ltr' id='par_1_16' title="bbox 886 1435 1638 1512">
     <span class='ocr_line' id='line_1_16' title="bbox 886 1435 1638 1512; baseline -0.004 -17"><span class='ocrx_word' id='word_1_97' title='bbox 886 1435 1205 1512; x_wconf 58' lang='grc' dir='ltr'><strong>γεγονότος</strong></span> <span class='ocrx_word' id='word_1_98' title='bbox 1240 1435 1638 1508; x_wconf 73' lang='grc' dir='ltr'><strong>λορδόποδος.</strong></span> 
     </span>
    </p>
   </div>
   <div class='ocr_carea' id='block_1_17' title="bbox 544 1529 2067 1605">
    <p class='ocr_par' dir='ltr' id='par_1_17' title="bbox 544 1529 2067 1605">
     <span class='ocr_line' id='line_1_17' title="bbox 544 1529 2067 1605; baseline -0.004 -16"><span class='ocrx_word' id='word_1_99' title='bbox 544 1534 802 1605; x_wconf 75' lang='grc' dir='ltr'>Φοινίκης</span> <span class='ocrx_word' id='word_1_100' title='bbox 832 1534 1000 1604; x_wconf 83' lang='grc' dir='ltr'><strong>ἐγγὺς</strong></span> <span class='ocrx_word' id='word_1_101' title='bbox 1032 1534 1066 1604; x_wconf 83' lang='grc' dir='ltr'>ὴ</span> <span class='ocrx_word' id='word_1_102' title='bbox 1105 1530 1331 1603; x_wconf 81' lang='grc' dir='ltr'><strong>Κύπρος</strong></span> <span class='ocrx_word' id='word_1_103' title='bbox 1355 1529 1699 1599; x_wconf 76' lang='grc' dir='ltr'><strong>καθέστηκεν</strong></span> <span class='ocrx_word' id='word_1_104' title='bbox 1718 1570 1733 1594; x_wconf 91' lang='grc'><strong>,</strong></span> <span class='ocrx_word' id='word_1_105' title='bbox 1770 1529 1976 1602; x_wconf 82' lang='grc' dir='ltr'><strong>μεταξὺ</strong></span> <span class='ocrx_word' id='word_1_106' title='bbox 2006 1529 2067 1583; x_wconf 81' lang='grc' dir='ltr'><strong>τὸ</strong></span> 
     </span>
    </p>
   </div>
   <div class='ocr_carea' id='block_1_18' title="bbox 482 1621 2067 1703">
    <p class='ocr_par' dir='ltr' id='par_1_18' title="bbox 482 1621 2067 1703">
     <span class='ocr_line' id='line_1_18' title="bbox 482 1621 2067 1703; baseline -0.005 -20"><span class='ocrx_word' id='word_1_107' title='bbox 482 1628 815 1701; x_wconf 76' lang='grc' dir='ltr'><strong>παρθενικδν</strong></span> <span class='ocrx_word' id='word_1_108' title='bbox 845 1626 1046 1703; x_wconf 73' lang='grc' dir='ltr'><strong>ἔχουσα</strong></span> <span class='ocrx_word' id='word_1_109' title='bbox 1071 1624 1329 1695; x_wconf 88' lang='grc' dir='ltr'><strong>πέλαγος,</strong></span> <span class='ocrx_word' id='word_1_110' title='bbox 1347 1625 1487 1695; x_wconf 86' lang='grc' dir='ltr'><strong>ὅπερ</strong></span> <span class='ocrx_word' id='word_1_111' title='bbox 1507 1622 1586 1695; x_wconf 82' lang='grc' dir='ltr'><strong>τῷ</strong></span> <span class='ocrx_word' id='word_1_112' title='bbox 1605 1621 1686 1677; x_wconf 77' lang='grc' dir='ltr'><strong>νοῒ</strong></span> <span class='ocrx_word' id='word_1_113' title='bbox 1709 1621 2067 1678; x_wconf 85' lang='grc' dir='ltr'><strong>διαπλεύσαν-</strong></span> 
     </span>
    </p>
   </div>
   <div class='ocr_carea' id='block_1_19' title="bbox 474 1714 2067 1789">
    <p class='ocr_par' dir='ltr' id='par_1_19' title="bbox 474 1714 2067 1789">
     <span class='ocr_line' id='line_1_19' title="bbox 474 1714 2067 1789; baseline -0.005 -14"><span class='ocrx_word' id='word_1_114' title='bbox 474 1736 589 1786; x_wconf 79' lang='grc' dir='ltr'><strong>τες,</strong></span> <span class='ocrx_word' id='word_1_115' title='bbox 609 1720 675 1774; x_wconf 80' lang='grc' dir='ltr'><strong>ἐκ</strong></span> <span class='ocrx_word' id='word_1_116' title='bbox 700 1717 952 1789; x_wconf 78' lang='grc' dir='ltr'><strong>Φοινίκης</strong></span> <span class='ocrx_word' id='word_1_117' title='bbox 978 1720 1046 1788; x_wconf 80' lang='grc' dir='ltr'><strong>τῇ</strong></span> <span class='ocrx_word' id='word_1_118' title='bbox 1073 1717 1223 1789; x_wconf 83' lang='grc' dir='ltr'>νήσῳ</span> <span class='ocrx_word' id='word_1_119' title='bbox 1253 1715 1693 1788; x_wconf 78' lang='grc' dir='ltr'><strong>προσϐάλλομεν,</strong></span> <span class='ocrx_word' id='word_1_120' title='bbox 1725 1716 1933 1769; x_wconf 77' lang='grc' dir='ltr'><strong>καὶτὸν</strong></span> <span class='ocrx_word' id='word_1_121' title='bbox 1953 1714 2067 1769; x_wconf 84' lang='grc' dir='ltr'><strong>Δα-</strong></span> 
     </span>
    </p>
   </div>
   <div class='ocr_carea' id='block_1_20' title="bbox 2155 525 3735 598">
    <p class='ocr_par' dir='ltr' id='par_1_20' title="bbox 2155 525 3735 598">
     <span class='ocr_line' id='line_1_20' title="bbox 2155 525 3735 598; baseline 0.003 -17"><span class='ocrx_word' id='word_1_122' title='bbox 2155 526 2332 583; x_wconf 87' lang='lat' dir='ltr'><strong>sibilis</strong></span> <span class='ocrx_word' id='word_1_123' title='bbox 2365 538 2484 583; x_wconf 89' lang='lat' dir='ltr'><strong>erat</strong></span> <span class='ocrx_word' id='word_1_124' title='bbox 2504 527 2873 593; x_wconf 61' lang='lat' dir='ltr'><strong>darmon‘ibus,</strong></span> <span class='ocrx_word' id='word_1_125' title='bbox 2890 536 2945 582; x_wconf 88' lang='lat' dir='ltr'><strong>et</strong></span> <span class='ocrx_word' id='word_1_126' title='bbox 2965 525 3398 598; x_wconf 79' lang='lat' dir='ltr'><strong>experimentum</strong></span> <span class='ocrx_word' id='word_1_127' title='bbox 3417 541 3605 582; x_wconf 84' lang='lat' dir='ltr'><strong>eorum</strong></span> <span class='ocrx_word' id='word_1_128' title='bbox 3625 531 3735 586; x_wconf 80' lang='lat' dir='ltr'><strong>tale</strong></span> 
     </span>
    </p>
   </div>
   <div class='ocr_carea' id='block_1_21' title="bbox 2156 618 3735 690">
    <p class='ocr_par' dir='ltr' id='par_1_21' title="bbox 2156 618 3735 690">
     <span class='ocr_line' id='line_1_21' title="bbox 2156 618 3735 690; baseline 0.001 -16"><span class='ocrx_word' id='word_1_129' title='bbox 2156 619 2225 674; x_wconf 90' lang='lat' dir='ltr'><strong>de</strong></span> <span class='ocrx_word' id='word_1_130' title='bbox 2268 626 2469 676; x_wconf 78' lang='lat' dir='ltr'><strong>caetero</strong></span> <span class='ocrx_word' id='word_1_131' title='bbox 2521 635 2634 676; x_wconf 87' lang='lat' dir='ltr'><strong>non</strong></span> <span class='ocrx_word' id='word_1_132' title='bbox 2687 618 2915 690; x_wconf 87' lang='lat' dir='ltr'><strong>accepit,</strong></span> <span class='ocrx_word' id='word_1_133' title='bbox 2971 619 3136 690; x_wconf 82' lang='lat' dir='ltr'><strong>quale</strong></span> <span class='ocrx_word' id='word_1_134' title='bbox 3183 626 3313 675; x_wconf 88' lang='lat' dir='ltr'><strong>ante</strong></span> <span class='ocrx_word' id='word_1_135' title='bbox 3360 618 3630 690; x_wconf 75' lang='lat' dir='ltr'><strong>refugium</strong></span> <span class='ocrx_word' id='word_1_136' title='bbox 3666 620 3735 675; x_wconf 89' lang='lat' dir='ltr'><strong>ad</strong></span> 
     </span>
    </p>
   </div>
   <div class='ocr_carea' id='block_1_22' title="bbox 2156 708 3745 784">
    <p class='ocr_par' dir='ltr' id='par_1_22' title="bbox 2156 708 3745 784">
     <span class='ocr_line' id='line_1_22' title="bbox 2156 708 3745 784; baseline -0.001 -17"><span class='ocrx_word' id='word_1_137' title='bbox 2156 710 2359 784; x_wconf 82' lang='lat' dir='ltr'><strong>Cyrum</strong></span> <span class='ocrx_word' id='word_1_138' title='bbox 2401 718 2458 767; x_wconf 87' lang='lat' dir='ltr'><strong>et</strong></span> <span class='ocrx_word' id='word_1_139' title='bbox 2508 708 2775 767; x_wconf 83' lang='lat' dir='ltr'><strong>Joannem</strong></span> <span class='ocrx_word' id='word_1_140' title='bbox 2819 716 3092 782; x_wconf 74' lang='lat' dir='ltr'><strong>martyras</strong></span> <span class='ocrx_word' id='word_1_141' title='bbox 3135 709 3442 781; x_wconf 87' lang='lat' dir='ltr'><strong>accipiebat</strong></span> <span class='ocrx_word' id='word_1_142' title='bbox 3505 710 3745 766; x_wconf 75' lang='lat' dir='ltr'><strong>factumr</strong></span> 
     </span>
    </p>
   </div>
   <div class='ocr_carea' id='block_1_23' title="bbox 2158 786 3739 874">
    <p class='ocr_par' dir='ltr' id='par_1_23' title="bbox 2158 786 3739 874">
     <span class='ocr_line' id='line_1_23' title="bbox 2158 786 3739 874; baseline -0.003 -15"><span class='ocrx_word' id='word_1_143' title='bbox 2158 801 2371 874; x_wconf 87' lang='lat' dir='ltr'><strong>Opinor</strong></span> <span class='ocrx_word' id='word_1_144' title='bbox 2397 786 2579 858; x_wconf 83' lang='lat' dir='ltr'><strong>autem</strong></span> <span class='ocrx_word' id='word_1_145' title='bbox 2612 809 2667 859; x_wconf 89' lang='lat' dir='ltr'><strong>et</strong></span> <span class='ocrx_word' id='word_1_146' title='bbox 2699 800 2871 874; x_wconf 86' lang='lat' dir='ltr'><strong>ipsam</strong></span> <span class='ocrx_word' id='word_1_147' title='bbox 2905 801 3010 858; x_wconf 87' lang='lat' dir='ltr'><strong>ltoc</strong></span> <span class='ocrx_word' id='word_1_148' title='bbox 3035 801 3306 857; x_wconf 89' lang='lat' dir='ltr'><strong>miraculo</strong></span> <span class='ocrx_word' id='word_1_149' title='bbox 3328 799 3656 872; x_wconf 82' lang='lat' dir='ltr'><strong>profecisse,</strong></span> <span class='ocrx_word' id='word_1_150' title='bbox 3686 799 3739 857; x_wconf 89' lang='lat' dir='ltr'><strong>si</strong></span> 
     </span>
    </p>
   </div>
   <div class='ocr_carea' id='block_1_24' title="bbox 2160 890 3740 964">
    <p class='ocr_par' dir='ltr' id='par_1_24' title="bbox 2160 890 3740 964">
     <span class='ocr_line' id='line_1_24' title="bbox 2160 890 3740 964; baseline -0.002 -14"><span class='ocrx_word' id='word_1_151' title='bbox 2160 893 2430 950; x_wconf 72' lang='lat' dir='ltr'><strong>duntaxat</strong></span> <span class='ocrx_word' id='word_1_152' title='bbox 2460 893 2728 949; x_wconf 78' lang='lat' dir='ltr'><strong>veraciter</strong></span> <span class='ocrx_word' id='word_1_153' title='bbox 2755 900 2876 948; x_wconf 89' lang='lat' dir='ltr'><strong>erat</strong></span> <span class='ocrx_word' id='word_1_154' title='bbox 2919 893 3067 959; x_wconf 84' lang='lat' dir='ltr'><strong>laesa,</strong></span> <span class='ocrx_word' id='word_1_155' title='bbox 3111 890 3198 948; x_wconf 89' lang='lat' dir='ltr'><strong>vel</strong></span> <span class='ocrx_word' id='word_1_156' title='bbox 3237 892 3282 948; x_wconf 90' lang='lat' dir='ltr'><strong>si</strong></span> <span class='ocrx_word' id='word_1_157' title='bbox 3331 906 3441 949; x_wconf 90' lang='lat' dir='ltr'><strong>non</strong></span> <span class='ocrx_word' id='word_1_158' title='bbox 3487 890 3740 964; x_wconf 76' lang='lat' dir='ltr'><strong>qutedam</strong></span> 
     </span>
    </p>
   </div>
   <div class='ocr_carea' id='block_1_25' title="bbox 2160 984 3741 1057">
    <p class='ocr_par' dir='ltr' id='par_1_25' title="bbox 2160 984 3741 1057">
     <span class='ocr_line' id='line_1_25' title="bbox 2160 984 3741 1057; baseline -0.001 -16"><span class='ocrx_word' id='word_1_159' title='bbox 2160 986 2317 1042; x_wconf 80' lang='lat' dir='ltr'><strong>valde</strong></span> <span class='ocrx_word' id='word_1_160' title='bbox 2348 985 2630 1042; x_wconf 87' lang='lat' dir='ltr'><strong>insensata</strong></span> <span class='ocrx_word' id='word_1_161' title='bbox 2653 994 2707 1041; x_wconf 90' lang='lat' dir='ltr'><strong>et</strong></span> <span class='ocrx_word' id='word_1_162' title='bbox 2732 986 2898 1057; x_wconf 90' lang='lat' dir='ltr'><strong>impia</strong></span> <span class='ocrx_word' id='word_1_163' title='bbox 2939 985 3171 1042; x_wconf 78' lang='lat' dir='ltr'><strong>exstitit.</strong></span> <span class='ocrx_word' id='word_1_164' title='bbox 3196 984 3372 1041; x_wconf 79' lang='lat' dir='ltr'><strong>Porro</strong></span> <span class='ocrx_word' id='word_1_165' title='bbox 3413 998 3514 1041; x_wconf 89' lang='lat' dir='ltr'><strong>nos</strong></span> <span class='ocrx_word' id='word_1_166' title='bbox 3559 993 3612 1041; x_wconf 89' lang='lat' dir='ltr'><strong>et</strong></span> <span class='ocrx_word' id='word_1_167' title='bbox 3649 984 3741 1040; x_wconf 85' lang='lat' dir='ltr'><strong>ltie</strong></span> 
     </span>
    </p>
   </div>
   <div class='ocr_carea' id='block_1_26' title="bbox 2162 1074 3738 1149">
    <p class='ocr_par' dir='ltr' id='par_1_26' title="bbox 2162 1074 3738 1149">
     <span class='ocr_line' id='line_1_26' title="bbox 2162 1074 3738 1149; baseline -0.003 -15"><span class='ocrx_word' id='word_1_168' title='bbox 2162 1077 2297 1145; x_wconf 86' lang='lat' dir='ltr'><strong>Deo,</strong></span> <span class='ocrx_word' id='word_1_169' title='bbox 2326 1085 2381 1134; x_wconf 93' lang='lat' dir='ltr'><strong>et</strong></span> <span class='ocrx_word' id='word_1_170' title='bbox 2404 1078 2657 1135; x_wconf 87' lang='lat' dir='ltr'><strong>miraculi</strong></span> <span class='ocrx_word' id='word_1_171' title='bbox 2691 1077 3075 1149; x_wconf 75' lang='lat' dir='ltr'><strong>opet-atoribus</strong></span> <span class='ocrx_word' id='word_1_172' title='bbox 3092 1077 3313 1142; x_wconf 81' lang='lat' dir='ltr'><strong>hvmnis</strong></span> <span class='ocrx_word' id='word_1_173' title='bbox 3334 1074 3738 1142; x_wconf 87' lang='lat' dir='ltr'><strong>benedicentes,</strong></span> 
     </span>
    </p>
   </div>
   <div class='ocr_carea' id='block_1_27' title="bbox 2166 1152 3744 1240">
    <p class='ocr_par' dir='ltr' id='par_1_27' title="bbox 2166 1152 3744 1240">
     <span class='ocr_line' id='line_1_27' title="bbox 2166 1152 3744 1240; baseline -0.004 -15"><span class='ocrx_word' id='word_1_174' title='bbox 2166 1168 2235 1225; x_wconf 86' lang='lat' dir='ltr'><strong>ad</strong></span> <span class='ocrx_word' id='word_1_175' title='bbox 2263 1169 2414 1225; x_wconf 83' lang='lat' dir='ltr'><strong>aliud</strong></span> <span class='ocrx_word' id='word_1_176' title='bbox 2439 1169 2764 1237; x_wconf 83' lang='lat' dir='ltr'><strong>miraculum</strong></span> <span class='ocrx_word' id='word_1_177' title='bbox 2807 1169 3052 1240; x_wconf 75' lang='lat' dir='ltr'><strong>linguam</strong></span> <span class='ocrx_word' id='word_1_178' title='bbox 3086 1183 3390 1230; x_wconf 70' lang='lat' dir='ltr'><strong>armemus,</strong></span> <span class='ocrx_word' id='word_1_179' title='bbox 3423 1152 3590 1237; x_wconf 80' lang='lat' dir='ltr'><strong>hujus</strong></span> <span class='ocrx_word' id='word_1_180' title='bbox 3646 1166 3744 1220; x_wconf 87' lang='lat' dir='ltr'><strong>ad-</strong></span> 
     </span>
    </p>
   </div>
   <div class='ocr_carea' id='block_1_28' title="bbox 2160 1261 3441 1334">
    <p class='ocr_par' dir='ltr' id='par_1_28' title="bbox 2160 1261 3441 1334">
     <span class='ocr_line' id='line_1_28' title="bbox 2160 1261 3441 1334; baseline -0.002 -19"><span class='ocrx_word' id='word_1_181' title='bbox 2160 1261 2373 1334; x_wconf 85' lang='lat' dir='ltr'><strong>jutores</strong></span> <span class='ocrx_word' id='word_1_182' title='bbox 2397 1262 2791 1317; x_wconf 73' lang='lat' dir='ltr'><strong>miraculorum</strong></span> <span class='ocrx_word' id='word_1_183' title='bbox 2828 1261 3116 1332; x_wconf 82' lang='lat' dir='ltr'><strong>operarios</strong></span> <span class='ocrx_word' id='word_1_184' title='bbox 3150 1261 3441 1315; x_wconf 80' lang='lat' dir='ltr'><strong>facientes.</strong></span> 
     </span>
    </p>
   </div>
   <div class='ocr_carea' id='block_1_29' title="bbox 2236 1372 3675 1499">
    <p class='ocr_par' dir='ltr' id='par_1_29' title="bbox 2236 1372 3675 1499">
     <span class='ocr_line' id='line_1_29' title="bbox 2236 1372 3675 1499; baseline -0.003 -71"><span class='ocrx_word' id='word_1_185' title='bbox 2236 1372 2348 1430; x_wconf 73' lang='lat' dir='ltr'><strong>LV.</strong></span> <span class='ocrx_word' id='word_1_186' title='bbox 2376 1374 2451 1429; x_wconf 82' lang='lat' dir='ltr'><strong>De</strong></span> <span class='ocrx_word' id='word_1_187' title='bbox 2478 1373 2750 1469; x_wconf 56' lang='lat' dir='ltr'><strong>Theodoro</strong></span> <span class='ocrx_word' id='word_1_188' title='bbox 2781 1374 3100 1499; x_wconf 51' lang='lat' dir='ltr'><strong>Cytlrgguq‘ui</strong></span> <span class='ocrx_word' id='word_1_189' title='bbox 3132 1391 3165 1428; x_wconf 84' lang='grc' dir='ltr'><strong>α</strong></span> <span class='ocrx_word' id='word_1_190' title='bbox 3195 1376 3369 1444; x_wconf 81' lang='lat' dir='ltr'><strong>magia</strong></span> <span class='ocrx_word' id='word_1_191' title='bbox 3395 1372 3569 1443; x_wconf 73' lang='lat' dir='ltr'><strong>facta:</strong></span> <span class='ocrx_word' id='word_1_192' title='bbox 3599 1384 3675 1427; x_wconf 82' lang='lat' dir='ltr'><strong>est</strong></span> 
     </span>
    </p>
   </div>
   <div class='ocr_carea' id='block_1_30' title="bbox 2641 1461 3073 1499">
    <p class='ocr_par' dir='ltr' id='par_1_30' title="bbox 2641 1461 3073 1499">
     <span class='ocr_line' id='line_1_30' title="bbox 2641 1461 3073 1499; baseline -0.014 3"><span class='ocrx_word' id='word_1_193' title='bbox 2641 1461 2655 1469; x_wconf 74' lang='grc'><strong>“</strong></span> <span class='ocrx_word' id='word_1_194' title='bbox 2866 1461 3073 1499; x_wconf 82' lang='lat' dir='ltr'><strong>tomus.</strong></span> 
     </span>
    </p>
   </div>
   <div class='ocr_carea' id='block_1_31' title="bbox 2238 1530 3747 1606">
    <p class='ocr_par' dir='ltr' id='par_1_31' title="bbox 2238 1530 3747 1606">
     <span class='ocr_line' id='line_1_31' title="bbox 2238 1530 3747 1606; baseline 0.001 -21"><span class='ocrx_word' id='word_1_195' title='bbox 2238 1530 2502 1589; x_wconf 65' lang='lat' dir='ltr'><strong>Phoenice</strong></span> <span class='ocrx_word' id='word_1_196' title='bbox 2544 1534 2794 1606; x_wconf 83' lang='lat' dir='ltr'><strong>proxima</strong></span> <span class='ocrx_word' id='word_1_197' title='bbox 2833 1534 3047 1606; x_wconf 84' lang='lat' dir='ltr'><strong>Cyprus</strong></span> <span class='ocrx_word' id='word_1_198' title='bbox 3102 1541 3304 1598; x_wconf 80' lang='lat' dir='ltr'><strong>exstat,</strong></span> <span class='ocrx_word' id='word_1_199' title='bbox 3361 1533 3747 1604; x_wconf 84' lang='lat' dir='ltr'><strong>interpositum</strong></span> 
     </span>
    </p>
   </div>
   <div class='ocr_carea' id='block_1_32' title="bbox 2169 1623 3750 1697">
    <p class='ocr_par' dir='ltr' id='par_1_32' title="bbox 2169 1623 3750 1697">
     <span class='ocr_line' id='line_1_32' title="bbox 2169 1623 3750 1697; baseline 0.001 -21"><span class='ocrx_word' id='word_1_200' title='bbox 2169 1623 2381 1681; x_wconf 85' lang='lat' dir='ltr'><strong>habens</strong></span> <span class='ocrx_word' id='word_1_201' title='bbox 2403 1626 2785 1695; x_wconf 89' lang='lat' dir='ltr'><strong>parthenicum</strong></span> <span class='ocrx_word' id='word_1_202' title='bbox 2807 1626 3054 1696; x_wconf 78' lang='lat' dir='ltr'><strong>pelagus,</strong></span> <span class='ocrx_word' id='word_1_203' title='bbox 3081 1623 3228 1695; x_wconf 88' lang='lat' dir='ltr'><strong>quod</strong></span> <span class='ocrx_word' id='word_1_204' title='bbox 3271 1623 3458 1679; x_wconf 90' lang='lat' dir='ltr'><strong>animo</strong></span> <span class='ocrx_word' id='word_1_205' title='bbox 3485 1625 3750 1697; x_wconf 88' lang='lat' dir='ltr'><strong>navigan-</strong></span> 
     </span>
    </p>
   </div>
   <div class='ocr_carea' id='block_1_33' title="bbox 2172 1713 3751 1786">
    <p class='ocr_par' dir='ltr' id='par_1_33' title="bbox 2172 1713 3751 1786">
     <span class='ocr_line' id='line_1_33' title="bbox 2172 1713 3751 1786; baseline -0.001 -16"><span class='ocrx_word' id='word_1_206' title='bbox 2172 1724 2277 1783; x_wconf 87' lang='lat' dir='ltr'><strong>tes,</strong></span> <span class='ocrx_word' id='word_1_207' title='bbox 2315 1731 2344 1771; x_wconf 90' lang='lat' dir='ltr'><strong>a</strong></span> <span class='ocrx_word' id='word_1_208' title='bbox 2396 1715 2657 1777; x_wconf 79' lang='lat' dir='ltr'><strong>thnice</strong></span> <span class='ocrx_word' id='word_1_209' title='bbox 2696 1716 2752 1771; x_wconf 93' lang='lat' dir='ltr'><strong>in</strong></span> <span class='ocrx_word' id='word_1_210' title='bbox 2796 1717 3039 1784; x_wconf 76' lang='lat' dir='ltr'><strong>insulam</strong></span> <span class='ocrx_word' id='word_1_211' title='bbox 3095 1716 3370 1782; x_wconf 76' lang='lat' dir='ltr'><strong>venimus,</strong></span> <span class='ocrx_word' id='word_1_212' title='bbox 3398 1726 3451 1771; x_wconf 91' lang='lat' dir='ltr'><strong>et</strong></span> <span class='ocrx_word' id='word_1_213' title='bbox 3492 1713 3751 1786; x_wconf 86' lang='lat' dir='ltr'><strong>Lapitltio</strong></span> 
     </span>
    </p>
   </div>
   <div class='ocr_carea' id='block_1_34' title="bbox 478 1805 2076 1882">
    <p class='ocr_par' dir='ltr' id='par_1_34' title="bbox 478 1805 2073 1882">
     <span class='ocr_line' id='line_1_34' title="bbox 478 1805 2073 1882; baseline -0.006 -15"><span class='ocrx_word' id='word_1_214' title='bbox 478 1812 660 1867; x_wconf 78' lang='grc' dir='ltr'><strong>πίθιον</strong></span> <span class='ocrx_word' id='word_1_215' title='bbox 690 1809 992 1881; x_wconf 80' lang='grc' dir='ltr'><strong>εὑρηκότες</strong></span> <span class='ocrx_word' id='word_1_216' title='bbox 1022 1809 1320 1882; x_wconf 84' lang='grc' dir='ltr'><strong>Θεόδωρον,</strong></span> <span class='ocrx_word' id='word_1_217' title='bbox 1347 1810 1440 1862; x_wconf 78' lang='grc' dir='ltr'><strong>καὶ</strong></span> <span class='ocrx_word' id='word_1_218' title='bbox 1468 1809 1536 1862; x_wconf 76' lang='grc' dir='ltr'><strong>τά</strong></span> <span class='ocrx_word' id='word_1_219' title='bbox 1571 1807 1692 1863; x_wconf 79' lang='grc' dir='ltr'><strong>κατ’</strong></span> <span class='ocrx_word' id='word_1_220' title='bbox 1718 1805 1881 1861; x_wconf 81' lang='grc' dir='ltr'><strong>αὐτὸν</strong></span> <span class='ocrx_word' id='word_1_221' title='bbox 1911 1807 2073 1879; x_wconf 82' lang='grc' dir='ltr'><strong>ἀκρι-</strong></span> 
     </span>
    </p>
   </div>
   <div class='ocr_carea' id='block_1_35' title="bbox 2176 1805 3752 1882">
    <p class='ocr_par' dir='ltr' id='par_1_35' title="bbox 2176 1805 3752 1877">
     <span class='ocr_line' id='line_1_35' title="bbox 2176 1805 3752 1877; baseline -0.001 -16"><span class='ocrx_word' id='word_1_222' title='bbox 2176 1806 2399 1862; x_wconf 86' lang='lat' dir='ltr'><strong>invento</strong></span> <span class='ocrx_word' id='word_1_223' title='bbox 2422 1805 2737 1870; x_wconf 87' lang='lat' dir='ltr'><strong>Theodoro,</strong></span> <span class='ocrx_word' id='word_1_224' title='bbox 2761 1814 2815 1863; x_wconf 91' lang='lat' dir='ltr'><strong>et</strong></span> <span class='ocrx_word' id='word_1_225' title='bbox 2841 1806 2927 1863; x_wconf 91' lang='lat' dir='ltr'><strong>his</strong></span> <span class='ocrx_word' id='word_1_226' title='bbox 2955 1821 3074 1877; x_wconf 67' lang='lat' dir='ltr'><strong>quae</strong></span> <span class='ocrx_word' id='word_1_227' title='bbox 3098 1805 3245 1861; x_wconf 90' lang='lat' dir='ltr'><strong>illius</strong></span> <span class='ocrx_word' id='word_1_228' title='bbox 3278 1813 3409 1861; x_wconf 87' lang='lat' dir='ltr'><strong>sunt</strong></span> <span class='ocrx_word' id='word_1_229' title='bbox 3443 1805 3752 1860; x_wconf 85' lang='lat' dir='ltr'><strong>districtius</strong></span> 
     </span>
    </p>
   </div>
   <div class='ocr_carea' id='block_1_36' title="bbox 478 1897 2069 1976">
    <p class='ocr_par' dir='ltr' id='par_1_36' title="bbox 478 1897 2069 1976">
     <span class='ocr_line' id='line_1_36' title="bbox 478 1897 2069 1976; baseline -0.004 -17"><span class='ocrx_word' id='word_1_230' title='bbox 478 1907 590 1971; x_wconf 83' lang='grc' dir='ltr'><strong>ϐὡς</strong></span> <span class='ocrx_word' id='word_1_231' title='bbox 630 1904 1050 1976; x_wconf 83' lang='grc' dir='ltr'><strong>ἐρευνήσαντες,</strong></span> <span class='ocrx_word' id='word_1_232' title='bbox 1091 1902 1229 1966; x_wconf 78' lang='grc' dir='ltr'><strong>πρὸς</strong></span> <span class='ocrx_word' id='word_1_233' title='bbox 1275 1901 1553 1972; x_wconf 78' lang='grc' dir='ltr'><strong>εὐφημίαν</strong></span> <span class='ocrx_word' id='word_1_234' title='bbox 1585 1899 1693 1954; x_wconf 81' lang='grc' dir='ltr'><strong>τῶν</strong></span> <span class='ocrx_word' id='word_1_235' title='bbox 1732 1897 2069 1969; x_wconf 86' lang='grc' dir='ltr'><strong>δεδρακότων</strong></span> 
     </span>
    </p>
   </div>
   <div class='ocr_carea' id='block_1_37' title="bbox 480 1990 2068 2070">
    <p class='ocr_par' dir='ltr' id='par_1_37' title="bbox 480 1990 2068 2070">
     <span class='ocr_line' id='line_1_37' title="bbox 480 1990 2068 2070; baseline -0.005 -17"><span class='ocrx_word' id='word_1_236' title='bbox 480 1997 915 2070; x_wconf 61' lang='grc' dir='ltr'><strong>συγγράψωμεν·</strong></span> <span class='ocrx_word' id='word_1_237' title='bbox 973 1996 1180 2066; x_wconf 82' lang='grc' dir='ltr'><strong>Ἰατρὸς</strong></span> <span class='ocrx_word' id='word_1_238' title='bbox 1217 1993 1432 2066; x_wconf 81' lang='grc' dir='ltr'><strong>ὑπῆρχε</strong></span> <span class='ocrx_word' id='word_1_239' title='bbox 1484 1993 1795 2066; x_wconf 87' lang='grc' dir='ltr'><strong>Θεόδωρος,</strong></span> <span class='ocrx_word' id='word_1_240' title='bbox 1828 1993 1921 2046; x_wconf 73' lang='grc' dir='ltr'><strong>καὶ</strong></span> <span class='ocrx_word' id='word_1_241' title='bbox 1969 1990 2068 2065; x_wconf 80' lang='grc' dir='ltr'><strong>τὴν</strong></span> 
     </span>
    </p>
   </div>
   <div class='ocr_carea' id='block_1_38' title="bbox 477 2076 2070 2162">
    <p class='ocr_par' dir='ltr' id='par_1_38' title="bbox 477 2076 2070 2162">
     <span class='ocr_line' id='line_1_38' title="bbox 477 2076 2070 2162; baseline -0.005 -18"><span class='ocrx_word' id='word_1_242' title='bbox 477 2090 672 2162; x_wconf 73' lang='grc' dir='ltr'><strong>τέχνην</strong></span> <span class='ocrx_word' id='word_1_243' title='bbox 714 2089 1025 2158; x_wconf 80' lang='grc' dir='ltr'><strong>εὐδόκιμος,</strong></span> <span class='ocrx_word' id='word_1_244' title='bbox 1057 2087 1153 2139; x_wconf 69' lang='grc' dir='ltr'><strong>καὶ</strong></span> <span class='ocrx_word' id='word_1_245' title='bbox 1197 2086 1284 2140; x_wconf 76' lang='grc' dir='ltr'><strong>διὰ</strong></span> <span class='ocrx_word' id='word_1_246' title='bbox 1328 2085 1486 2139; x_wconf 82' lang='grc' dir='ltr'><strong>τοῦτο</strong></span> <span class='ocrx_word' id='word_1_247' title='bbox 1516 2084 1865 2158; x_wconf 78' lang='grc' dir='ltr'><strong>περίφημοςο</strong></span> <span class='ocrx_word' id='word_1_248' title='bbox 1917 2076 2070 2147; x_wconf 72' lang='grc' dir='ltr'><strong>οὗτος</strong></span> 
     </span>
    </p>
   </div>
   <div class='ocr_carea' id='block_1_39' title="bbox 478 2172 2070 2253">
    <p class='ocr_par' dir='ltr' id='par_1_39' title="bbox 478 2172 2070 2253">
     <span class='ocr_line' id='line_1_39' title="bbox 478 2172 2070 2253; baseline -0.006 -16"><span class='ocrx_word' id='word_1_249' title='bbox 478 2182 590 2237; x_wconf 76' lang='grc' dir='ltr'><strong>ἀπὸ</strong></span> <span class='ocrx_word' id='word_1_250' title='bbox 624 2181 861 2253; x_wconf 81' lang='grc' dir='ltr'><strong>μαγείας</strong></span> <span class='ocrx_word' id='word_1_251' title='bbox 916 2178 1174 2248; x_wconf 82' lang='grc' dir='ltr'><strong>ἀκίνητος</strong></span> <span class='ocrx_word' id='word_1_252' title='bbox 1231 2176 1520 2246; x_wconf 85' lang='grc' dir='ltr'><strong>γίγνεται,</strong></span> <span class='ocrx_word' id='word_1_253' title='bbox 1570 2172 1666 2230; x_wconf 72' lang='grc' dir='ltr'>κοῦ.</span> <span class='ocrx_word' id='word_1_254' title='bbox 1715 2176 1811 2229; x_wconf 76' lang='grc' dir='ltr'><strong>τοῦ</strong></span> <span class='ocrx_word' id='word_1_255' title='bbox 1862 2175 2070 2239; x_wconf 80' lang='grc' dir='ltr'><strong>πάθους</strong></span> 
     </span>
    </p>
   </div>
   <div class='ocr_carea' id='block_1_40' title="bbox 478 2266 2068 2343">
    <p class='ocr_par' dir='ltr' id='par_1_40' title="bbox 478 2266 2068 2343">
     <span class='ocr_line' id='line_1_40' title="bbox 478 2266 2068 2343; baseline -0.006 -15"><span class='ocrx_word' id='word_1_256' title='bbox 478 2275 749 2343; x_wconf 81' lang='grc' dir='ltr'><strong>ἀγνοήσας</strong></span> <span class='ocrx_word' id='word_1_257' title='bbox 778 2272 840 2324; x_wconf 81' lang='grc' dir='ltr'><strong>τὸ</strong></span> <span class='ocrx_word' id='word_1_258' title='bbox 875 2271 1073 2336; x_wconf 73' lang='grc' dir='ltr'><strong>αἴτιον,</strong></span> <span class='ocrx_word' id='word_1_259' title='bbox 1109 2268 1305 2322; x_wconf 77' lang='grc' dir='ltr'><strong>ἑαυτὸν</strong></span> <span class='ocrx_word' id='word_1_260' title='bbox 1351 2267 1680 2338; x_wconf 80' lang='grc' dir='ltr'><strong>θεραπεύειν</strong></span> <span class='ocrx_word' id='word_1_261' title='bbox 1713 2266 2068 2331; x_wconf 79' lang='grc' dir='ltr'><strong>ἐσπούδαζεν,</strong></span> 
     </span>
    </p>
   </div>
   <div class='ocr_carea' id='block_1_41' title="bbox 481 2355 2072 2431">
    <p class='ocr_par' dir='ltr' id='par_1_41' title="bbox 481 2355 2072 2431">
     <span class='ocr_line' id='line_1_41' title="bbox 481 2355 2072 2431; baseline -0.004 -14"><span class='ocrx_word' id='word_1_262' title='bbox 481 2364 668 2417; x_wconf 82' lang='grc' dir='ltr'><strong>ἐκεῖνα</strong></span> <span class='ocrx_word' id='word_1_263' title='bbox 700 2361 891 2426; x_wconf 85' lang='grc' dir='ltr'><strong>ποιῶν,</strong></span> <span class='ocrx_word' id='word_1_264' title='bbox 925 2360 1074 2431; x_wconf 74' lang='grc' dir='ltr'><strong>ἅπερ</strong></span> <span class='ocrx_word' id='word_1_265' title='bbox 1104 2358 1270 2412; x_wconf 77' lang='grc' dir='ltr'><strong>αὐτὸν</strong></span> <span class='ocrx_word' id='word_1_266' title='bbox 1310 2357 1581 2430; x_wconf 82' lang='grc' dir='ltr'><strong>ἰατρεύειν</strong></span> <span class='ocrx_word' id='word_1_267' title='bbox 1609 2356 1883 2427; x_wconf 80' lang='grc' dir='ltr'><strong>ἐνόμιζεν,</strong></span> <span class='ocrx_word' id='word_1_268' title='bbox 1914 2355 2009 2410; x_wconf 65' lang='grc' dir='ltr'><strong>καὶ</strong></span> <span class='ocrx_word' id='word_1_269' title='bbox 2036 2355 2072 2411; x_wconf 77' lang='grc' dir='ltr'><strong>ἀ</strong></span> 
     </span>
    </p>
   </div>
   <div class='ocr_carea' id='block_1_42' title="bbox 484 2446 2070 2522">
    <p class='ocr_par' dir='ltr' id='par_1_42' title="bbox 484 2446 2070 2522">
     <span class='ocr_line' id='line_1_42' title="bbox 484 2446 2070 2522; baseline -0.004 -16"><span class='ocrx_word' id='word_1_270' title='bbox 484 2452 752 2516; x_wconf 74' lang='grc' dir='ltr'><strong>παθόντας</strong></span> <span class='ocrx_word' id='word_1_271' title='bbox 781 2452 1022 2522; x_wconf 83' lang='grc' dir='ltr'><strong>ἐτέρους,</strong></span> <span class='ocrx_word' id='word_1_272' title='bbox 1073 2449 1133 2504; x_wconf 83' lang='grc' dir='ltr'><strong>οὐ</strong></span> <span class='ocrx_word' id='word_1_273' title='bbox 1185 2447 1443 2518; x_wconf 84' lang='grc' dir='ltr'><strong>μαγείαν,</strong></span> <span class='ocrx_word' id='word_1_274' title='bbox 1493 2446 1610 2503; x_wconf 81' lang='grc' dir='ltr'><strong>ἀλλ’</strong></span> <span class='ocrx_word' id='word_1_275' title='bbox 1644 2447 1844 2519; x_wconf 80' lang='grc' dir='ltr'><strong>ἀργίαν</strong></span> <span class='ocrx_word' id='word_1_276' title='bbox 1871 2446 2070 2517; x_wconf 85' lang='grc' dir='ltr'><strong>μελῶν,</strong></span> 
     </span>
    </p>
   </div>
   <div class='ocr_carea' id='block_1_43' title="bbox 425 2536 2073 2614">
    <p class='ocr_par' dir='ltr' id='par_1_43' title="bbox 425 2536 2073 2614">
     <span class='ocr_line' id='line_1_43' title="bbox 425 2536 2073 2614; baseline -0.005 -17"><span class='ocrx_word' id='word_1_277' title='bbox 425 2557 439 2570; x_wconf 86' lang='lat'><strong>&#39;</strong></span> <span class='ocrx_word' id='word_1_278' title='bbox 483 2543 859 2614; x_wconf 82' lang='grc' dir='ltr'><strong>προσενέγκας</strong></span> <span class='ocrx_word' id='word_1_279' title='bbox 915 2541 1238 2611; x_wconf 57' lang='grc' dir='ltr'><strong>ὠφέλησεν</strong></span> <span class='ocrx_word' id='word_1_280' title='bbox 1305 2538 1423 2593; x_wconf 85' lang='grc' dir='ltr'><strong>ἀλλ’</strong></span> <span class='ocrx_word' id='word_1_281' title='bbox 1464 2537 1541 2601; x_wconf 85' lang='grc' dir='ltr'><strong>ὡς</strong></span> <span class='ocrx_word' id='word_1_282' title='bbox 1606 2536 1784 2591; x_wconf 89' lang='grc' dir='ltr'><strong>πάντα</strong></span> <span class='ocrx_word' id='word_1_283' title='bbox 1837 2538 2073 2607; x_wconf 81' lang='grc' dir='ltr'><strong>ποιήσας</strong></span> 
     </span>
    </p>
   </div>
   <div class='ocr_carea' id='block_1_44' title="bbox 483 2627 2076 2703">
    <p class='ocr_par' dir='ltr' id='par_1_44' title="bbox 483 2627 2076 2703">
     <span class='ocr_line' id='line_1_44' title="bbox 483 2627 2076 2703; baseline -0.004 -16"><span class='ocrx_word' id='word_1_284' title='bbox 483 2631 663 2702; x_wconf 81' lang='grc' dir='ltr'><strong>ἐαυτῷ</strong></span> <span class='ocrx_word' id='word_1_285' title='bbox 689 2633 790 2703; x_wconf 85' lang='grc' dir='ltr'><strong>τῆς</strong></span> <span class='ocrx_word' id='word_1_286' title='bbox 822 2632 980 2685; x_wconf 87' lang='grc' dir='ltr'><strong>νόσου</strong></span> <span class='ocrx_word' id='word_1_287' title='bbox 1007 2629 1109 2702; x_wconf 78' lang='grc' dir='ltr'><strong>τὴν</strong></span> <span class='ocrx_word' id='word_1_288' title='bbox 1136 2628 1313 2700; x_wconf 67' lang='grc' dir='ltr'><strong>φυγὴν</strong></span> <span class='ocrx_word' id='word_1_289' title='bbox 1344 2627 1447 2681; x_wconf 82' lang='grc' dir='ltr'><strong>οὐκ</strong></span> <span class='ocrx_word' id='word_1_290' title='bbox 1477 2627 1832 2700; x_wconf 87' lang='grc' dir='ltr'><strong>ἐϐράϐευσεν,</strong></span> <span class='ocrx_word' id='word_1_291' title='bbox 1861 2628 1960 2698; x_wconf 80' lang='grc' dir='ltr'><strong>τῆς</strong></span> <span class='ocrx_word' id='word_1_292' title='bbox 1987 2629 2076 2682; x_wconf 82' lang='grc' dir='ltr'><strong>τέ-</strong></span> 
     </span>
    </p>
   </div>
   <div class='ocr_carea' id='block_1_45' title="bbox 484 2718 2077 2796">
    <p class='ocr_par' dir='ltr' id='par_1_45' title="bbox 484 2718 2077 2796">
     <span class='ocr_line' id='line_1_45' title="bbox 484 2718 2077 2796; baseline -0.003 -21"><span class='ocrx_word' id='word_1_293' title='bbox 484 2741 618 2796; x_wconf 83' lang='grc' dir='ltr'><strong>χνης</strong></span> <span class='ocrx_word' id='word_1_294' title='bbox 662 2721 923 2791; x_wconf 81' lang='grc' dir='ltr'><strong>ἐγνωκὼς</strong></span> <span class='ocrx_word' id='word_1_295' title='bbox 973 2722 1075 2793; x_wconf 80' lang='grc' dir='ltr'><strong>τὴν</strong></span> <span class='ocrx_word' id='word_1_296' title='bbox 1121 2720 1431 2787; x_wconf 84' lang='grc' dir='ltr'><strong>ἀσθένειαν,</strong></span> <span class='ocrx_word' id='word_1_297' title='bbox 1465 2718 1651 2792; x_wconf 86' lang='grc' dir='ltr'><strong>Κύρου</strong></span> <span class='ocrx_word' id='word_1_298' title='bbox 1687 2718 1938 2792; x_wconf 84' lang='grc' dir='ltr'><strong>πρόσφυξ</strong></span> <span class='ocrx_word' id='word_1_299' title='bbox 1980 2718 2077 2773; x_wconf 76' lang='grc' dir='ltr'><strong>καὶ</strong></span> 
     </span>
    </p>
   </div>
   <div class='ocr_carea' id='block_1_46' title="bbox 497 2808 2077 2881">
    <p class='ocr_par' dir='ltr' id='par_1_46' title="bbox 497 2808 2077 2881">
     <span class='ocr_line' id='line_1_46' title="bbox 497 2808 2077 2881; baseline -0.003 -15"><span class='ocrx_word' id='word_1_300' title='bbox 497 2812 744 2881; x_wconf 81' lang='grc' dir='ltr'><strong>Ἰωάννου</strong></span> <span class='ocrx_word' id='word_1_301' title='bbox 776 2809 1121 2879; x_wconf 87' lang='grc' dir='ltr'><strong>καθίσταται,</strong></span> <span class='ocrx_word' id='word_1_302' title='bbox 1154 2809 1262 2865; x_wconf 81' lang='grc' dir='ltr'><strong>τῶν</strong></span> <span class='ocrx_word' id='word_1_303' title='bbox 1306 2809 1646 2879; x_wconf 80' lang='grc' dir='ltr'><strong>φυγαδεῦσαι</strong></span> <span class='ocrx_word' id='word_1_304' title='bbox 1674 2808 1988 2880; x_wconf 78' lang='grc' dir='ltr'><strong>δυναμένων</strong></span> <span class='ocrx_word' id='word_1_305' title='bbox 2013 2811 2077 2865; x_wconf 81' lang='grc' dir='ltr'><strong>τὸ</strong></span> 
     </span>
    </p>
   </div>
   <div class='ocr_carea' id='block_1_47' title="bbox 485 2902 2004 2977">
    <p class='ocr_par' dir='ltr' id='par_1_47' title="bbox 485 2902 2004 2977">
     <span class='ocr_line' id='line_1_47' title="bbox 485 2902 2004 2977; baseline -0.004 -17"><span class='ocrx_word' id='word_1_306' title='bbox 485 2902 700 2977; x_wconf 77' lang='grc' dir='ltr'><strong>νόσημα</strong></span> <span class='ocrx_word' id='word_1_307' title='bbox 726 2941 741 2969; x_wconf 94' lang='grc'><strong>,</strong></span> <span class='ocrx_word' id='word_1_308' title='bbox 784 2902 878 2956; x_wconf 72' lang='grc' dir='ltr'><strong>καὶ</strong></span> <span class='ocrx_word' id='word_1_309' title='bbox 920 2902 1257 2974; x_wconf 69' lang='grc' dir='ltr'><strong>χαρίσασθαι</strong></span> <span class='ocrx_word' id='word_1_310' title='bbox 1297 2902 1376 2974; x_wconf 82' lang='grc' dir='ltr'><strong>τῷ</strong></span> <span class='ocrx_word' id='word_1_311' title='bbox 1414 2902 1659 2957; x_wconf 82' lang='grc' dir='ltr'><strong>νοσοῦντι</strong></span> <span class='ocrx_word' id='word_1_312' title='bbox 1696 2902 1798 2976; x_wconf 81' lang='grc' dir='ltr'><strong>τὴν</strong></span> <span class='ocrx_word' id='word_1_313' title='bbox 1837 2903 2004 2958; x_wconf 80' lang='grc' dir='ltr'><strong>ἴασιν.</strong></span> 
     </span>
    </p>
   </div>
   <div class='ocr_carea' id='block_1_48' title="bbox 556 2988 2075 3063">
    <p class='ocr_par' dir='ltr' id='par_1_48' title="bbox 556 2988 2075 3063">
     <span class='ocr_line' id='line_1_48' title="bbox 556 2988 2075 3063; baseline 0 -18"><span class='ocrx_word' id='word_1_314' title='bbox 556 2989 807 3045; x_wconf 84' lang='grc' dir='ltr'><strong>Ἐλθόντι</strong></span> <span class='ocrx_word' id='word_1_315' title='bbox 835 2990 945 3061; x_wconf 83' lang='grc' dir='ltr'><strong>γάρ</strong></span> <span class='ocrx_word' id='word_1_316' title='bbox 976 2989 1122 3063; x_wconf 86' lang='grc' dir='ltr'><strong>αύτῷ</strong></span> <span class='ocrx_word' id='word_1_317' title='bbox 1157 2989 1279 3044; x_wconf 86' lang='grc' dir='ltr'><strong>καθ’</strong></span> <span class='ocrx_word' id='word_1_318' title='bbox 1316 2988 1483 3044; x_wconf 83' lang='grc' dir='ltr'><strong>’ύπνον</strong></span> <span class='ocrx_word' id='word_1_319' title='bbox 1526 2992 1574 3043; x_wconf 82' lang='lat' dir='ltr'><strong>oi</strong></span> <span class='ocrx_word' id='word_1_320' title='bbox 1620 2990 1899 3063; x_wconf 88' lang='grc' dir='ltr'><strong>μάρτυρες</strong></span> <span class='ocrx_word' id='word_1_321' title='bbox 1947 2989 2075 3061; x_wconf 82' lang='grc' dir='ltr'><strong>φαί-</strong></span> 
     </span>
    </p>
   </div>
   <div class='ocr_carea' id='block_1_49' title="bbox 487 3080 2077 3165">
    <p class='ocr_par' dir='ltr' id='par_1_49' title="bbox 487 3080 2077 3165">
     <span class='ocr_line' id='line_1_49' title="bbox 487 3080 2077 3165; baseline -0.001 -27"><span class='ocrx_word' id='word_1_322' title='bbox 487 3099 708 3150; x_wconf 89' lang='grc' dir='ltr'><strong>νονται,</strong></span> <span class='ocrx_word' id='word_1_323' title='bbox 743 3085 840 3136; x_wconf 73' lang='grc' dir='ltr'><strong>καὶ</strong></span> <span class='ocrx_word' id='word_1_324' title='bbox 887 3083 1161 3165; x_wconf 52' lang='grc' dir='ltr'><strong>φανέντες.</strong></span> <span class='ocrx_word' id='word_1_325' title='bbox 1198 3080 1262 3135; x_wconf 80' lang='grc' dir='ltr'><strong>τὸ</strong></span> <span class='ocrx_word' id='word_1_326' title='bbox 1310 3081 1482 3157; x_wconf 86' lang='grc' dir='ltr'><strong>πάθος</strong></span> <span class='ocrx_word' id='word_1_327' title='bbox 1527 3080 1689 3147; x_wconf 80' lang='grc' dir='ltr'><strong>εὐθὺς</strong></span> <span class='ocrx_word' id='word_1_328' title='bbox 1740 3083 2077 3154; x_wconf 85' lang='grc' dir='ltr'><strong>φυγαδεύου-</strong></span> 
     </span>
    </p>
   </div>
   <div class='ocr_carea' id='block_1_50' title="bbox 491 3159 2143 3251">
    <p class='ocr_par' dir='ltr' id='par_1_50' title="bbox 491 3159 2143 3251">
     <span class='ocr_line' id='line_1_50' title="bbox 491 3159 2143 3251; baseline 0 -20"><span class='ocrx_word' id='word_1_329' title='bbox 491 3193 597 3234; x_wconf 90' lang='grc' dir='ltr'><strong>σιν.</strong></span> <span class='ocrx_word' id='word_1_330' title='bbox 651 3174 807 3249; x_wconf 72' lang='lat'><strong>[(52)</strong></span> <span class='ocrx_word' id='word_1_331' title='bbox 868 3176 992 3240; x_wconf 85' lang='grc' dir='ltr'><strong>Ὑὸς</strong></span> <span class='ocrx_word' id='word_1_332' title='bbox 1039 3159 1319 3246; x_wconf 81' lang='grc' dir='ltr'><strong>πνεύμονα</strong></span> <span class='ocrx_word' id='word_1_333' title='bbox 1353 3174 1537 3229; x_wconf 89' lang='grc' dir='ltr'><strong>λαϐεῖν</strong></span> <span class='ocrx_word' id='word_1_334' title='bbox 1589 3176 1873 3231; x_wconf 86' lang='grc' dir='ltr'><strong>κελεύουσι</strong></span> <span class='ocrx_word' id='word_1_335' title='bbox 1899 3176 1939 3251; x_wconf 87' lang='grc'><strong>,]</strong></span> <span class='ocrx_word' id='word_1_336' title='bbox 1975 3177 2072 3233; x_wconf 72' lang='grc' dir='ltr'><strong>καὶ</strong></span> <span class='ocrx_word' id='word_1_337' title='bbox 2098 3159 2143 3222; x_wconf 76' lang='lat' dir='ltr'><strong><em>C</em></strong></span> 
     </span>
    </p>
   </div>
   <div class='ocr_carea' id='block_1_51' title="bbox 491 3266 2074 3340">
    <p class='ocr_par' dir='ltr' id='par_1_51' title="bbox 491 3266 2074 3340">
     <span class='ocr_line' id='line_1_51' title="bbox 491 3266 2074 3340; baseline 0.003 -19"><span class='ocrx_word' id='word_1_338' title='bbox 491 3269 693 3340; x_wconf 82' lang='grc' dir='ltr'><strong>φρύξαι</strong></span> <span class='ocrx_word' id='word_1_339' title='bbox 739 3267 911 3338; x_wconf 75' lang='grc' dir='ltr'><strong>πυρὸς</strong></span> <span class='ocrx_word' id='word_1_340' title='bbox 965 3266 1157 3322; x_wconf 82' lang='grc' dir='ltr'><strong>τοῦτον</strong></span> <span class='ocrx_word' id='word_1_341' title='bbox 1214 3269 1273 3321; x_wconf 78' lang='grc' dir='ltr'><strong>ἐν</strong></span> <span class='ocrx_word' id='word_1_342' title='bbox 1329 3266 1607 3339; x_wconf 79' lang='grc' dir='ltr'><strong>ἄνθραξιν,</strong></span> <span class='ocrx_word' id='word_1_343' title='bbox 1647 3270 1740 3323; x_wconf 80' lang='grc' dir='ltr'><strong>καὶ</strong></span> <span class='ocrx_word' id='word_1_344' title='bbox 1793 3270 2074 3340; x_wconf 77' lang='grc' dir='ltr'><strong>φρυγέντα</strong></span> 
     </span>
    </p>
   </div>
   <div class='ocr_carea' id='block_1_52' title="bbox 494 3356 2076 3433">
    <p class='ocr_par' dir='ltr' id='par_1_52' title="bbox 494 3356 2076 3433">
     <span class='ocr_line' id='line_1_52' title="bbox 494 3356 2076 3433; baseline -0.001 -18"><span class='ocrx_word' id='word_1_345' title='bbox 494 3362 593 3417; x_wconf 82' lang='grc' dir='ltr'><strong>σὺν</strong></span> <span class='ocrx_word' id='word_1_346' title='bbox 619 3360 750 3432; x_wconf 83' lang='grc' dir='ltr'><strong>οίνῳ</strong></span> <span class='ocrx_word' id='word_1_347' title='bbox 802 3362 993 3413; x_wconf 82' lang='grc' dir='ltr'><strong>λεᾶναι</strong></span> <span class='ocrx_word' id='word_1_348' title='bbox 1053 3359 1148 3412; x_wconf 78' lang='grc' dir='ltr'><strong>καὶ</strong></span> <span class='ocrx_word' id='word_1_349' title='bbox 1203 3356 1413 3429; x_wconf 90' lang='grc' dir='ltr'><strong>χρίσαι.</strong></span> <span class='ocrx_word' id='word_1_350' title='bbox 1476 3358 1696 3431; x_wconf 81' lang='grc' dir='ltr'><strong>Ἐπειδὴ</strong></span> <span class='ocrx_word' id='word_1_351' title='bbox 1725 3360 1784 3414; x_wconf 83' lang='grc' dir='ltr'><strong>δὲ</strong></span> <span class='ocrx_word' id='word_1_352' title='bbox 1837 3361 1937 3432; x_wconf 78' lang='grc' dir='ltr'><strong>τὴν</strong></span> <span class='ocrx_word' id='word_1_353' title='bbox 1975 3362 2076 3433; x_wconf 85' lang='grc' dir='ltr'><strong>χά-</strong></span> 
     </span>
    </p>
   </div>
   <div class='ocr_carea' id='block_1_53' title="bbox 494 3451 2076 3527">
    <p class='ocr_par' dir='ltr' id='par_1_53' title="bbox 494 3451 2076 3527">
     <span class='ocr_line' id='line_1_53' title="bbox 494 3451 2076 3527; baseline -0.001 -19"><span class='ocrx_word' id='word_1_354' title='bbox 494 3472 581 3527; x_wconf 91' lang='grc' dir='ltr'><strong>ριν</strong></span> <span class='ocrx_word' id='word_1_355' title='bbox 623 3452 733 3507; x_wconf 76' lang='grc' dir='ltr'><strong>ἒδει</strong></span> <span class='ocrx_word' id='word_1_356' title='bbox 779 3453 854 3526; x_wconf 72' lang='grc' dir='ltr'><strong>μὴ</strong></span> <span class='ocrx_word' id='word_1_357' title='bbox 888 3452 1056 3523; x_wconf 81' lang='grc' dir='ltr'><strong>ἀτελῆ</strong></span> <span class='ocrx_word' id='word_1_358' title='bbox 1102 3452 1229 3516; x_wconf 79' lang='grc' dir='ltr'><strong>τοὺς</strong></span> <span class='ocrx_word' id='word_1_359' title='bbox 1274 3451 1464 3521; x_wconf 83' lang='grc' dir='ltr'><strong>ἁγίους</strong></span> <span class='ocrx_word' id='word_1_360' title='bbox 1505 3451 1893 3526; x_wconf 69' lang='grc' dir='ltr'><strong>δωρήσασθαι,</strong></span> <span class='ocrx_word' id='word_1_361' title='bbox 1947 3453 2076 3508; x_wconf 80' lang='grc' dir='ltr'><strong>Θεόο</strong></span> 
     </span>
    </p>
   </div>
   <div class='ocr_carea' id='block_1_54' title="bbox 491 3543 2076 3618">
    <p class='ocr_par' dir='ltr' id='par_1_54' title="bbox 491 3543 2076 3618">
     <span class='ocr_line' id='line_1_54' title="bbox 491 3543 2076 3618; baseline 0.001 -19"><span class='ocrx_word' id='word_1_362' title='bbox 491 3544 663 3618; x_wconf 87' lang='grc' dir='ltr'><strong>δωρον</strong></span> <span class='ocrx_word' id='word_1_363' title='bbox 716 3544 817 3617; x_wconf 84' lang='grc' dir='ltr'><strong>μὲν</strong></span> <span class='ocrx_word' id='word_1_364' title='bbox 868 3545 985 3608; x_wconf 86' lang='grc' dir='ltr'><strong>τοῖς</strong></span> <span class='ocrx_word' id='word_1_365' title='bbox 1038 3543 1357 3615; x_wconf 77' lang='grc' dir='ltr'><strong>εἰρημένοις</strong></span> <span class='ocrx_word' id='word_1_366' title='bbox 1411 3545 1633 3600; x_wconf 83' lang='grc' dir='ltr'><strong>ίάσαντο</strong></span> <span class='ocrx_word' id='word_1_367' title='bbox 1692 3544 2076 3617; x_wconf 74' lang='grc' dir='ltr'><strong>βοηθήμασινι</strong></span> 
     </span>
    </p>
   </div>
   <div class='ocr_carea' id='block_1_55' title="bbox 492 3629 2080 3710">
    <p class='ocr_par' dir='ltr' id='par_1_55' title="bbox 492 3629 2080 3710">
     <span class='ocr_line' id='line_1_55' title="bbox 492 3629 2080 3710; baseline -0.003 -21"><span class='ocrx_word' id='word_1_368' title='bbox 492 3635 860 3706; x_wconf 86' lang='grc' dir='ltr'><strong>γνωρίσαντες</strong></span> <span class='ocrx_word' id='word_1_369' title='bbox 881 3631 939 3686; x_wconf 80' lang='grc' dir='ltr'><strong>δέ</strong></span> <span class='ocrx_word' id='word_1_370' title='bbox 969 3632 1062 3686; x_wconf 82' lang='grc' dir='ltr'><strong>τὸν</strong></span> <span class='ocrx_word' id='word_1_371' title='bbox 1097 3631 1475 3704; x_wconf 85' lang='grc' dir='ltr'><strong>μαγεύσαντα,</strong></span> <span class='ocrx_word' id='word_1_372' title='bbox 1502 3629 1688 3686; x_wconf 76' lang='grc' dir='ltr'><strong>καὶτὰ</strong></span> <span class='ocrx_word' id='word_1_373' title='bbox 1718 3631 1820 3702; x_wconf 79' lang='grc' dir='ltr'><strong>τῆς</strong></span> <span class='ocrx_word' id='word_1_374' title='bbox 1845 3631 2080 3710; x_wconf 84' lang='grc' dir='ltr'><strong>μαγείας</strong></span> 
     </span>
    </p>
   </div>
   <div class='ocr_carea' id='block_1_56' title="bbox 494 3722 2079 3799">
    <p class='ocr_par' dir='ltr' id='par_1_56' title="bbox 494 3722 2079 3799">
     <span class='ocr_line' id='line_1_56' title="bbox 494 3722 2079 3799; baseline -0.003 -18"><span class='ocrx_word' id='word_1_375' title='bbox 494 3725 941 3799; x_wconf 87' lang='grc' dir='ltr'><strong>θεραπεύσαντες</strong></span> <span class='ocrx_word' id='word_1_376' title='bbox 988 3723 1203 3797; x_wconf 77' lang='grc' dir='ltr'><strong>δργανα</strong></span> <span class='ocrx_word' id='word_1_377' title='bbox 1232 3763 1247 3790; x_wconf 93' lang='grc'><strong>,</strong></span> <span class='ocrx_word' id='word_1_378' title='bbox 1289 3723 1383 3778; x_wconf 72' lang='grc' dir='ltr'><strong>τὸν</strong></span> <span class='ocrx_word' id='word_1_379' title='bbox 1429 3722 1728 3795; x_wconf 86' lang='grc' dir='ltr'><strong>δεδρακότα</strong></span> <span class='ocrx_word' id='word_1_380' title='bbox 1773 3722 1895 3777; x_wconf 82' lang='grc' dir='ltr'><strong>κατ’</strong></span> <span class='ocrx_word' id='word_1_381' title='bbox 1920 3723 2079 3789; x_wconf 79' lang='grc' dir='ltr'><strong>ἀξίαν</strong></span> 
     </span>
    </p>
   </div>
   <div class='ocr_carea' id='block_1_57' title="bbox 494 3812 2078 3890">
    <p class='ocr_par' dir='ltr' id='par_1_57' title="bbox 494 3812 2078 3890">
     <span class='ocr_line' id='line_1_57' title="bbox 494 3812 2078 3890; baseline -0.003 -18"><span class='ocrx_word' id='word_1_382' title='bbox 494 3817 853 3890; x_wconf 66' lang='grc' dir='ltr'><strong>ἀμείϐονταν</strong></span> <span class='ocrx_word' id='word_1_383' title='bbox 907 3817 997 3870; x_wconf 85' lang='grc' dir='ltr'><strong>ὅτε</strong></span> <span class='ocrx_word' id='word_1_384' title='bbox 1056 3816 1168 3888; x_wconf 83' lang='grc' dir='ltr'><strong>γὰρ</strong></span> <span class='ocrx_word' id='word_1_385' title='bbox 1213 3815 1540 3871; x_wconf 87' lang='grc' dir='ltr'><strong>ἐνσκευάσαι</strong></span> <span class='ocrx_word' id='word_1_386' title='bbox 1588 3812 1852 3887; x_wconf 68' lang='grc' dir='ltr'><strong>Θεοδώρῳ</strong></span> <span class='ocrx_word' id='word_1_387' title='bbox 1905 3832 2078 3887; x_wconf 83' lang='grc' dir='ltr'><strong>προσ-</strong></span> 
     </span>
    </p>
   </div>
   <div class='ocr_carea' id='block_1_58' title="bbox 494 3907 2082 3980">
    <p class='ocr_par' dir='ltr' id='par_1_58' title="bbox 494 3907 2082 3980">
     <span class='ocr_line' id='line_1_58' title="bbox 494 3907 2082 3980; baseline -0.001 -17"><span class='ocrx_word' id='word_1_388' title='bbox 494 3911 721 3965; x_wconf 82' lang='grc' dir='ltr'><strong>έταττον</strong></span> <span class='ocrx_word' id='word_1_389' title='bbox 755 3908 816 3963; x_wconf 82' lang='grc' dir='ltr'><strong>τὸ</strong></span> <span class='ocrx_word' id='word_1_390' title='bbox 842 3908 1121 3980; x_wconf 83' lang='grc' dir='ltr'><strong>βοήθημα,</strong></span> <span class='ocrx_word' id='word_1_391' title='bbox 1153 3908 1247 3963; x_wconf 56' lang='grc' dir='ltr'><strong>καί⁵</strong></span> <span class='ocrx_word' id='word_1_392' title='bbox 1277 3908 1452 3978; x_wconf 85' lang='grc' dir='ltr'><strong>τούτῳ</strong></span> <span class='ocrx_word' id='word_1_393' title='bbox 1478 3907 1836 3978; x_wconf 89' lang='grc' dir='ltr'><strong>συνεμίγνυον</strong></span> <span class='ocrx_word' id='word_1_394' title='bbox 1870 3908 1949 3979; x_wconf 79' lang='grc' dir='ltr'><strong>τῷ</strong></span> <span class='ocrx_word' id='word_1_395' title='bbox 1989 3924 2082 3962; x_wconf 82' lang='grc' dir='ltr'><strong>κε-</strong></span> 
     </span>
    </p>
   </div>
   <div class='ocr_carea' id='block_1_59' title="bbox 494 3995 2081 4071">
    <p class='ocr_par' dir='ltr' id='par_1_59' title="bbox 494 3995 2081 4071">
     <span class='ocr_line' id='line_1_59' title="bbox 494 3995 2081 4071; baseline -0.001 -18"><span class='ocrx_word' id='word_1_396' title='bbox 494 3998 779 4071; x_wconf 89' lang='grc' dir='ltr'><strong>λεύσματι,</strong></span> <span class='ocrx_word' id='word_1_397' title='bbox 815 3995 1186 4063; x_wconf 83' lang='grc' dir='ltr'><strong>Ἀπόστειλον,</strong></span> <span class='ocrx_word' id='word_1_398' title='bbox 1214 3998 1485 4067; x_wconf 88' lang='grc' dir='ltr'><strong>λέγοντες,</strong></span> <span class='ocrx_word' id='word_1_399' title='bbox 1507 3997 1628 4052; x_wconf 84' lang='grc' dir='ltr'><strong>τινὰ</strong></span> <span class='ocrx_word' id='word_1_400' title='bbox 1648 3997 1755 4051; x_wconf 88' lang='grc' dir='ltr'><strong>τῶν</strong></span> <span class='ocrx_word' id='word_1_401' title='bbox 1784 4014 1870 4065; x_wconf 67' lang='grc' dir='ltr'><strong>σοιι</strong></span> <span class='ocrx_word' id='word_1_402' title='bbox 1896 3998 2081 4053; x_wconf 84' lang='grc' dir='ltr'><strong>διακο-</strong></span> 
     </span>
    </p>
   </div>
   <div class='ocr_carea' id='block_1_60' title="bbox 496 4084 2081 4161">
    <p class='ocr_par' dir='ltr' id='par_1_60' title="bbox 496 4084 2081 4161">
     <span class='ocr_line' id='line_1_60' title="bbox 496 4084 2081 4161; baseline -0.003 -17"><span class='ocrx_word' id='word_1_403' title='bbox 496 4088 773 4161; x_wconf 79' lang='grc' dir='ltr'><strong>νουμένων</strong></span> <span class='ocrx_word' id='word_1_404' title='bbox 802 4090 883 4151; x_wconf 85' lang='grc' dir='ltr'><strong>είς</strong></span> <span class='ocrx_word' id='word_1_405' title='bbox 926 4084 1190 4154; x_wconf 87' lang='grc' dir='ltr'><strong>Λάπιθον,</strong></span> <span class='ocrx_word' id='word_1_406' title='bbox 1217 4086 1312 4141; x_wconf 79' lang='grc' dir='ltr'><strong>καὶ</strong></span> <span class='ocrx_word' id='word_1_407' title='bbox 1338 4085 1444 4157; x_wconf 83' lang='grc' dir='ltr'><strong>πρὸ</strong></span> <span class='ocrx_word' id='word_1_408' title='bbox 1468 4084 1564 4139; x_wconf 84' lang='grc' dir='ltr'><strong>τοῦ</strong></span> <span class='ocrx_word' id='word_1_409' title='bbox 1593 4085 1848 4149; x_wconf 81' lang='grc' dir='ltr'><strong>κοιτῶνος</strong></span> <span class='ocrx_word' id='word_1_410' title='bbox 1867 4085 1960 4139; x_wconf 80' lang='grc' dir='ltr'><strong>τοῦ</strong></span> <span class='ocrx_word' id='word_1_411' title='bbox 1986 4084 2081 4139; x_wconf 83' lang='grc' dir='ltr'>σοῦ</span> 
     </span>
    </p>
   </div>
   <div class='ocr_carea' id='block_1_61' title="bbox 496 4175 2083 4251">
    <p class='ocr_par' dir='ltr' id='par_1_61' title="bbox 496 4175 2083 4251">
     <span class='ocr_line' id='line_1_61' title="bbox 496 4175 2083 4251; baseline -0.001 -18"><span class='ocrx_word' id='word_1_412' title='bbox 496 4178 646 4251; x_wconf 87' lang='grc' dir='ltr'><strong>παρὰ</strong></span> <span class='ocrx_word' id='word_1_413' title='bbox 671 4179 732 4233; x_wconf 83' lang='grc' dir='ltr'><strong>τὺ</strong></span> <span class='ocrx_word' id='word_1_414' title='bbox 763 4176 1039 4250; x_wconf 87' lang='grc' dir='ltr'><strong>πρόθυρον</strong></span> <span class='ocrx_word' id='word_1_415' title='bbox 1069 4176 1277 4248; x_wconf 73' lang='grc' dir='ltr'><strong>σκάψαι</strong></span> <span class='ocrx_word' id='word_1_416' title='bbox 1310 4175 1563 4242; x_wconf 81' lang='grc' dir='ltr'><strong>διάταξον</strong></span> <span class='ocrx_word' id='word_1_417' title='bbox 1594 4192 1606 4205; x_wconf 88' lang='grc'><strong>·</strong></span> <span class='ocrx_word' id='word_1_418' title='bbox 1643 4179 1823 4231; x_wconf 88' lang='grc' dir='ltr'><strong>ἐκεῖσε</strong></span> <span class='ocrx_word' id='word_1_419' title='bbox 1852 4177 1963 4249; x_wconf 85' lang='grc' dir='ltr'><strong>γάρ</strong></span> <span class='ocrx_word' id='word_1_420' title='bbox 1993 4178 2083 4231; x_wconf 85' lang='grc' dir='ltr'><strong>εύ-</strong></span> 
     </span>
    </p>
   </div>
   <div class='ocr_carea' id='block_1_62' title="bbox 499 4267 2081 4344">
    <p class='ocr_par' dir='ltr' id='par_1_62' title="bbox 499 4267 2081 4344">
     <span class='ocr_line' id='line_1_62' title="bbox 499 4267 2081 4344; baseline -0.003 -18"><span class='ocrx_word' id='word_1_421' title='bbox 499 4272 658 4344; x_wconf 79' lang='grc' dir='ltr'><strong>ρήσει</strong></span> <span class='ocrx_word' id='word_1_422' title='bbox 684 4271 746 4324; x_wconf 83' lang='grc' dir='ltr'><strong>τὸ</strong></span> <span class='ocrx_word' id='word_1_423' title='bbox 778 4270 873 4324; x_wconf 83' lang='grc' dir='ltr'><strong>τού</strong></span> <span class='ocrx_word' id='word_1_424' title='bbox 904 4269 1229 4341; x_wconf 84' lang='grc' dir='ltr'><strong>δεδρακότος</strong></span> <span class='ocrx_word' id='word_1_425' title='bbox 1263 4267 1653 4341; x_wconf 87' lang='grc' dir='ltr'><strong>κακούργημα,</strong></span> <span class='ocrx_word' id='word_1_426' title='bbox 1687 4268 1793 4322; x_wconf 83' lang='grc' dir='ltr'><strong>ὑπὸ</strong></span> <span class='ocrx_word' id='word_1_427' title='bbox 1835 4268 1897 4323; x_wconf 83' lang='grc' dir='ltr'><strong>τὸ</strong></span> <span class='ocrx_word' id='word_1_428' title='bbox 1946 4270 2081 4339; x_wconf 87' lang='grc' dir='ltr'><strong>πρό-</strong></span> 
     </span>
    </p>
   </div>
   <div class='ocr_carea' id='block_1_63' title="bbox 495 4358 2079 4433">
    <p class='ocr_par' dir='ltr' id='par_1_63' title="bbox 495 4358 2079 4433">
     <span class='ocr_line' id='line_1_63' title="bbox 495 4358 2079 4433; baseline -0.001 -18"><span class='ocrx_word' id='word_1_429' title='bbox 495 4359 661 4433; x_wconf 81' lang='grc' dir='ltr'><strong>θυρον</strong></span> <span class='ocrx_word' id='word_1_430' title='bbox 704 4359 925 4430; x_wconf 81' lang='grc' dir='ltr'><strong>ἀφανῶς</strong></span> <span class='ocrx_word' id='word_1_431' title='bbox 970 4358 1412 4431; x_wconf 83' lang='grc' dir='ltr'><strong>καλυπτόμενον·</strong></span> <span class='ocrx_word' id='word_1_432' title='bbox 1461 4358 1490 4412; x_wconf 85' lang='grc' dir='ltr'><strong>δ</strong></span> <span class='ocrx_word' id='word_1_433' title='bbox 1533 4358 1630 4413; x_wconf 66' lang='grc' dir='ltr'><strong>καὶ¹</strong></span> <span class='ocrx_word' id='word_1_434' title='bbox 1657 4359 2079 4433; x_wconf 84' lang='grc' dir='ltr'><strong>φανερούμενον,</strong></span> 
     </span>
    </p>
   </div>
   <div class='ocr_carea' id='block_1_64' title="bbox 498 4450 2154 4561">
    <p class='ocr_par' dir='ltr' id='par_1_64' title="bbox 498 4450 2154 4561">
     <span class='ocr_line' id='line_1_64' title="bbox 498 4450 2154 4561; baseline 0.001 -54"><span class='ocrx_word' id='word_1_435' title='bbox 498 4453 659 4561; x_wconf 49' lang='grc' dir='ltr'><strong>εὐθὺς</strong></span> <span class='ocrx_word' id='word_1_436' title='bbox 704 4454 919 4525; x_wconf 84' lang='grc' dir='ltr'><strong>ἀναιρεῖ</strong></span> <span class='ocrx_word' id='word_1_437' title='bbox 947 4453 1039 4508; x_wconf 80' lang='grc' dir='ltr'><strong>τὸν</strong></span> <span class='ocrx_word' id='word_1_438' title='bbox 1068 4454 1395 4524; x_wconf 73' lang='grc' dir='ltr'><strong>ποιήσαντα.</strong></span> <span class='ocrx_word' id='word_1_439' title='bbox 1442 4450 1672 4522; x_wconf 76' lang='grc' dir='ltr'><strong>Πέμψας</strong></span> <span class='ocrx_word' id='word_1_440' title='bbox 1712 4451 1771 4505; x_wconf 85' lang='grc' dir='ltr'><strong>δὲ</strong></span> <span class='ocrx_word' id='word_1_441' title='bbox 1800 4452 2080 4524; x_wconf 83' lang='grc' dir='ltr'><strong>Θεόδωρος</strong></span> <span class='ocrx_word' id='word_1_442' title='bbox 2112 4498 2154 4561; x_wconf 56' lang='grc' dir='ltr'><strong>ι)</strong></span> 
     </span>
    </p>
   </div>
   <div class='ocr_carea' id='block_1_65' title="bbox 495 4540 2081 4615">
    <p class='ocr_par' dir='ltr' id='par_1_65' title="bbox 495 4540 2081 4615">
     <span class='ocr_line' id='line_1_65' title="bbox 495 4540 2081 4615; baseline -0.003 -16"><span class='ocrx_word' id='word_1_443' title='bbox 495 4540 572 4609; x_wconf 77' lang='grc' dir='ltr'><strong>ὡς</strong></span> <span class='ocrx_word' id='word_1_444' title='bbox 600 4542 923 4599; x_wconf 77' lang='grc' dir='ltr'><strong>κεκέλευστο</strong></span> <span class='ocrx_word' id='word_1_445' title='bbox 961 4542 1100 4596; x_wconf 70' lang='grc' dir='ltr'><strong>κατὰ</strong></span> <span class='ocrx_word' id='word_1_446' title='bbox 1131 4543 1223 4597; x_wconf 85' lang='grc' dir='ltr'><strong>τὸν</strong></span> <span class='ocrx_word' id='word_1_447' title='bbox 1258 4542 1520 4614; x_wconf 84' lang='grc' dir='ltr'><strong>λεχθέντα</strong></span> <span class='ocrx_word' id='word_1_448' title='bbox 1550 4543 1736 4606; x_wconf 88' lang='grc' dir='ltr'><strong>τόπον,</strong></span> <span class='ocrx_word' id='word_1_449' title='bbox 1768 4541 1829 4597; x_wconf 83' lang='grc' dir='ltr'><strong>τδ</strong></span> <span class='ocrx_word' id='word_1_450' title='bbox 1851 4541 1952 4614; x_wconf 83' lang='grc' dir='ltr'><strong>τῆς</strong></span> <span class='ocrx_word' id='word_1_451' title='bbox 1982 4544 2081 4615; x_wconf 76' lang='grc' dir='ltr'><strong>ἀρ-</strong></span> 
     </span>
    </p>
   </div>
   <div class='ocr_carea' id='block_1_66' title="bbox 499 4634 2080 4709">
    <p class='ocr_par' dir='ltr' id='par_1_66' title="bbox 499 4634 2080 4709">
     <span class='ocr_line' id='line_1_66' title="bbox 499 4634 2080 4709; baseline -0.002 -19"><span class='ocrx_word' id='word_1_452' title='bbox 499 4635 737 4706; x_wconf 73' lang='grc' dir='ltr'><strong>ρωστίας</strong></span> <span class='ocrx_word' id='word_1_453' title='bbox 784 4634 1040 4708; x_wconf 77' lang='grc' dir='ltr'><strong>εὕρισκεν</strong></span> <span class='ocrx_word' id='word_1_454' title='bbox 1083 4635 1258 4690; x_wconf 75' lang='grc' dir='ltr'><strong>αἴτιον</strong></span> <span class='ocrx_word' id='word_1_455' title='bbox 1278 4651 1294 4665; x_wconf 62' lang='grc'>⁸</span> <span class='ocrx_word' id='word_1_456' title='bbox 1339 4634 1618 4690; x_wconf 76' lang='grc' dir='ltr'><strong>καὶτοῦτο</strong></span> <span class='ocrx_word' id='word_1_457' title='bbox 1646 4634 1831 4705; x_wconf 78' lang='grc' dir='ltr'><strong>φανὲν,</strong></span> <span class='ocrx_word' id='word_1_458' title='bbox 1865 4637 2080 4709; x_wconf 77' lang='grc' dir='ltr'><strong>ἀφανὴς</strong></span> 
     </span>
    </p>
   </div>
   <div class='ocr_carea' id='block_1_67' title="bbox 497 4724 2082 4798">
    <p class='ocr_par' dir='ltr' id='par_1_67' title="bbox 497 4724 2082 4798">
     <span class='ocr_line' id='line_1_67' title="bbox 497 4724 2082 4798; baseline -0.001 -17"><span class='ocrx_word' id='word_1_459' title='bbox 497 4727 701 4792; x_wconf 77' lang='grc' dir='ltr'><strong>εὐθέως</strong></span> <span class='ocrx_word' id='word_1_460' title='bbox 734 4729 762 4781; x_wconf 87' lang='grc' dir='ltr'><strong>ό</strong></span> <span class='ocrx_word' id='word_1_461' title='bbox 790 4728 1178 4798; x_wconf 80' lang='grc' dir='ltr'><strong>κακουργήσας</strong></span> <span class='ocrx_word' id='word_1_462' title='bbox 1212 4726 1430 4796; x_wconf 83' lang='grc' dir='ltr'><strong>ἐγένετο</strong></span> <span class='ocrx_word' id='word_1_463' title='bbox 1449 4764 1466 4791; x_wconf 94' lang='grc'><strong>,</strong></span> <span class='ocrx_word' id='word_1_464' title='bbox 1499 4726 1731 4781; x_wconf 84' lang='grc' dir='ltr'><strong>Θανάτου</strong></span> <span class='ocrx_word' id='word_1_465' title='bbox 1760 4724 1948 4783; x_wconf 74' lang='grc' dir='ltr'><strong>τοῦτον</strong></span> <span class='ocrx_word' id='word_1_466' title='bbox 1977 4743 2082 4780; x_wconf 82' lang='grc' dir='ltr'><strong>πα-</strong></span> 
     </span>
    </p>
   </div>
   <div class='ocr_carea' id='block_1_68' title="bbox 500 4815 2081 4890">
    <p class='ocr_par' dir='ltr' id='par_1_68' title="bbox 500 4815 2081 4890">
     <span class='ocr_line' id='line_1_68' title="bbox 500 4815 2081 4890; baseline -0.003 -17"><span class='ocrx_word' id='word_1_467' title='bbox 500 4818 762 4890; x_wconf 82' lang='grc' dir='ltr'><strong>ραχρῆμα</strong></span> <span class='ocrx_word' id='word_1_468' title='bbox 795 4817 1149 4889; x_wconf 78' lang='grc' dir='ltr'><strong>συλήσαντος,</strong></span> <span class='ocrx_word' id='word_1_469' title='bbox 1185 4817 1279 4870; x_wconf 76' lang='grc' dir='ltr'><strong>καὶ</strong></span> <span class='ocrx_word' id='word_1_470' title='bbox 1316 4815 1613 4888; x_wconf 90' lang='grc' dir='ltr'><strong>μαρτύρων</strong></span> <span class='ocrx_word' id='word_1_471' title='bbox 1643 4818 1785 4889; x_wconf 76' lang='grc' dir='ltr'><strong>ῥοπῇ</strong></span> <span class='ocrx_word' id='word_1_472' title='bbox 1812 4816 1903 4870; x_wconf 76' lang='grc' dir='ltr'><strong>τὸν</strong></span> <span class='ocrx_word' id='word_1_473' title='bbox 1948 4815 2081 4870; x_wconf 84' lang='grc' dir='ltr'><strong>Θεό-</strong></span> 
     </span>
    </p>
   </div>
   <div class='ocr_carea' id='block_1_69' title="bbox 495 4903 2078 4982">
    <p class='ocr_par' dir='ltr' id='par_1_69' title="bbox 495 4903 2078 4982">
     <span class='ocr_line' id='line_1_69' title="bbox 495 4903 2078 4982; baseline -0.001 -19"><span class='ocrx_word' id='word_1_474' title='bbox 495 4908 668 4982; x_wconf 87' lang='grc' dir='ltr'><strong>δωρον</strong></span> <span class='ocrx_word' id='word_1_475' title='bbox 715 4908 1125 4980; x_wconf 83' lang='grc' dir='ltr'><strong>ἐκδικήσαντος.</strong></span> <span class='ocrx_word' id='word_1_476' title='bbox 1174 4907 1426 4980; x_wconf 86' lang='grc' dir='ltr'><strong>Ἐϐραῖος</strong></span> <span class='ocrx_word' id='word_1_477' title='bbox 1474 4907 1519 4961; x_wconf 76' lang='grc' dir='ltr'><strong>δ⁴</strong></span> <span class='ocrx_word' id='word_1_478' title='bbox 1554 4903 1645 4980; x_wconf 82' lang='grc' dir='ltr'><strong>ἦν,</strong></span> <span class='ocrx_word' id='word_1_479' title='bbox 1681 4909 1775 4964; x_wconf 78' lang='grc' dir='ltr'><strong>καὶ</strong></span> <span class='ocrx_word' id='word_1_480' title='bbox 1819 4909 2078 4981; x_wconf 77' lang='grc' dir='ltr'><strong>τοιαύτης</strong></span> 
     </span>
    </p>
   </div>
   <div class='ocr_carea' id='block_1_70' title="bbox 499 4998 2079 5071">
    <p class='ocr_par' dir='ltr' id='par_1_70' title="bbox 499 4998 2079 5071">
     <span class='ocr_line' id='line_1_70' title="bbox 499 4998 2079 5071; baseline 0.001 -18"><span class='ocrx_word' id='word_1_481' title='bbox 499 4998 824 5071; x_wconf 77' lang='grc' dir='ltr'><strong>ὑπολήψεως</strong></span> <span class='ocrx_word' id='word_1_482' title='bbox 853 5000 953 5053; x_wconf 83' lang='grc' dir='ltr'><strong>οὐκ</strong></span> <span class='ocrx_word' id='word_1_483' title='bbox 987 4998 1270 5071; x_wconf 85' lang='grc' dir='ltr'><strong>ἐλεύθερος</strong></span> <span class='ocrx_word' id='word_1_484' title='bbox 1290 5016 1304 5030; x_wconf 83' lang='lat'><strong><em>°</em></strong></span> <span class='ocrx_word' id='word_1_485' title='bbox 1330 4999 1412 5053; x_wconf 83' lang='grc' dir='ltr'><strong>διὸ</strong></span> <span class='ocrx_word' id='word_1_486' title='bbox 1452 4999 1548 5055; x_wconf 74' lang='grc' dir='ltr'><strong>καὶ</strong></span> <span class='ocrx_word' id='word_1_487' title='bbox 1583 4999 1693 5053; x_wconf 81' lang='grc' dir='ltr'><strong>τῶν</strong></span> <span class='ocrx_word' id='word_1_488' title='bbox 1725 4999 1871 5054; x_wconf 86' lang='grc' dir='ltr'><strong>ίδίων</strong></span> <span class='ocrx_word' id='word_1_489' title='bbox 1901 5000 2079 5071; x_wconf 72' lang='grc' dir='ltr'><strong>ἔργων</strong></span> 
     </span>
    </p>
   </div>
   <div class='ocr_carea' id='block_1_71' title="bbox 497 5088 2081 5179">
    <p class='ocr_par' dir='ltr' id='par_1_71' title="bbox 497 5088 2081 5179">
     <span class='ocr_line' id='line_1_71' title="bbox 497 5088 2081 5179; baseline -0.001 -36"><span class='ocrx_word' id='word_1_490' title='bbox 497 5089 624 5155; x_wconf 83' lang='grc' dir='ltr'><strong>τοὺς</strong></span> <span class='ocrx_word' id='word_1_491' title='bbox 651 5089 846 5179; x_wconf 72' lang='grc' dir='ltr'><strong>πόνους</strong></span> <span class='ocrx_word' id='word_1_492' title='bbox 870 5090 1154 5161; x_wconf 79' lang='grc' dir='ltr'><strong>ἐδρὲψατο,</strong></span> <span class='ocrx_word' id='word_1_493' title='bbox 1187 5089 1500 5161; x_wconf 72' lang='grc' dir='ltr'><strong>κατάλληλα</strong></span> <span class='ocrx_word' id='word_1_494' title='bbox 1524 5088 1707 5143; x_wconf 81' lang='grc' dir='ltr'><strong>λαϐὼν</strong></span> <span class='ocrx_word' id='word_1_495' title='bbox 1736 5091 1801 5160; x_wconf 83' lang='grc' dir='ltr'><strong>τῇ</strong></span> <span class='ocrx_word' id='word_1_496' title='bbox 1831 5088 2081 5163; x_wconf 74' lang='grc' dir='ltr'><strong>γεωργίᾳ</strong></span> 
     </span>
    </p>
   </div>
   <div class='ocr_carea' id='block_1_72' title="bbox 498 5179 2080 5254">
    <p class='ocr_par' dir='ltr' id='par_1_72' title="bbox 498 5179 2080 5254">
     <span class='ocr_line' id='line_1_72' title="bbox 498 5179 2080 5254; baseline 0.001 -20"><span class='ocrx_word' id='word_1_497' title='bbox 498 5179 568 5234; x_wconf 76' lang='grc' dir='ltr'><strong>τὰ</strong></span> <span class='ocrx_word' id='word_1_498' title='bbox 594 5181 882 5254; x_wconf 88' lang='grc' dir='ltr'><strong>δράγματα</strong></span> <span class='ocrx_word' id='word_1_499' title='bbox 902 5199 917 5212; x_wconf 77' lang='grc'><em>”</em></span> <span class='ocrx_word' id='word_1_500' title='bbox 951 5183 1111 5253; x_wconf 79' lang='grc' dir='ltr'><strong>ἡμεῖς</strong></span> <span class='ocrx_word' id='word_1_501' title='bbox 1138 5181 1196 5237; x_wconf 67' lang='grc' dir='ltr'><strong>δὲ</strong></span> <span class='ocrx_word' id='word_1_502' title='bbox 1215 5181 1325 5236; x_wconf 78' lang='grc' dir='ltr'><strong>τῶν</strong></span> <span class='ocrx_word' id='word_1_503' title='bbox 1355 5182 1524 5252; x_wconf 82' lang='grc' dir='ltr'><strong>ἁγίων</strong></span> <span class='ocrx_word' id='word_1_504' title='bbox 1548 5181 1609 5235; x_wconf 81' lang='grc' dir='ltr'><strong>τὸ</strong></span> <span class='ocrx_word' id='word_1_505' title='bbox 1649 5179 1834 5244; x_wconf 83' lang='grc' dir='ltr'><strong>σθένος</strong></span> <span class='ocrx_word' id='word_1_506' title='bbox 1870 5179 2080 5251; x_wconf 86' lang='grc' dir='ltr'><strong>θαυμά-</strong></span> 
     </span>
    </p>
   </div>
   <div class='ocr_carea' id='block_1_73' title="bbox 502 5269 2078 5346">
    <p class='ocr_par' dir='ltr' id='par_1_73' title="bbox 502 5269 2078 5346">
     <span class='ocr_line' id='line_1_73' title="bbox 502 5269 2078 5346; baseline 0.003 -21"><span class='ocrx_word' id='word_1_507' title='bbox 502 5288 713 5339; x_wconf 88' lang='grc' dir='ltr'><strong>σαντες,</strong></span> <span class='ocrx_word' id='word_1_508' title='bbox 749 5273 844 5326; x_wconf 73' lang='grc' dir='ltr'><strong>καὶ</strong></span> <span class='ocrx_word' id='word_1_509' title='bbox 872 5271 948 5336; x_wconf 83' lang='grc' dir='ltr'><strong>ὡς</strong></span> <span class='ocrx_word' id='word_1_510' title='bbox 973 5269 1076 5326; x_wconf 75' lang='grc' dir='ltr'><strong>οἷοί</strong></span> <span class='ocrx_word' id='word_1_511' title='bbox 1101 5274 1163 5327; x_wconf 84' lang='grc' dir='ltr'><strong>τέ</strong></span> <span class='ocrx_word' id='word_1_512' title='bbox 1193 5275 1360 5346; x_wconf 84' lang='grc' dir='ltr'><strong>ἐσμεν</strong></span> <span class='ocrx_word' id='word_1_513' title='bbox 1396 5272 1597 5337; x_wconf 80' lang='grc' dir='ltr'><strong>αὐτοὺς</strong></span> <span class='ocrx_word' id='word_1_514' title='bbox 1647 5273 2078 5345; x_wconf 81' lang='grc' dir='ltr'><strong>άνυμνήσαντες,</strong></span> 
     </span>
    </p>
   </div>
   <div class='ocr_carea' id='block_1_74' title="bbox 500 5364 2086 5439">
    <p class='ocr_par' dir='ltr' id='par_1_74' title="bbox 500 5364 2086 5439">
     <span class='ocr_line' id='line_1_74' title="bbox 500 5364 2086 5439; baseline 0.003 -25"><span class='ocrx_word' id='word_1_515' title='bbox 500 5364 666 5436; x_wconf 77' lang='grc' dir='ltr'><strong>ἕτερα</strong></span> <span class='ocrx_word' id='word_1_516' title='bbox 697 5364 880 5418; x_wconf 84' lang='grc' dir='ltr'><strong>αὐτῶν</strong></span> <span class='ocrx_word' id='word_1_517' title='bbox 913 5365 1013 5418; x_wconf 87' lang='grc' dir='ltr'><strong>ούκ</strong></span> <span class='ocrx_word' id='word_1_518' title='bbox 1044 5366 1326 5431; x_wconf 77' lang='grc' dir='ltr'><strong>ἐλάττονος</strong></span> <span class='ocrx_word' id='word_1_519' title='bbox 1359 5368 1535 5439; x_wconf 83' lang='grc' dir='ltr'><strong>ὁρμῆς</strong></span> <span class='ocrx_word' id='word_1_520' title='bbox 1577 5366 1671 5419; x_wconf 71' lang='grc' dir='ltr'><strong>καὶ</strong></span> <span class='ocrx_word' id='word_1_521' title='bbox 1696 5365 1978 5436; x_wconf 86' lang='grc' dir='ltr'><strong>δυνάμεως</strong></span> <span class='ocrx_word' id='word_1_522' title='bbox 2006 5367 2086 5437; x_wconf 88' lang='grc' dir='ltr'><strong>τῷ</strong></span> 
     </span>
    </p>
   </div>
   <div class='ocr_carea' id='block_1_75' title="bbox 502 5452 1248 5526">
    <p class='ocr_par' dir='ltr' id='par_1_75' title="bbox 502 5452 1248 5526">
     <span class='ocr_line' id='line_1_75' title="bbox 502 5452 1248 5526; baseline -0.001 -18"><span class='ocrx_word' id='word_1_523' title='bbox 502 5452 792 5526; x_wconf 81' lang='grc' dir='ltr'><strong>γράμματι</strong></span> <span class='ocrx_word' id='word_1_524' title='bbox 830 5453 1248 5525; x_wconf 85' lang='grc' dir='ltr'><strong>διαγγείλωμεν.</strong></span> 
     </span>
    </p>
   </div>
   <div class='ocr_carea' id='block_1_76' title="bbox 2173 1896 3752 1969">
    <p class='ocr_par' dir='ltr' id='par_1_76' title="bbox 2173 1896 3752 1969">
     <span class='ocr_line' id='line_1_76' title="bbox 2173 1896 3752 1969; baseline -0.001 -16"><span class='ocrx_word' id='word_1_525' title='bbox 2173 1897 2564 1969; x_wconf 85' lang='lat' dir='ltr'><strong>perscrutatis,</strong></span> <span class='ocrx_word' id='word_1_526' title='bbox 2622 1898 2741 1953; x_wconf 76' lang='lat' dir='ltr'><strong>Ittec</strong></span> <span class='ocrx_word' id='word_1_527' title='bbox 2795 1896 2863 1952; x_wconf 87' lang='lat' dir='ltr'><strong>ad</strong></span> <span class='ocrx_word' id='word_1_528' title='bbox 2910 1898 3126 1952; x_wconf 87' lang='lat' dir='ltr'><strong>laudem</strong></span> <span class='ocrx_word' id='word_1_529' title='bbox 3177 1911 3370 1952; x_wconf 91' lang='lat' dir='ltr'><strong>eorum</strong></span> <span class='ocrx_word' id='word_1_530' title='bbox 3406 1897 3501 1967; x_wconf 90' lang='lat' dir='ltr'><strong>qui</strong></span> <span class='ocrx_word' id='word_1_531' title='bbox 3541 1897 3752 1968; x_wconf 83' lang='lat' dir='ltr'><strong>operati</strong></span> 
     </span>
    </p>
   </div>
   <div class='ocr_carea' id='block_1_77' title="bbox 2171 1986 3755 2055">
    <p class='ocr_par' dir='ltr' id='par_1_77' title="bbox 2171 1986 3755 2055">
     <span class='ocr_line' id='line_1_77' title="bbox 2171 1986 3755 2055; baseline -0.003 -9"><span class='ocrx_word' id='word_1_532' title='bbox 2171 1998 2306 2046; x_wconf 89' lang='lat' dir='ltr'><strong>sunt</strong></span> <span class='ocrx_word' id='word_1_533' title='bbox 2345 1989 2786 2046; x_wconf 86' lang='lat' dir='ltr'><strong>conscribamus.</strong></span> <span class='ocrx_word' id='word_1_534' title='bbox 2823 1988 3068 2046; x_wconf 80' lang='lat' dir='ltr'><strong>Medicus</strong></span> <span class='ocrx_word' id='word_1_535' title='bbox 3096 1997 3215 2044; x_wconf 88' lang='lat' dir='ltr'><strong>erat</strong></span> <span class='ocrx_word' id='word_1_536' title='bbox 3258 1986 3608 2055; x_wconf 85' lang='lat' dir='ltr'><strong>Theodorus,</strong></span> <span class='ocrx_word' id='word_1_537' title='bbox 3664 2003 3755 2043; x_wconf 77' lang='lat' dir='ltr'><strong>ar-</strong></span> 
     </span>
    </p>
   </div>
   <div class='ocr_carea' id='block_1_78' title="bbox 2172 2079 3752 2156">
    <p class='ocr_par' dir='ltr' id='par_1_78' title="bbox 2172 2079 3752 2156">
     <span class='ocr_line' id='line_1_78' title="bbox 2172 2079 3752 2156; baseline -0.003 -18"><span class='ocrx_word' id='word_1_538' title='bbox 2172 2090 2336 2155; x_wconf 89' lang='lat' dir='ltr'><strong>teque</strong></span> <span class='ocrx_word' id='word_1_539' title='bbox 2368 2086 2505 2141; x_wconf 86' lang='lat' dir='ltr'><strong>bene</strong></span> <span class='ocrx_word' id='word_1_540' title='bbox 2534 2083 2821 2156; x_wconf 87' lang='lat' dir='ltr'><strong>probatus,</strong></span> <span class='ocrx_word' id='word_1_541' title='bbox 2855 2093 2908 2138; x_wconf 91' lang='lat' dir='ltr'><strong>et</strong></span> <span class='ocrx_word' id='word_1_542' title='bbox 2956 2082 3161 2138; x_wconf 88' lang='lat' dir='ltr'><strong>idcirco</strong></span> <span class='ocrx_word' id='word_1_543' title='bbox 3206 2080 3410 2152; x_wconf 86' lang='lat' dir='ltr'><strong>ubique</strong></span> <span class='ocrx_word' id='word_1_544' title='bbox 3483 2079 3752 2137; x_wconf 86' lang='lat' dir='ltr'><strong>famosus.</strong></span> 
     </span>
    </p>
   </div>
   <div class='ocr_carea' id='block_1_79' title="bbox 2173 2170 3754 2248">
    <p class='ocr_par' dir='ltr' id='par_1_79' title="bbox 2173 2170 3754 2248">
     <span class='ocr_line' id='line_1_79' title="bbox 2173 2170 3754 2248; baseline -0.001 -18"><span class='ocrx_word' id='word_1_545' title='bbox 2173 2170 2274 2232; x_wconf 83' lang='lat' dir='ltr'><strong>Hic</strong></span> <span class='ocrx_word' id='word_1_546' title='bbox 2316 2191 2346 2230; x_wconf 88' lang='lat' dir='ltr'><strong>a</strong></span> <span class='ocrx_word' id='word_1_547' title='bbox 2373 2176 2553 2248; x_wconf 85' lang='lat' dir='ltr'><strong>magia</strong></span> <span class='ocrx_word' id='word_1_548' title='bbox 2618 2175 2918 2232; x_wconf 85' lang='lat' dir='ltr'><strong>immobilis</strong></span> <span class='ocrx_word' id='word_1_549' title='bbox 2962 2174 3040 2241; x_wconf 82' lang='lat' dir='ltr'><strong>fit,</strong></span> <span class='ocrx_word' id='word_1_550' title='bbox 3105 2187 3441 2244; x_wconf 86' lang='lat' dir='ltr'><strong>causamque</strong></span> <span class='ocrx_word' id='word_1_551' title='bbox 3475 2174 3754 2245; x_wconf 86' lang='lat' dir='ltr'><strong>passionis</strong></span> 
     </span>
    </p>
   </div>
   <div class='ocr_carea' id='block_1_80' title="bbox 2174 2261 3757 2335">
    <p class='ocr_par' dir='ltr' id='par_1_80' title="bbox 2174 2261 3757 2335">
     <span class='ocr_line' id='line_1_80' title="bbox 2174 2261 3757 2335; baseline 0.001 -17"><span class='ocrx_word' id='word_1_552' title='bbox 2174 2264 2463 2334; x_wconf 87' lang='lat' dir='ltr'><strong>ignorans,</strong></span> <span class='ocrx_word' id='word_1_553' title='bbox 2488 2265 2846 2335; x_wconf 89' lang='lat' dir='ltr'><strong>semetipsum</strong></span> <span class='ocrx_word' id='word_1_554' title='bbox 2882 2278 3080 2319; x_wconf 87' lang='lat' dir='ltr'><strong>curare</strong></span> <span class='ocrx_word' id='word_1_555' title='bbox 3108 2261 3383 2329; x_wconf 76' lang='lat' dir='ltr'><strong>studebat,</strong></span> <span class='ocrx_word' id='word_1_556' title='bbox 3417 2262 3510 2317; x_wconf 90' lang='lat' dir='ltr'><strong>illa</strong></span> <span class='ocrx_word' id='word_1_557' title='bbox 3548 2261 3757 2320; x_wconf 82' lang='lat' dir='ltr'><strong>faciens</strong></span> 
     </span>
    </p>
   </div>
   <div class='ocr_carea' id='block_1_81' title="bbox 2175 2352 3755 2426">
    <p class='ocr_par' dir='ltr' id='par_1_81' title="bbox 2175 2352 3755 2426">
     <span class='ocr_line' id='line_1_81' title="bbox 2175 2352 3755 2426; baseline -0.001 -17"><span class='ocrx_word' id='word_1_558' title='bbox 2175 2370 2297 2425; x_wconf 54' lang='lat' dir='ltr'><strong>quae</strong></span> <span class='ocrx_word' id='word_1_559' title='bbox 2325 2371 2385 2411; x_wconf 88' lang='lat' dir='ltr'><strong>se</strong></span> <span class='ocrx_word' id='word_1_560' title='bbox 2418 2354 2534 2410; x_wconf 87' lang='lat' dir='ltr'><strong>fore</strong></span> <span class='ocrx_word' id='word_1_561' title='bbox 2589 2364 2853 2411; x_wconf 82' lang='lat' dir='ltr'><strong>sanatura</strong></span> <span class='ocrx_word' id='word_1_562' title='bbox 2877 2355 3155 2426; x_wconf 83' lang='lat' dir='ltr'><strong>sperabat,</strong></span> <span class='ocrx_word' id='word_1_563' title='bbox 3210 2362 3265 2408; x_wconf 84' lang='lat' dir='ltr'><strong>et</strong></span> <span class='ocrx_word' id='word_1_564' title='bbox 3315 2368 3435 2425; x_wconf 68' lang='lat' dir='ltr'><strong>qua:</strong></span> <span class='ocrx_word' id='word_1_565' title='bbox 3486 2352 3609 2409; x_wconf 90' lang='lat' dir='ltr'><strong>aliis</strong></span> <span class='ocrx_word' id='word_1_566' title='bbox 3648 2369 3755 2408; x_wconf 91' lang='lat' dir='ltr'><strong>non</strong></span> 
     </span>
    </p>
   </div>
   <div class='ocr_carea' id='block_1_82' title="bbox 2175 2438 3757 2516">
    <p class='ocr_par' dir='ltr' id='par_1_82' title="bbox 2175 2438 3757 2516">
     <span class='ocr_line' id='line_1_82' title="bbox 2175 2438 3757 2516; baseline 0 -16"><span class='ocrx_word' id='word_1_567' title='bbox 2175 2447 2437 2516; x_wconf 87' lang='lat' dir='ltr'><strong>magiam,</strong></span> <span class='ocrx_word' id='word_1_568' title='bbox 2486 2449 2580 2501; x_wconf 86' lang='lat' dir='ltr'><strong>sed</strong></span> <span class='ocrx_word' id='word_1_569' title='bbox 2631 2446 2964 2502; x_wconf 88' lang='lat' dir='ltr'><strong>otiositatem</strong></span> <span class='ocrx_word' id='word_1_570' title='bbox 3006 2445 3380 2501; x_wconf 86' lang='lat' dir='ltr'><strong>membrorum</strong></span> <span class='ocrx_word' id='word_1_571' title='bbox 3423 2438 3757 2514; x_wconf 83' lang='lat' dir='ltr'><strong>patientibus</strong></span> 
     </span>
    </p>
   </div>
   <div class='ocr_carea' id='block_1_83' title="bbox 2177 2534 3757 2616">
    <p class='ocr_par' dir='ltr' id='par_1_83' title="bbox 2177 2534 3757 2616">
     <span class='ocr_line' id='line_1_83' title="bbox 2177 2534 3757 2616; baseline 0.001 -23"><span class='ocrx_word' id='word_1_572' title='bbox 2177 2553 2321 2608; x_wconf 67' lang='lat' dir='ltr'><strong>saepe</strong></span> <span class='ocrx_word' id='word_1_573' title='bbox 2402 2537 2637 2616; x_wconf 79' lang='lat' dir='ltr'><strong>afl‘erens</strong></span> <span class='ocrx_word' id='word_1_574' title='bbox 2683 2537 2913 2610; x_wconf 90' lang='lat' dir='ltr'><strong>profuit.</strong></span> <span class='ocrx_word' id='word_1_575' title='bbox 2961 2535 3068 2593; x_wconf 86' lang='lat' dir='ltr'><strong>Sed</strong></span> <span class='ocrx_word' id='word_1_576' title='bbox 3123 2552 3246 2592; x_wconf 90' lang='lat' dir='ltr'><strong>cum</strong></span> <span class='ocrx_word' id='word_1_577' title='bbox 3308 2536 3493 2591; x_wconf 88' lang='lat' dir='ltr'><strong>omnia</strong></span> <span class='ocrx_word' id='word_1_578' title='bbox 3537 2534 3757 2595; x_wconf 83' lang='lat' dir='ltr'><strong>fecisset</strong></span> 
     </span>
    </p>
   </div>
   <div class='ocr_carea' id='block_1_84' title="bbox 2178 2629 3761 2704">
    <p class='ocr_par' dir='ltr' id='par_1_84' title="bbox 2178 2629 3761 2704">
     <span class='ocr_line' id='line_1_84' title="bbox 2178 2629 3761 2704; baseline 0.001 -21"><span class='ocrx_word' id='word_1_579' title='bbox 2178 2630 2337 2704; x_wconf 77' lang='lat' dir='ltr'><strong>[quin</strong></span> <span class='ocrx_word' id='word_1_580' title='bbox 2372 2646 2483 2687; x_wconf 89' lang='lat' dir='ltr'><strong>ase</strong></span> <span class='ocrx_word' id='word_1_581' title='bbox 2523 2631 2774 2686; x_wconf 92' lang='lat' dir='ltr'><strong>morbum</strong></span> <span class='ocrx_word' id='word_1_582' title='bbox 2808 2631 3135 2702; x_wconf 88' lang='lat' dir='ltr'><strong>depelleret,</strong></span> <span class='ocrx_word' id='word_1_583' title='bbox 3173 2630 3313 2689; x_wconf 87' lang='lat' dir='ltr'><strong>artis</strong></span> <span class='ocrx_word' id='word_1_584' title='bbox 3340 2629 3581 2703; x_wconf 80' lang='lat' dir='ltr'><strong>cognita]</strong></span> <span class='ocrx_word' id='word_1_585' title='bbox 3608 2629 3761 2685; x_wconf 78' lang='lat' dir='ltr'><strong>infir-</strong></span> 
     </span>
    </p>
   </div>
   <div class='ocr_carea' id='block_1_85' title="bbox 2177 2720 3759 2795">
    <p class='ocr_par' dir='ltr' id='par_1_85' title="bbox 2177 2720 3759 2795">
     <span class='ocr_line' id='line_1_85' title="bbox 2177 2720 3759 2795; baseline 0.003 -21"><span class='ocrx_word' id='word_1_586' title='bbox 2177 2722 2372 2778; x_wconf 86' lang='lat' dir='ltr'><strong>mitate</strong></span> <span class='ocrx_word' id='word_1_587' title='bbox 2413 2720 2544 2795; x_wconf 87' lang='lat' dir='ltr'><strong>Cyri</strong></span> <span class='ocrx_word' id='word_1_588' title='bbox 2579 2721 2917 2794; x_wconf 86' lang='lat' dir='ltr'><strong>Joannisque</strong></span> <span class='ocrx_word' id='word_1_589' title='bbox 2962 2721 3229 2795; x_wconf 78' lang='lat' dir='ltr'><strong>profugus</strong></span> <span class='ocrx_word' id='word_1_590' title='bbox 3256 2722 3632 2789; x_wconf 86' lang='lat' dir='ltr'><strong>constituitur,</strong></span> <span class='ocrx_word' id='word_1_591' title='bbox 3662 2739 3759 2777; x_wconf 88' lang='lat' dir='ltr'><strong>va-</strong></span> 
     </span>
    </p>
   </div>
   <div class='ocr_carea' id='block_1_86' title="bbox 2178 2809 3758 2882">
    <p class='ocr_par' dir='ltr' id='par_1_86' title="bbox 2178 2809 3758 2882">
     <span class='ocr_line' id='line_1_86' title="bbox 2178 2809 3758 2882; baseline 0.002 -18"><span class='ocrx_word' id='word_1_592' title='bbox 2178 2810 2411 2866; x_wconf 87' lang='lat' dir='ltr'><strong>lentium</strong></span> <span class='ocrx_word' id='word_1_593' title='bbox 2449 2819 2504 2866; x_wconf 92' lang='lat' dir='ltr'><strong>et</strong></span> <span class='ocrx_word' id='word_1_594' title='bbox 2542 2811 2860 2881; x_wconf 85' lang='lat' dir='ltr'><strong>languorem</strong></span> <span class='ocrx_word' id='word_1_595' title='bbox 2900 2809 3110 2882; x_wconf 81' lang='lat' dir='ltr'><strong>fugare,</strong></span> <span class='ocrx_word' id='word_1_596' title='bbox 3147 2817 3202 2867; x_wconf 91' lang='lat' dir='ltr'><strong>et</strong></span> <span class='ocrx_word' id='word_1_597' title='bbox 3232 2811 3509 2882; x_wconf 85' lang='lat' dir='ltr'><strong>languenti</strong></span> <span class='ocrx_word' id='word_1_598' title='bbox 3547 2814 3758 2869; x_wconf 83' lang='lat' dir='ltr'><strong>sanita-</strong></span> 
     </span>
    </p>
   </div>
   <div class='ocr_carea' id='block_1_87' title="bbox 2178 2902 2546 2957">
    <p class='ocr_par' dir='ltr' id='par_1_87' title="bbox 2178 2902 2546 2957">
     <span class='ocr_line' id='line_1_87' title="bbox 2178 2902 2546 2957; baseline 0.008 -3"><span class='ocrx_word' id='word_1_599' title='bbox 2178 2908 2287 2957; x_wconf 88' lang='lat' dir='ltr'><strong>tem</strong></span> <span class='ocrx_word' id='word_1_600' title='bbox 2319 2902 2546 2957; x_wconf 85' lang='lat' dir='ltr'><strong>donare.</strong></span> 
     </span>
    </p>
   </div>
   <div class='ocr_carea' id='block_1_88' title="bbox 2252 2991 3760 3071">
    <p class='ocr_par' dir='ltr' id='par_1_88' title="bbox 2252 2991 3760 3071">
     <span class='ocr_line' id='line_1_88' title="bbox 2252 2991 3760 3071; baseline 0.003 -25"><span class='ocrx_word' id='word_1_601' title='bbox 2252 2991 2441 3064; x_wconf 87' lang='lat' dir='ltr'><strong>Itaque</strong></span> <span class='ocrx_word' id='word_1_602' title='bbox 2470 2991 2708 3071; x_wconf 86' lang='lat' dir='ltr'><strong>venienti</strong></span> <span class='ocrx_word' id='word_1_603' title='bbox 2747 2991 2796 3050; x_wconf 88' lang='lat' dir='ltr'><strong>ei</strong></span> <span class='ocrx_word' id='word_1_604' title='bbox 2824 3002 3101 3067; x_wconf 84' lang='lat' dir='ltr'><strong>martyres</strong></span> <span class='ocrx_word' id='word_1_605' title='bbox 3129 2994 3185 3050; x_wconf 92' lang='lat' dir='ltr'><strong>in</strong></span> <span class='ocrx_word' id='word_1_606' title='bbox 3232 2994 3354 3051; x_wconf 88' lang='lat' dir='ltr'><strong>visu</strong></span> <span class='ocrx_word' id='word_1_607' title='bbox 3399 2994 3675 3059; x_wconf 86' lang='lat' dir='ltr'><strong>videntur,</strong></span> <span class='ocrx_word' id='word_1_608' title='bbox 3706 3004 3760 3051; x_wconf 87' lang='lat' dir='ltr'><strong>et</strong></span> 
     </span>
    </p>
   </div>
   <div class='ocr_carea' id='block_1_89' title="bbox 2181 3084 3762 3157">
    <p class='ocr_par' dir='ltr' id='par_1_89' title="bbox 2181 3084 3762 3157">
     <span class='ocr_line' id='line_1_89' title="bbox 2181 3084 3762 3157; baseline 0.002 -18"><span class='ocrx_word' id='word_1_609' title='bbox 2181 3084 2283 3140; x_wconf 86' lang='lat' dir='ltr'><strong>visi</strong></span> <span class='ocrx_word' id='word_1_610' title='bbox 2307 3085 2619 3155; x_wconf 80' lang='lat' dir='ltr'><strong>passionem</strong></span> <span class='ocrx_word' id='word_1_611' title='bbox 2651 3086 2918 3140; x_wconf 89' lang='lat' dir='ltr'><strong>continuo</strong></span> <span class='ocrx_word' id='word_1_612' title='bbox 2969 3085 3162 3157; x_wconf 84' lang='lat' dir='ltr'><strong>fugant</strong></span> <span class='ocrx_word' id='word_1_613' title='bbox 3232 3088 3337 3142; x_wconf 87' lang='lat' dir='ltr'><strong>hoc</strong></span> <span class='ocrx_word' id='word_1_614' title='bbox 3397 3085 3762 3142; x_wconf 89' lang='lat' dir='ltr'><strong>medicamine</strong></span> 
     </span>
    </p>
   </div>
   <div class='ocr_carea' id='block_1_90' title="bbox 2177 3175 3762 3247">
    <p class='ocr_par' dir='ltr' id='par_1_90' title="bbox 2177 3175 3762 3247">
     <span class='ocr_line' id='line_1_90' title="bbox 2177 3175 3762 3247; baseline 0.003 -16"><span class='ocrx_word' id='word_1_615' title='bbox 2177 3176 2286 3232; x_wconf 91' lang='lat' dir='ltr'><strong>usi.</strong></span> <span class='ocrx_word' id='word_1_616' title='bbox 2335 3175 2497 3232; x_wconf 86' lang='lat' dir='ltr'><strong>Porci</strong></span> <span class='ocrx_word' id='word_1_617' title='bbox 2558 3192 2920 3247; x_wconf 84' lang='lat' dir='ltr'><strong>pnettmonem</strong></span> <span class='ocrx_word' id='word_1_618' title='bbox 2987 3191 3228 3246; x_wconf 89' lang='lat' dir='ltr'><strong>sumere,</strong></span> <span class='ocrx_word' id='word_1_619' title='bbox 3269 3187 3326 3234; x_wconf 83' lang='lat' dir='ltr'><strong>et</strong></span> <span class='ocrx_word' id='word_1_620' title='bbox 3360 3185 3570 3236; x_wconf 90' lang='lat' dir='ltr'><strong>torrere</strong></span> <span class='ocrx_word' id='word_1_621' title='bbox 3612 3179 3762 3236; x_wconf 85' lang='lat' dir='ltr'><strong>hunc</strong></span> 
     </span>
    </p>
   </div>
   <div class='ocr_carea' id='block_1_91' title="bbox 2175 3268 3765 3340">
    <p class='ocr_par' dir='ltr' id='par_1_91' title="bbox 2175 3268 3765 3340">
     <span class='ocr_line' id='line_1_91' title="bbox 2175 3268 3765 3340; baseline 0.003 -17"><span class='ocrx_word' id='word_1_622' title='bbox 2175 3269 2319 3340; x_wconf 85' lang='lat' dir='ltr'><strong>ignis</strong></span> <span class='ocrx_word' id='word_1_623' title='bbox 2349 3268 2403 3323; x_wconf 88' lang='lat' dir='ltr'><strong>itt</strong></span> <span class='ocrx_word' id='word_1_624' title='bbox 2438 3268 2634 3340; x_wconf 83' lang='lat' dir='ltr'><strong>prunis</strong></span> <span class='ocrx_word' id='word_1_625' title='bbox 2673 3277 2727 3325; x_wconf 90' lang='lat' dir='ltr'><strong>et</strong></span> <span class='ocrx_word' id='word_1_626' title='bbox 2767 3269 2977 3326; x_wconf 85' lang='lat' dir='ltr'><strong>torrido</strong></span> <span class='ocrx_word' id='word_1_627' title='bbox 3007 3284 3131 3326; x_wconf 90' lang='lat' dir='ltr'><strong>cum</strong></span> <span class='ocrx_word' id='word_1_628' title='bbox 3158 3270 3288 3325; x_wconf 85' lang='lat' dir='ltr'><strong>vino</strong></span> <span class='ocrx_word' id='word_1_629' title='bbox 3314 3271 3476 3328; x_wconf 87' lang='lat' dir='ltr'><strong>linire</strong></span> <span class='ocrx_word' id='word_1_630' title='bbox 3505 3287 3571 3328; x_wconf 87' lang='lat' dir='ltr'><strong>ac</strong></span> <span class='ocrx_word' id='word_1_631' title='bbox 3601 3272 3765 3328; x_wconf 82' lang='lat' dir='ltr'><strong>ittttn-</strong></span> 
     </span>
    </p>
   </div>
   <div class='ocr_carea' id='block_1_92' title="bbox 2176 3359 3758 3434">
    <p class='ocr_par' dir='ltr' id='par_1_92' title="bbox 2176 3359 3758 3434">
     <span class='ocr_line' id='line_1_92' title="bbox 2176 3359 3758 3434; baseline 0.001 -19"><span class='ocrx_word' id='word_1_632' title='bbox 2176 3375 2304 3430; x_wconf 85' lang='lat' dir='ltr'><strong>gerc</strong></span> <span class='ocrx_word' id='word_1_633' title='bbox 2343 3359 2587 3415; x_wconf 86' lang='lat' dir='ltr'><strong>membra</strong></span> <span class='ocrx_word' id='word_1_634' title='bbox 2633 3375 2755 3432; x_wconf 71' lang='lat' dir='ltr'><strong>quae</strong></span> <span class='ocrx_word' id='word_1_635' title='bbox 2809 3361 3180 3431; x_wconf 87' lang='lat' dir='ltr'><strong>patiebantur,</strong></span> <span class='ocrx_word' id='word_1_636' title='bbox 3232 3363 3577 3434; x_wconf 67' lang='lat' dir='ltr'><strong>praecipiunt.</strong></span> <span class='ocrx_word' id='word_1_637' title='bbox 3620 3364 3758 3430; x_wconf 84' lang='lat' dir='ltr'><strong>Quia</strong></span> 
     </span>
    </p>
   </div>
   <div class='ocr_carea' id='block_1_93' title="bbox 2177 3452 3761 3525">
    <p class='ocr_par' dir='ltr' id='par_1_93' title="bbox 2177 3452 3761 3525">
     <span class='ocr_line' id='line_1_93' title="bbox 2177 3452 3761 3525; baseline 0.005 -20"><span class='ocrx_word' id='word_1_638' title='bbox 2177 3467 2310 3508; x_wconf 90' lang='lat' dir='ltr'><strong>vero</strong></span> <span class='ocrx_word' id='word_1_639' title='bbox 2340 3453 2572 3524; x_wconf 89' lang='lat' dir='ltr'><strong>gratiam</strong></span> <span class='ocrx_word' id='word_1_640' title='bbox 2606 3454 2896 3524; x_wconf 87' lang='lat' dir='ltr'><strong>oportebat</strong></span> <span class='ocrx_word' id='word_1_641' title='bbox 2949 3468 3060 3509; x_wconf 91' lang='lat' dir='ltr'><strong>non</strong></span> <span class='ocrx_word' id='word_1_642' title='bbox 3112 3452 3485 3525; x_wconf 83' lang='lat' dir='ltr'><strong>imperfectam</strong></span> <span class='ocrx_word' id='word_1_643' title='bbox 3535 3466 3761 3514; x_wconf 85' lang='lat' dir='ltr'><strong>sanctos</strong></span> 
     </span>
    </p>
   </div>
   <div class='ocr_carea' id='block_1_94' title="bbox 2176 3543 3764 3618">
    <p class='ocr_par' dir='ltr' id='par_1_94' title="bbox 2176 3543 3764 3618">
     <span class='ocr_line' id='line_1_94' title="bbox 2176 3543 3764 3618; baseline 0.001 -18"><span class='ocrx_word' id='word_1_644' title='bbox 2176 3546 2406 3610; x_wconf 89' lang='lat' dir='ltr'><strong>donare,</strong></span> <span class='ocrx_word' id='word_1_645' title='bbox 2438 3543 2789 3602; x_wconf 79' lang='lat' dir='ltr'><strong>Theodorum</strong></span> <span class='ocrx_word' id='word_1_646' title='bbox 2819 3545 3040 3617; x_wconf 90' lang='lat' dir='ltr'><strong>quidem</strong></span> <span class='ocrx_word' id='word_1_647' title='bbox 3097 3546 3375 3618; x_wconf 63' lang='lat' dir='ltr'><strong>praedictis</strong></span> <span class='ocrx_word' id='word_1_648' title='bbox 3428 3556 3764 3603; x_wconf 83' lang='lat' dir='ltr'><strong>sanaverttnt</strong></span> 
     </span>
    </p>
   </div>
   <div class='ocr_carea' id='block_1_95' title="bbox 2182 3635 3757 3708">
    <p class='ocr_par' dir='ltr' id='par_1_95' title="bbox 2182 3635 3757 3708">
     <span class='ocr_line' id='line_1_95' title="bbox 2182 3635 3757 3708; baseline 0.001 -19"><span class='ocrx_word' id='word_1_649' title='bbox 2182 3635 2427 3702; x_wconf 79' lang='lat' dir='ltr'><strong>auxiliis,</strong></span> <span class='ocrx_word' id='word_1_650' title='bbox 2453 3651 2519 3693; x_wconf 91' lang='lat' dir='ltr'><strong>eo</strong></span> <span class='ocrx_word' id='word_1_651' title='bbox 2547 3651 2677 3693; x_wconf 77' lang='lat' dir='ltr'><strong>vero</strong></span> <span class='ocrx_word' id='word_1_652' title='bbox 2700 3636 2792 3708; x_wconf 91' lang='lat' dir='ltr'><strong>qui</strong></span> <span class='ocrx_word' id='word_1_653' title='bbox 2825 3636 3035 3707; x_wconf 87' lang='lat' dir='ltr'><strong>magias</strong></span> <span class='ocrx_word' id='word_1_654' title='bbox 3063 3636 3314 3691; x_wconf 82' lang='lat' dir='ltr'><strong>exercuit</strong></span> <span class='ocrx_word' id='word_1_655' title='bbox 3375 3636 3584 3708; x_wconf 89' lang='lat' dir='ltr'><strong>agnito,</strong></span> <span class='ocrx_word' id='word_1_656' title='bbox 3643 3655 3757 3692; x_wconf 87' lang='lat' dir='ltr'><strong>tua-</strong></span> 
     </span>
    </p>
   </div>
   <div class='ocr_carea' id='block_1_96' title="bbox 2180 3726 3762 3800">
    <p class='ocr_par' dir='ltr' id='par_1_96' title="bbox 2180 3726 3762 3800">
     <span class='ocr_line' id='line_1_96' title="bbox 2180 3726 3762 3800; baseline 0.002 -19"><span class='ocrx_word' id='word_1_657' title='bbox 2180 3727 2395 3799; x_wconf 75' lang='lat' dir='ltr'><strong>giteqtte</strong></span> <span class='ocrx_word' id='word_1_658' title='bbox 2430 3728 2656 3800; x_wconf 87' lang='lat' dir='ltr'><strong>organis</strong></span> <span class='ocrx_word' id='word_1_659' title='bbox 2676 3727 3003 3798; x_wconf 79' lang='lat' dir='ltr'><strong>manifestis</strong></span> <span class='ocrx_word' id='word_1_660' title='bbox 3043 3727 3283 3794; x_wconf 80' lang='lat' dir='ltr'><strong>effectis,</strong></span> <span class='ocrx_word' id='word_1_661' title='bbox 3304 3726 3520 3798; x_wconf 82' lang='lat' dir='ltr'><strong>dignam</strong></span> <span class='ocrx_word' id='word_1_662' title='bbox 3551 3729 3762 3784; x_wconf 87' lang='lat' dir='ltr'><strong>auctori</strong></span> 
     </span>
    </p>
   </div>
   <div class='ocr_carea' id='block_1_97' title="bbox 2183 3817 3765 3887">
    <p class='ocr_par' dir='ltr' id='par_1_97' title="bbox 2183 3817 3765 3887">
     <span class='ocr_line' id='line_1_97' title="bbox 2183 3817 3765 3887; baseline 0.001 -13"><span class='ocrx_word' id='word_1_663' title='bbox 2183 3818 2628 3874; x_wconf 88' lang='lat' dir='ltr'><strong>vicissitudinem</strong></span> <span class='ocrx_word' id='word_1_664' title='bbox 2662 3819 2937 3887; x_wconf 82' lang='lat' dir='ltr'><strong>tribuunt.</strong></span> <span class='ocrx_word' id='word_1_665' title='bbox 2989 3818 3222 3885; x_wconf 81' lang='lat' dir='ltr'><strong>Quando</strong></span> <span class='ocrx_word' id='word_1_666' title='bbox 3280 3818 3425 3873; x_wconf 85' lang='lat' dir='ltr'><strong>enim</strong></span> <span class='ocrx_word' id='word_1_667' title='bbox 3475 3817 3765 3876; x_wconf 86' lang='lat' dir='ltr'><strong>Theodoro</strong></span> 
     </span>
    </p>
   </div>
   <div class='ocr_carea' id='block_1_98' title="bbox 2182 3908 3766 3983">
    <p class='ocr_par' dir='ltr' id='par_1_98' title="bbox 2182 3908 3766 3983">
     <span class='ocr_line' id='line_1_98' title="bbox 2182 3908 3766 3983; baseline 0.003 -19"><span class='ocrx_word' id='word_1_668' title='bbox 2182 3909 2460 3965; x_wconf 80' lang='lat' dir='ltr'><strong>conficere</strong></span> <span class='ocrx_word' id='word_1_669' title='bbox 2516 3908 2915 3966; x_wconf 84' lang='lat' dir='ltr'><strong>adminiculum</strong></span> <span class='ocrx_word' id='word_1_670' title='bbox 2977 3922 3378 3983; x_wconf 84' lang='lat' dir='ltr'><strong>praeceperunt,</strong></span> <span class='ocrx_word' id='word_1_671' title='bbox 3440 3912 3601 3967; x_wconf 82' lang='lat' dir='ltr'><strong>etiam</strong></span> <span class='ocrx_word' id='word_1_672' title='bbox 3663 3913 3766 3969; x_wconf 81' lang='lat' dir='ltr'><strong>hoc</strong></span> 
     </span>
    </p>
   </div>
   <div class='ocr_carea' id='block_1_99' title="bbox 2178 4000 3768 4076">
    <p class='ocr_par' dir='ltr' id='par_1_99' title="bbox 2178 4000 3768 4076">
     <span class='ocr_line' id='line_1_99' title="bbox 2178 4000 3768 4076; baseline 0.003 -20"><span class='ocrx_word' id='word_1_673' title='bbox 2178 4000 2415 4072; x_wconf 68' lang='lat' dir='ltr'><strong>iussioni</strong></span> <span class='ocrx_word' id='word_1_674' title='bbox 2471 4002 2800 4072; x_wconf 89' lang='lat' dir='ltr'><strong>miscebant,</strong></span> <span class='ocrx_word' id='word_1_675' title='bbox 2844 4001 3016 4071; x_wconf 81' lang='lat' dir='ltr'><strong>Mitte,</strong></span> <span class='ocrx_word' id='word_1_676' title='bbox 3039 4002 3284 4059; x_wconf 85' lang='lat' dir='ltr'><strong>dicentes</strong></span> <span class='ocrx_word' id='word_1_677' title='bbox 3309 4019 3640 4076; x_wconf 86' lang='lat' dir='ltr'><strong>quemquam</strong></span> <span class='ocrx_word' id='word_1_678' title='bbox 3665 4005 3768 4060; x_wconf 83' lang='lat' dir='ltr'><strong>nti-</strong></span> 
     </span>
    </p>
   </div>
   <div class='ocr_carea' id='block_1_100' title="bbox 2185 4094 3762 4169">
    <p class='ocr_par' dir='ltr' id='par_1_100' title="bbox 2185 4094 3762 4169">
     <span class='ocr_line' id='line_1_100' title="bbox 2185 4094 3762 4169; baseline 0.003 -20"><span class='ocrx_word' id='word_1_679' title='bbox 2185 4094 2540 4151; x_wconf 87' lang='lat' dir='ltr'><strong>ttistrantinm</strong></span> <span class='ocrx_word' id='word_1_680' title='bbox 2574 4094 2669 4150; x_wconf 88' lang='lat' dir='ltr'><strong>tibi</strong></span> <span class='ocrx_word' id='word_1_681' title='bbox 2700 4094 2766 4150; x_wconf 88' lang='lat' dir='ltr'><strong>ad</strong></span> <span class='ocrx_word' id='word_1_682' title='bbox 2801 4094 3096 4169; x_wconf 84' lang='lat' dir='ltr'><strong>Lapitltott,</strong></span> <span class='ocrx_word' id='word_1_683' title='bbox 3118 4103 3179 4151; x_wconf 86' lang='lat' dir='ltr'><strong>et</strong></span> <span class='ocrx_word' id='word_1_684' title='bbox 3232 4094 3359 4153; x_wconf 87' lang='lat' dir='ltr'><strong>ante</strong></span> <span class='ocrx_word' id='word_1_685' title='bbox 3391 4096 3572 4153; x_wconf 88' lang='lat' dir='ltr'><strong>cubile</strong></span> <span class='ocrx_word' id='word_1_686' title='bbox 3607 4107 3762 4153; x_wconf 90' lang='lat' dir='ltr'><strong>tttttm</strong></span> 
     </span>
    </p>
   </div>
   <div class='ocr_carea' id='block_1_101' title="bbox 2183 4184 3769 4257">
    <p class='ocr_par' dir='ltr' id='par_1_101' title="bbox 2183 4184 3769 4257">
     <span class='ocr_line' id='line_1_101' title="bbox 2183 4184 3769 4257; baseline 0.004 -17"><span class='ocrx_word' id='word_1_687' title='bbox 2183 4201 2296 4256; x_wconf 81' lang='lat' dir='ltr'><strong>prae</strong></span> <span class='ocrx_word' id='word_1_688' title='bbox 2322 4184 2533 4242; x_wconf 88' lang='lat' dir='ltr'><strong>foribus</strong></span> <span class='ocrx_word' id='word_1_689' title='bbox 2594 4184 2780 4243; x_wconf 83' lang='lat' dir='ltr'><strong>fodere</strong></span> <span class='ocrx_word' id='word_1_690' title='bbox 2825 4188 3073 4257; x_wconf 89' lang='lat' dir='ltr'><strong>dispone.</strong></span> <span class='ocrx_word' id='word_1_691' title='bbox 3134 4184 3249 4241; x_wconf 90' lang='lat' dir='ltr'><strong>Illic</strong></span> <span class='ocrx_word' id='word_1_692' title='bbox 3278 4186 3424 4242; x_wconf 88' lang='lat' dir='ltr'><strong>cnint</strong></span> <span class='ocrx_word' id='word_1_693' title='bbox 3457 4186 3769 4246; x_wconf 68' lang='lat' dir='ltr'><strong>insidiantis</strong></span> 
     </span>
    </p>
   </div>
   <div class='ocr_carea' id='block_1_102' title="bbox 2185 4276 3769 4337">
    <p class='ocr_par' dir='ltr' id='par_1_102' title="bbox 2185 4276 3769 4337">
     <span class='ocr_line' id='line_1_102' title="bbox 2185 4276 3769 4337; baseline 0.001 -7"><span class='ocrx_word' id='word_1_694' title='bbox 2185 4276 2439 4332; x_wconf 89' lang='lat' dir='ltr'><strong>invenies</strong></span> <span class='ocrx_word' id='word_1_695' title='bbox 2526 4276 2856 4333; x_wconf 83' lang='lat' dir='ltr'><strong>maleficium</strong></span> <span class='ocrx_word' id='word_1_696' title='bbox 2912 4276 3017 4335; x_wconf 82' lang='lat' dir='ltr'><strong>sub</strong></span> <span class='ocrx_word' id='word_1_697' title='bbox 3070 4277 3347 4337; x_wconf 75' lang='lat' dir='ltr'><strong>vestibulo</strong></span> <span class='ocrx_word' id='word_1_698' title='bbox 3412 4277 3769 4334; x_wconf 85' lang='lat' dir='ltr'><strong>invisibiliter</strong></span> 
     </span>
    </p>
   </div>
   <div class='ocr_carea' id='block_1_103' title="bbox 2184 4364 3769 4441">
    <p class='ocr_par' dir='ltr' id='par_1_103' title="bbox 2184 4364 3769 4441">
     <span class='ocr_line' id='line_1_103' title="bbox 2184 4364 3769 4441; baseline 0.001 -19"><span class='ocrx_word' id='word_1_699' title='bbox 2184 4375 2539 4436; x_wconf 88' lang='lat' dir='ltr'><strong>coopertum;</strong></span> <span class='ocrx_word' id='word_1_700' title='bbox 2570 4364 2716 4438; x_wconf 89' lang='lat' dir='ltr'><strong>quod</strong></span> <span class='ocrx_word' id='word_1_701' title='bbox 2742 4366 3154 4423; x_wconf 85' lang='lat' dir='ltr'><strong>manifestatum</strong></span> <span class='ocrx_word' id='word_1_702' title='bbox 3192 4381 3341 4436; x_wconf 74' lang='lat' dir='ltr'><strong>mox,</strong></span> <span class='ocrx_word' id='word_1_703' title='bbox 3372 4384 3496 4424; x_wconf 88' lang='lat' dir='ltr'><strong>eum</strong></span> <span class='ocrx_word' id='word_1_704' title='bbox 3530 4367 3626 4441; x_wconf 92' lang='lat' dir='ltr'><strong>qui</strong></span> <span class='ocrx_word' id='word_1_705' title='bbox 3688 4369 3769 4425; x_wconf 85' lang='lat' dir='ltr'><strong>fe-</strong></span> 
     </span>
    </p>
   </div>
   <div class='ocr_carea' id='block_1_104' title="bbox 2185 4456 3766 4531">
    <p class='ocr_par' dir='ltr' id='par_1_104' title="bbox 2185 4456 3766 4531">
     <span class='ocr_line' id='line_1_104' title="bbox 2185 4456 3766 4531; baseline 0.003 -18"><span class='ocrx_word' id='word_1_706' title='bbox 2185 4459 2261 4514; x_wconf 90' lang='lat' dir='ltr'><strong>cit</strong></span> <span class='ocrx_word' id='word_1_707' title='bbox 2290 4458 2590 4514; x_wconf 89' lang='lat' dir='ltr'><strong>interimet.</strong></span> <span class='ocrx_word' id='word_1_708' title='bbox 2660 4456 2886 4517; x_wconf 74' lang='lat' dir='ltr'><strong>Mittens</strong></span> <span class='ocrx_word' id='word_1_709' title='bbox 2914 4468 3096 4518; x_wconf 90' lang='lat' dir='ltr'><strong>autem</strong></span> <span class='ocrx_word' id='word_1_710' title='bbox 3124 4458 3447 4521; x_wconf 88' lang='lat' dir='ltr'><strong>Theodorus</strong></span> <span class='ocrx_word' id='word_1_711' title='bbox 3476 4461 3766 4531; x_wconf 89' lang='lat' dir='ltr'><strong>sicutjus-</strong></span> 
     </span>
    </p>
   </div>
   <div class='ocr_carea' id='block_1_105' title="bbox 2188 4550 3769 4627">
    <p class='ocr_par' dir='ltr' id='par_1_105' title="bbox 2188 4550 3769 4627">
     <span class='ocr_line' id='line_1_105' title="bbox 2188 4550 3769 4627; baseline 0.001 -18"><span class='ocrx_word' id='word_1_712' title='bbox 2188 4566 2285 4609; x_wconf 85' lang='lat' dir='ltr'><strong>sus</strong></span> <span class='ocrx_word' id='word_1_713' title='bbox 2321 4559 2406 4607; x_wconf 90' lang='lat' dir='ltr'><strong>est</strong></span> <span class='ocrx_word' id='word_1_714' title='bbox 2440 4550 2507 4606; x_wconf 91' lang='lat' dir='ltr'><strong>ad</strong></span> <span class='ocrx_word' id='word_1_715' title='bbox 2529 4550 2644 4622; x_wconf 84' lang='lat' dir='ltr'><strong>jam</strong></span> <span class='ocrx_word' id='word_1_716' title='bbox 2678 4551 2886 4607; x_wconf 90' lang='lat' dir='ltr'><strong>dictum</strong></span> <span class='ocrx_word' id='word_1_717' title='bbox 2924 4552 3125 4613; x_wconf 83' lang='lat' dir='ltr'><strong>locum.</strong></span> <span class='ocrx_word' id='word_1_718' title='bbox 3181 4550 3517 4610; x_wconf 81' lang='lat' dir='ltr'><strong>inﬁrmitatis</strong></span> <span class='ocrx_word' id='word_1_719' title='bbox 3552 4556 3769 4627; x_wconf 82' lang='lat' dir='ltr'><strong>.reperit</strong></span> 
     </span>
    </p>
   </div>
   <div class='ocr_carea' id='block_1_106' title="bbox 2187 4641 3768 4718">
    <p class='ocr_par' dir='ltr' id='par_1_106' title="bbox 2187 4641 3768 4718">
     <span class='ocr_line' id='line_1_106' title="bbox 2187 4641 3768 4718; baseline 0.004 -22"><span class='ocrx_word' id='word_1_720' title='bbox 2187 4656 2435 4698; x_wconf 88' lang='lat' dir='ltr'><strong>causam.</strong></span> <span class='ocrx_word' id='word_1_721' title='bbox 2484 4641 2551 4696; x_wconf 90' lang='lat' dir='ltr'><strong>Et</strong></span> <span class='ocrx_word' id='word_1_722' title='bbox 2584 4642 3033 4715; x_wconf 80' lang='lat' dir='ltr'><strong>hacapparente,</strong></span> <span class='ocrx_word' id='word_1_723' title='bbox 3084 4645 3177 4716; x_wconf 89' lang='lat' dir='ltr'><strong>qui</strong></span> <span class='ocrx_word' id='word_1_724' title='bbox 3214 4645 3352 4701; x_wconf 88' lang='lat' dir='ltr'><strong>male</strong></span> <span class='ocrx_word' id='word_1_725' title='bbox 3406 4644 3459 4700; x_wconf 89' lang='lat' dir='ltr'><strong>id</strong></span> <span class='ocrx_word' id='word_1_726' title='bbox 3506 4656 3768 4718; x_wconf 81' lang='lat' dir='ltr'><strong>operatus</strong></span> 
     </span>
    </p>
   </div>
   <div class='ocr_carea' id='block_1_107' title="bbox 2186 4722 3768 4810">
    <p class='ocr_par' dir='ltr' id='par_1_107' title="bbox 2186 4722 3768 4810">
     <span class='ocr_line' id='line_1_107' title="bbox 2186 4722 3768 4810; baseline 0.005 -24"><span class='ocrx_word' id='word_1_727' title='bbox 2186 4738 2293 4797; x_wconf 91' lang='lat' dir='ltr'><strong>est,</strong></span> <span class='ocrx_word' id='word_1_728' title='bbox 2316 4730 2502 4785; x_wconf 82' lang='lat' dir='ltr'><strong>statim</strong></span> <span class='ocrx_word' id='word_1_729' title='bbox 2527 4722 2822 4810; x_wconf 86' lang='lat' dir='ltr'><strong>disparuit,</strong></span> <span class='ocrx_word' id='word_1_730' title='bbox 2853 4746 3027 4792; x_wconf 89' lang='lat' dir='ltr'><strong>morte</strong></span> <span class='ocrx_word' id='word_1_731' title='bbox 3059 4736 3208 4793; x_wconf 89' lang='lat' dir='ltr'><strong>hunc</strong></span> <span class='ocrx_word' id='word_1_732' title='bbox 3237 4738 3492 4809; x_wconf 84' lang='lat' dir='ltr'><strong>protinus</strong></span> <span class='ocrx_word' id='word_1_733' title='bbox 3521 4739 3768 4810; x_wconf 82' lang='lat' dir='ltr'><strong>rapiente</strong></span> 
     </span>
    </p>
   </div>
   <div class='ocr_carea' id='block_1_108' title="bbox 2188 4810 3766 4892">
    <p class='ocr_par' dir='ltr' id='par_1_108' title="bbox 2188 4810 3766 4892">
     <span class='ocr_line' id='line_1_108' title="bbox 2188 4810 3766 4892; baseline 0.008 -17"><span class='ocrx_word' id='word_1_734' title='bbox 2188 4829 2243 4875; x_wconf 88' lang='lat' dir='ltr'><strong>et</strong></span> <span class='ocrx_word' id='word_1_735' title='bbox 2293 4829 2598 4892; x_wconf 84' lang='lat' dir='ltr'><strong>martyrum</strong></span> <span class='ocrx_word' id='word_1_736' title='bbox 2651 4834 2790 4879; x_wconf 92' lang='lat' dir='ltr'><strong>nutu</strong></span> <span class='ocrx_word' id='word_1_737' title='bbox 2852 4823 3204 4883; x_wconf 84' lang='lat' dir='ltr'><strong>Theodorum</strong></span> <span class='ocrx_word' id='word_1_738' title='bbox 3261 4827 3605 4886; x_wconf 82' lang='lat' dir='ltr'><strong>defendente.</strong></span> <span class='ocrx_word' id='word_1_739' title='bbox 3658 4810 3766 4886; x_wconf 80' lang='lat' dir='ltr'><strong>Ile-</strong></span> 
     </span>
    </p>
   </div>
   <div class='ocr_carea' id='block_1_109' title="bbox 2184 4912 3765 4991">
    <p class='ocr_par' dir='ltr' id='par_1_109' title="bbox 2184 4912 3765 4991">
     <span class='ocr_line' id='line_1_109' title="bbox 2184 4912 3765 4991; baseline 0.007 -24"><span class='ocrx_word' id='word_1_740' title='bbox 2184 4912 2366 4969; x_wconf 76' lang='lat' dir='ltr'><strong>brteus</strong></span> <span class='ocrx_word' id='word_1_741' title='bbox 2420 4922 2605 4970; x_wconf 89' lang='lat' dir='ltr'><strong>autem</strong></span> <span class='ocrx_word' id='word_1_742' title='bbox 2640 4924 2782 4981; x_wconf 90' lang='lat' dir='ltr'><strong>erat,</strong></span> <span class='ocrx_word' id='word_1_743' title='bbox 2829 4928 2884 4972; x_wconf 89' lang='lat' dir='ltr'><strong>et</strong></span> <span class='ocrx_word' id='word_1_744' title='bbox 2938 4916 3330 4991; x_wconf 83' lang='lat' dir='ltr'><strong>hujuscemodi</strong></span> <span class='ocrx_word' id='word_1_745' title='bbox 3382 4922 3765 4979; x_wconf 63' lang='lat' dir='ltr'><strong>aestimationis</strong></span> 
     </span>
    </p>
   </div>
   <div class='ocr_carea' id='block_1_110' title="bbox 2184 5004 3766 5084">
    <p class='ocr_par' dir='ltr' id='par_1_110' title="bbox 2184 5004 3766 5084">
     <span class='ocr_line' id='line_1_110' title="bbox 2184 5004 3766 5084; baseline 0.006 -26"><span class='ocrx_word' id='word_1_746' title='bbox 2184 5004 2336 5060; x_wconf 89' lang='lat' dir='ltr'><strong>nullo</strong></span> <span class='ocrx_word' id='word_1_747' title='bbox 2364 5006 2527 5062; x_wconf 90' lang='lat' dir='ltr'><strong>modo</strong></span> <span class='ocrx_word' id='word_1_748' title='bbox 2563 5008 2733 5075; x_wconf 88' lang='lat' dir='ltr'><strong>liber;</strong></span> <span class='ocrx_word' id='word_1_749' title='bbox 2771 5020 2993 5082; x_wconf 88' lang='lat' dir='ltr'><strong>propter</strong></span> <span class='ocrx_word' id='word_1_750' title='bbox 3024 5013 3171 5084; x_wconf 87' lang='lat' dir='ltr'><strong>quod</strong></span> <span class='ocrx_word' id='word_1_751' title='bbox 3198 5023 3254 5069; x_wconf 84' lang='lat' dir='ltr'><strong>et</strong></span> <span class='ocrx_word' id='word_1_752' title='bbox 3277 5028 3504 5084; x_wconf 87' lang='lat' dir='ltr'><strong>operum</strong></span> <span class='ocrx_word' id='word_1_753' title='bbox 3535 5016 3766 5068; x_wconf 88' lang='lat' dir='ltr'><strong>messuit</strong></span> 
     </span>
    </p>
   </div>
   <div class='ocr_carea' id='block_1_111' title="bbox 2187 5098 3767 5176">
    <p class='ocr_par' dir='ltr' id='par_1_111' title="bbox 2187 5098 3767 5176">
     <span class='ocr_line' id='line_1_111' title="bbox 2187 5098 3767 5176; baseline 0.011 -27"><span class='ocrx_word' id='word_1_754' title='bbox 2187 5098 2536 5167; x_wconf 86' lang='lat' dir='ltr'><strong>propriorum</strong></span> <span class='ocrx_word' id='word_1_755' title='bbox 2578 5100 2818 5171; x_wconf 88' lang='lat' dir='ltr'><strong>labores,</strong></span> <span class='ocrx_word' id='word_1_756' title='bbox 2861 5116 3234 5175; x_wconf 86' lang='lat' dir='ltr'><strong>competentes</strong></span> <span class='ocrx_word' id='word_1_757' title='bbox 3291 5107 3568 5176; x_wconf 87' lang='lat' dir='ltr'><strong>accipiens</strong></span> <span class='ocrx_word' id='word_1_758' title='bbox 3623 5108 3767 5175; x_wconf 70' lang='lat' dir='ltr'><strong>agri-</strong></span> 
     </span>
    </p>
   </div>
   <div class='ocr_carea' id='block_1_112' title="bbox 2187 5188 3767 5262">
    <p class='ocr_par' dir='ltr' id='par_1_112' title="bbox 2187 5188 3767 5262">
     <span class='ocr_line' id='line_1_112' title="bbox 2187 5188 3767 5262; baseline 0.007 -20"><span class='ocrx_word' id='word_1_759' title='bbox 2187 5188 2418 5245; x_wconf 82' lang='lat' dir='ltr'><strong>culturae</strong></span> <span class='ocrx_word' id='word_1_760' title='bbox 2447 5192 2777 5262; x_wconf 86' lang='lat' dir='ltr'><strong>manipulos.</strong></span> <span class='ocrx_word' id='word_1_761' title='bbox 2834 5197 3009 5252; x_wconf 92' lang='lat' dir='ltr'><strong>Porro</strong></span> <span class='ocrx_word' id='word_1_762' title='bbox 3057 5214 3160 5253; x_wconf 91' lang='lat' dir='ltr'><strong>nos</strong></span> <span class='ocrx_word' id='word_1_763' title='bbox 3206 5207 3523 5254; x_wconf 87' lang='lat' dir='ltr'><strong>sanctorum</strong></span> <span class='ocrx_word' id='word_1_764' title='bbox 3569 5198 3767 5254; x_wconf 78' lang='lat' dir='ltr'><strong>rubere</strong></span> 
     </span>
    </p>
   </div>
   <div class='ocr_carea' id='block_1_113' title="bbox 2188 5280 3765 5361">
    <p class='ocr_par' dir='ltr' id='par_1_113' title="bbox 2188 5280 3765 5361">
     <span class='ocr_line' id='line_1_113' title="bbox 2188 5280 3765 5361; baseline 0.006 -28"><span class='ocrx_word' id='word_1_765' title='bbox 2188 5280 2527 5348; x_wconf 90' lang='lat' dir='ltr'><strong>collaudato,</strong></span> <span class='ocrx_word' id='word_1_766' title='bbox 2570 5293 2625 5339; x_wconf 88' lang='lat' dir='ltr'><strong>ct</strong></span> <span class='ocrx_word' id='word_1_767' title='bbox 2675 5285 2835 5341; x_wconf 87' lang='lat' dir='ltr'><strong>sicuti</strong></span> <span class='ocrx_word' id='word_1_768' title='bbox 2868 5302 3163 5358; x_wconf 89' lang='lat' dir='ltr'><strong>possumus</strong></span> <span class='ocrx_word' id='word_1_769' title='bbox 3191 5289 3274 5344; x_wconf 88' lang='lat' dir='ltr'><strong>cis</strong></span> <span class='ocrx_word' id='word_1_770' title='bbox 3311 5288 3529 5360; x_wconf 87' lang='lat' dir='ltr'><strong>hymnis</strong></span> <span class='ocrx_word' id='word_1_771' title='bbox 3556 5288 3765 5361; x_wconf 82' lang='lat' dir='ltr'><strong>glorifi-</strong></span> 
     </span>
    </p>
   </div>
   <div class='ocr_carea' id='block_1_114' title="bbox 2188 5370 3765 5452">
    <p class='ocr_par' dir='ltr' id='par_1_114' title="bbox 2188 5370 3765 5452">
     <span class='ocr_line' id='line_1_114' title="bbox 2188 5370 3765 5452; baseline 0.006 -29"><span class='ocrx_word' id='word_1_772' title='bbox 2188 5370 2351 5437; x_wconf 85' lang='lat' dir='ltr'><strong>catis,</strong></span> <span class='ocrx_word' id='word_1_773' title='bbox 2389 5372 2499 5427; x_wconf 86' lang='lat' dir='ltr'><strong>alia</strong></span> <span class='ocrx_word' id='word_1_774' title='bbox 2538 5389 2732 5431; x_wconf 81' lang='lat' dir='ltr'><strong>eorum</strong></span> <span class='ocrx_word' id='word_1_775' title='bbox 2766 5392 2875 5432; x_wconf 93' lang='lat' dir='ltr'><strong>non</strong></span> <span class='ocrx_word' id='word_1_776' title='bbox 2912 5378 3144 5435; x_wconf 84' lang='lat' dir='ltr'><strong>minoris</strong></span> <span class='ocrx_word' id='word_1_777' title='bbox 3176 5389 3358 5436; x_wconf 87' lang='lat' dir='ltr'><strong>motus</strong></span> <span class='ocrx_word' id='word_1_778' title='bbox 3397 5388 3563 5452; x_wconf 89' lang='lat' dir='ltr'><strong>atque</strong></span> <span class='ocrx_word' id='word_1_779' title='bbox 3590 5378 3765 5436; x_wconf 55' lang='lat' dir='ltr'><strong>virtu-</strong></span> 
     </span>
    </p>
   </div>
   <div class='ocr_carea' id='block_1_115' title="bbox 2188 5461 3145 5535">
    <p class='ocr_par' dir='ltr' id='par_1_115' title="bbox 2188 5461 3145 5535">
     <span class='ocr_line' id='line_1_115' title="bbox 2188 5461 3145 5535; baseline 0.011 -21"><span class='ocrx_word' id='word_1_780' title='bbox 2188 5461 2281 5528; x_wconf 86' lang='lat' dir='ltr'><strong>tis,</strong></span> <span class='ocrx_word' id='word_1_781' title='bbox 2309 5462 2413 5519; x_wconf 81' lang='lat' dir='ltr'><strong>hoc</strong></span> <span class='ocrx_word' id='word_1_782' title='bbox 2438 5465 2644 5535; x_wconf 79' lang='lat' dir='ltr'><strong>scripto</strong></span> <span class='ocrx_word' id='word_1_783' title='bbox 2675 5467 3145 5525; x_wconf 85' lang='lat' dir='ltr'><strong>denutttiabiutus.</strong></span> 
     </span>
    </p>
   </div>
   <div class='ocr_carea' id='block_1_116' title="bbox 2015 5632 2250 5694">
    <p class='ocr_par' dir='ltr' id='par_1_116' title="bbox 2015 5632 2250 5694">
     <span class='ocr_line' id='line_1_116' title="bbox 2015 5632 2250 5694; baseline 0.004 -1"><span class='ocrx_word' id='word_1_784' title='bbox 2015 5632 2250 5694; x_wconf 69' lang='lat' dir='ltr'><strong>NOTAE.</strong></span> 
     </span>
    </p>
   </div>
   <div class='ocr_carea' id='block_1_117' title="bbox 581 5721 2787 5802">
    <p class='ocr_par' dir='ltr' id='par_1_117' title="bbox 581 5721 2787 5802">
     <span class='ocr_line' id='line_1_117' title="bbox 581 5721 2787 5802; baseline 0.006 -25"><span class='ocrx_word' id='word_1_785' title='bbox 581 5721 696 5794; x_wconf 72' lang='lat'><strong>(52)</strong></span> <span class='ocrx_word' id='word_1_786' title='bbox 731 5721 949 5779; x_wconf 89' lang='lat' dir='ltr'><strong>Inclusa</strong></span> <span class='ocrx_word' id='word_1_787' title='bbox 998 5724 1051 5777; x_wconf 90' lang='lat' dir='ltr'><strong>iu</strong></span> <span class='ocrx_word' id='word_1_788' title='bbox 1098 5723 1287 5779; x_wconf 71' lang='lat' dir='ltr'><strong>Graeco</strong></span> <span class='ocrx_word' id='word_1_789' title='bbox 1321 5734 1472 5780; x_wconf 80' lang='lat' dir='ltr'><strong>textu</strong></span> <span class='ocrx_word' id='word_1_790' title='bbox 1513 5726 1760 5795; x_wconf 84' lang='lat' dir='ltr'><strong>deerant,</strong></span> <span class='ocrx_word' id='word_1_791' title='bbox 1791 5744 1914 5802; x_wconf 57' lang='lat' dir='ltr'><strong>quat</strong></span> <span class='ocrx_word' id='word_1_792' title='bbox 1939 5738 2119 5789; x_wconf 83' lang='lat' dir='ltr'><strong>tamen</strong></span> <span class='ocrx_word' id='word_1_793' title='bbox 2163 5730 2393 5792; x_wconf 81' lang='lat' dir='ltr'><strong>Latinus</strong></span> <span class='ocrx_word' id='word_1_794' title='bbox 2423 5732 2787 5792; x_wconf 58' lang='lat' dir='ltr'><strong>conservavit;</strong></span> 
     </span>
    </p>
   </div>
   <div class='ocr_carea' id='block_1_118' title="bbox 749 5814 1597 5880">
    <p class='ocr_par' dir='ltr' id='par_1_118' title="bbox 749 5814 1597 5880">
     <span class='ocr_line' id='line_1_118' title="bbox 749 5814 1597 5880; baseline 0.002 -2"><span class='ocrx_word' id='word_1_795' title='bbox 749 5814 1023 5880; x_wconf 66' lang='lat' dir='ltr'><strong>Pauca.</strong></span> <span class='ocrx_word' id='word_1_796' title='bbox 1075 5817 1190 5877; x_wconf 81' lang='lat' dir='ltr'><strong>Gn.</strong></span> <span class='ocrx_word' id='word_1_797' title='bbox 1219 5818 1597 5880; x_wconf 78' lang='lat' dir='ltr'><strong>LXXXVII.</strong></span> 
     </span>
    </p>
   </div>
   <div class='ocr_carea' id='block_1_119' title="bbox 3377 5835 3491 5895">
    <p class='ocr_par' dir='ltr' id='par_1_119' title="bbox 3377 5835 3491 5895">
     <span class='ocr_line' id='line_1_119' title="bbox 3377 5835 3491 5895; baseline -0.018 0"><span class='ocrx_word' id='word_1_798' title='bbox 3377 5835 3491 5895; x_wconf 74' lang='lat' dir='ltr'><strong>tu</strong></span> 
     </span>
    </p>
   </div>
  </div>
