4060 6236
409 434 540 489 ἱΝΙ.
585 433 662 488 De
691 433 912 507 Georgio
952 433 1144 507 Cyprio
1184 438 1273 507 qui
1319 437 1539 506 pedibus
1562 453 1627 492 ea:
1653 451 1840 507 opera—

676 505 812 559 tione
831 504 1101 561 ‘dazmottis
1131 504 1438 575 inﬁrmatus
1465 515 1545 561 est

406 615 522 671 Non
563 626 744 671 autem
779 616 1150 688 despiciamus
1181 616 1480 688 Georgium
1503 617 1683 673 adhuc
1715 617 1770 671 in
1811 615 1911 687 Cy-

335 726 435 780 pro
463 712 773 781 degentem,
808 713 1069 784 quoniam
1118 728 1330 784 pauper
1384 723 1488 777 est,
1556 723 1610 768 et
1666 719 1908 783 egestate

334 802 705 872 deprimitur;
735 817 859 857 nam
899 782 1000 859 acc
1024 804 1202 876 Cyrus
1242 819 1364 860 eum
1403 814 1456 860 et
1483 804 1728 860 Joannes
1763 819 1908 857 mar-

333 901 482 964 tyres
518 892 904 963 despexerunt,
936 894 1031 950 sed
1075 903 1133 948 ut
1164 904 1433 951 amatores
1486 909 1787 965 pauperum
1821 909 1909 949 as-

333 992 709 1054 sumpserunt,
781 994 835 1041 et
892 987 1179 1042 curatione
1234 987 1461 1058 dignum
1514 986 1908 1053 exhibuerunt,

330 1084 590 1146 tanquam
654 1076 771 1132 veri
823 1092 1121 1149 pauperum
1177 1091 1468 1137 amatores.
1537 1078 1669 1150 Agri
1726 1078 1906 1133 cultor

329 1176 446 1222 erat
477 1167 768 1241 Georgius,
827 1179 882 1226 et
915 1171 1179 1242 praedium
1236 1171 1518 1226 habitabat
1572 1168 1718 1241 quod
1759 1170 1902 1240 apud

330 1259 618 1315 Nemesum
660 1261 965 1333 adjacebat.
1027 1261 1208 1318 Phava
1255 1264 1397 1318 idem
1430 1261 1693 1335 praedium
1739 1276 1902 1317 voca-

331 1352 507 1412 batur.
539 1352 691 1422 quod
711 1353 1110 1424 quinquaginta
1142 1353 1360 1425 quidem
1395 1370 1425 1408 a
1454 1352 1697 1418 civitate,
1724 1352 1903 1407 tribus

331 1451 514 1498 autent
545 1449 599 1498 et
620 1441 847 1498 dimidio
883 1445 1079 1500 stadiis
1103 1459 1134 1499 a
1163 1444 1296 1498 mari
1328 1443 1585 1498 distabat.
1633 1441 1902 1497 Praeterea

330 1534 409 1589 sic
473 1533 708 1603 pedibus
765 1533 1035 1606 Georgius
1108 1533 1419 1590 infirmatus
1458 1541 1564 1590 est.
1621 1533 1752 1600 Quae
1806 1547 1904 1601 per

334 1641 498 1696 agros
528 1633 688 1680 crant
725 1625 1068 1696 inspiciebat,
1089 1634 1142 1681 et
1168 1627 1428 1697 leporem,
1454 1636 1514 1681 ut
1559 1623 1899 1688 autumabat,

328 1714 574 1780 videbat,
625 1722 679 1770 et
714 1713 937 1770 intuens
989 1714 1402 1786 insequebatur.
1440 1714 1629 1772 Dulcis
1663 1729 1898 1783 namque

1228 322 1289 382 s.
1332 317 1746 382 SOPHRONII
1788 275 2292 377 PATRIARCHiE
2330 314 2736 376 HJE‘ROSOL.

1942 447 1985 502 Α
2016 433 2164 500 NG’.
2192 432 2347 502 ,Περὶ
2380 434 2676 501 Γεωργίου
2695 432 2803 486 τοῦ
2818 435 3084 502 Κυπρίου
3113 434 3222 488 τοῦ
3249 434 3392 501 τοὺς
3407 437 3600 497 πόδας

2243 131 2295 151 ρἰυ
2314 139 2322 145 -

3458 314 3607 391 3529

2178 501 2249 565 ἐξ
2287 503 2590 572 ἐνεργείας
2627 503 2913 573 δαίμονος
2950 501 3432 571 ἀσθενήσαντος.

2018 662 2023 668 .
2081 612 2172 684 Μὴ
2198 612 2513 683 παρίδωμεν
2546 612 2602 666 δὲ
2632 612 2721 667 τὸν
2745 612 3039 682 Γεώργλιον,
3073 612 3153 666 ἔτι
3188 613 3330 667 κατὰ
3356 613 3456 685 τὴν
3488 615 3607 666 Κύθ

2011 720 2149 770 προν
2176 703 2479 772 διάγοντες,
2508 704 2590 756 ὃτι
2617 704 2786 773 πένης
2806 702 2954 758 ἐστΐν
2981 705 3073 757 καὶ
3101 703 3347 774 πτωχείᾳ
3369 703 3593 773 συνέχε-

2009 812 2103 847 ται
2125 808 2138 825 ’
2175 795 2300 847 ἐπεὶ
2343 796 2481 865 μήτε
2512 795 2691 866 Κῦρος
2744 794 2905 848 αὐτὸν
2940 795 3036 848 καὶ
3067 795 3320 864 Ἰωάννης
3368 794 3597 866 παρίδον

2009 885 2057 939 οἱ
2089 885 2389 957 μάρτυρες,
2420 885 2536 939 ἀλλ’
2563 886 2638 950 ὡς
2670 884 3002 956 φιλόπτωχοι
3033 885 3465 956 προσελάϐοντο,
3499 885 3604 938 καὶ

2011 976 2304 1049 θεραπείας
2330 976 2593 1049 ἠξίωσαν,
2620 977 2694 1040 ὡς
2727 976 2950 1048 ἀληθεῖς
2979 976 3355 1047 φιλοπένητες.
3411 976 3596 1046 Γεωρ-

2009 1068 2106 1136 γὸς
2134 1068 2243 1140 γὰρ
2270 1063 2349 1141 ἦν
2374 1071 2400 1121 6
2433 1068 2731 1139 Γεώργιος,
2760 1068 2852 1121 καὶ
2879 1068 3077 1138 χωρίον
3098 1064 3233 1139 ᾤκει
3264 1071 3331 1141 τῇ
3359 1067 3606 1139 Νεμεσῷ-

2011 1161 2417 1231 παρακείμενον
2438 1176 2452 1191 ·
2487 1160 2637 1215 Φαῦα
2667 1162 2727 1215 τὸ
2757 1161 2955 1231 χωρίον
2997 1160 3237 1229 ἐλέγετο,
3265 1161 3363 1214 καὶ
3390 1160 3597 1230 πεντή-

2008 1267 2175 1305 κοντα
2207 1252 2305 1322 μὲν
2347 1254 2447 1324 τῆς
2482 1252 2708 1317 πόλεως,
2735 1251 2879 1322 τρισὶ
2909 1252 2967 1305 δέ
3001 1253 3093 1306 καὶ
3123 1252 3294 1322 ἥμισυ
3342 1252 3444 1321 τῆς
3495 1251 3595 1305 θα-

2008 1341 2208 1412 λάττης
2234 1340 2468 1405 σταδίοις
2491 1342 2795 1412 διέστηκεν.
2825 1342 2981 1396 Οῦτω
3005 1343 3061 1396 δέ
3087 1345 3216 1406 τοὺς
3234 1342 3403 1406 πόδας
3427 1338 3593 1413 ἠσθέ-

2007 1450 2171 1503 νησεν
2198 1434 2226 1487 6
2252 1432 2522 1504 Γεώργιος
2542 1449 2556 1462 ’
2591 1433 2660 1487 τὰ
2689 1434 2808 1486 κατ’
2831 1434 3036 1505 ἀγροὺς
3064 1434 3435 1487 ἐπεσκέπτετο
3455 1472 3469 1497 ,
3496 1432 3593 1486 καὶ

2006 1525 2240 1593 λαγωὸν,
2256 1523 2331 1588 ὡς
2345 1524 2613 1596 ἐνόμιζεν,
2637 1523 2887 1591 ἔϐλεπεν,
2905 1524 3240 1579 καὶκατιδὼν
3258 1525 3552 1578 κατεδίωκε
3571 1541 3588 1557 ο

2007 1615 2181 1685 γλυκὺ
2203 1616 2314 1689 γὰρ
2338 1615 2496 1670 τοῦτο
2517 1618 2629 1680 τοῖς
2654 1616 2934 1688 ἀγροίκοις
2963 1618 3024 1671 τὸ
3055 1617 3301 1688 θήραμα,
3329 1618 3420 1670 καὶ
3446 1632 3590 1685 παρ-

2008 1706 2253 1778 οτρῦνον,
2287 1708 2335 1761 εί
2366 1710 2528 1778 φανῇ,
2566 1708 2702 1778 πρὸς
2738 1708 3064 1779 κατάληψινσ
3087 1709 3224 1763 ἀλλὰ
3253 1708 3463 1762 διώκων
3493 1710 3601 1761 οὖκσ

324 1809 410 1858 est
446 1801 558 1857 haec
587 1803 807 1858 venatio
837 1803 1082 1868 rusticis,
1109 1812 1166 1858 et
1186 1803 1425 1861 incitans
1470 1803 1518 1860 si
1574 1802 1894 1874 apparuerit

2000 1774 2191 1854 ἔλασεν
2211 1815 2225 1831 ⁸
2258 1801 2319 1852 οὐ
2343 1774 2448 1872 γάρ
2470 1774 2538 1873 ἦν
2567 1774 2779 1870 λαγωδς
2809 1801 2869 1855 τὸ
2899 1774 3242 1874 φαινόμενον,
3260 1802 3396 1856 ἀλλὰ
3423 1801 3591 1856 πνεῦ-

328 1893 396 1947 ad
439 1892 794 1962 capiendum.
840 1891 1040 1950 Verum
1096 1910 1435 1966 persequens
1484 1910 1593 1950 non
1645 1909 1896 1964 compre-

329 1983 553 2051 hendit;
585 1998 694 2040 non
730 1985 874 2041 enim
903 1995 1021 2041 erat
1051 1986 1205 2057 lepus
1255 1987 1349 2057 qui
1403 1995 1748 2057 apparuerat,
1802 1983 1898 2040 sed

323 2075 549 2145 spiritus
573 2091 836 2147 nequam,
873 2088 927 2131 et
957 2078 1236 2133 hominem
1276 2076 1488 2133 odiens.
1517 2077 1691 2132 Porro
1714 2093 1743 2131 a
1767 2092 1897 2131 cur.

330 2177 395 2216 su
424 2161 624 2217 iterum
649 2176 900 2230 cessans,
935 2163 1098 2232 pedes
1126 2178 1346 2218 movere
1372 2179 1480 2218 non
1512 2168 1749 2234 poterat,
1801 2161 1896 2217 sed

322 2251 619 2308 immobilis
647 2260 773 2322 post
798 2267 1024 2308 cursum
1071 2254 1351 2319 manebat,
1396 2254 1637 2325 leporem
1676 2252 1894 2323 quidem

324 2356 431 2396 non
463 2341 711 2413 capiens,
745 2344 967 2413 capiens
987 2351 1173 2399 autem
1188 2343 1387 2415 pedum
1414 2344 1847 2416 obligamentum
1879 2362 1893 2412 ;

322 2435 452 2488 talia
480 2435 624 2490 enim
654 2443 783 2491 sunt
811 2436 960 2492 illius
982 2436 1187 2507 leporis
1233 2437 1400 2491 dona.

390 2526 529 2582 Hinc
545 2526 615 2582 atl
645 2526 846 2599 Cyrum
876 2536 932 2584 et
967 2527 1228 2584 Joannem
1262 2545 1425 2601 super
1442 2530 1702 2585 humeros
1727 2529 1896 2585 Geor-

320 2619 444 2689 gius
481 2628 795 2689 asportatus
822 2618 1067 2687 effertur,
1090 2630 1140 2676 et
1171 2622 1367 2677 horum
1384 2621 1616 2692 pedibus
1642 2622 1711 2677 ab
1729 2622 1899 2675 alum-

322 2711 410 2767 nis
453 2711 764 2781 projicitur,
802 2719 857 2767 et
883 2720 1128 2784 tempore
1156 2714 1328 2769 multo
1366 2711 1534 2779 iacto,
1587 2728 1760 2783 usque
1787 2728 1896 2784 quo

321 2801 466 2858 Deus
494 2812 548 2857 et
586 2810 911 2859 sanctorum
941 2804 1118 2876 gratia
1141 2804 1334 2872 voluit,
1362 2803 1456 2859 tali
1478 2804 1642 2859 modo
1689 2804 1897 2871 sanita-

319 2902 426 2948 tem
457 2892 686 2964 adeptus
715 2902 820 2950 est.
854 2892 1117 2950 Molestus
1151 2894 1544 2973 eratiniirmis,
1567 2901 1622 2948 et
1653 2894 1892 2950 laborem

319 2999 428 3039 non
453 2984 674 3040 brevem
699 2985 997 3054 praestabat
1045 2985 1133 3040 bis
1175 2985 1270 3057 qui
1316 2986 1509 3041 talium
1554 2986 1798 3043 studium
1836 2984 1892 3039 iu

319 3075 524 3146 templo
552 3077 837 3147 gerebant,
864 3076 1027 3132 citius
1043 3074 1113 3131 ad
1149 3077 1378 3168 latrinas
1410 3078 1658 3143 veniens,
1695 3076 1790 3133 sed
1825 3076 1895 3132 ab
1920 3117 1963 3176 ο

318 3166 405 3222 bis
432 3181 543 3222 non
565 3167 729 3224 citius
760 3168 998 3237 rediens,
1034 3168 1108 3225 ita
1125 3164 1183 3225 ut
1208 3169 1448 3226 dormire
1479 3170 1534 3225 in
1573 3170 1659 3226 his
1697 3170 1892 3225 crebro

315 3257 705 3325 dimitteretur,
733 3273 800 3315 eo
846 3259 992 3330 quod
1023 3261 1219 3318 crebro
1255 3261 1451 3326 abiret,
1498 3268 1553 3317 et
1579 3261 1892 3316 tardarctur

314 3366 382 3406 ex
441 3352 840 3409 consuetudine
900 3353 1118 3410 sedens.
1187 3353 1393 3410 Taliter
1422 3362 1605 3410 autem
1657 3353 1891 3426 Georgio

316 3448 585 3512 martyres
607 3442 749 3509 viso,
791 3441 859 3497 ad
884 3443 1293 3502 miserationem
1315 3447 1542 3501 veniunt
1561 3453 1616 3502 et
1637 3461 1891 3518 compas-

314 3532 552 3598 sionem,
614 3541 670 3588 et
708 3533 1027 3609 indatrinis
1075 3536 1311 3607 quadam
1360 3535 1449 3592 die
1502 3536 1791 3593 dormienti
1832 3538 1890 3593 in

313 3625 523 3681 somnis
554 3634 814 3697 apparent
841 3627 1085 3685 dicentes
1118 3645 1133 3683 :
1171 3628 1442 3700 «Surgens
1459 3629 1737 3702 egredere,
1758 3638 1812 3685 et
1834 3631 1889 3685 in

314 3715 427 3771 tuis
447 3715 624 3770 dormi
661 3717 1005 3774 stramentis.
1030 3717 1133 3785 Qui
1161 3719 1603 3791 expergefactus,
1631 3729 1686 3775 et
1718 3719 1892 3775 nemi-

315 3820 439 3859 nem
465 3805 682 3869 videns,
718 3806 916 3862 iterum
939 3806 1270 3865 dormiebat.
1300 3808 1369 3865 Et
1396 3808 1594 3866 iterum
1617 3816 1890 3881 martyres

316 3901 560 3955 secundo
589 3907 793 3968 astant,
833 3902 1023 3958 eadem
1055 3903 1428 3975 disponentes.
1451 3904 1632 3960 Atille
1660 3918 1890 3959 conver-

315 4006 412 4047 sus
451 3990 673 4057 iterum,
728 4003 782 4048 et
808 3994 1082 4051 neminem
1141 4010 1339 4053 rursus
1391 3995 1645 4062 intuitus,
1690 3997 1888 4052 iterum

315 4084 560 4139 secundo
588 4080 922 4143 dormiebat.
953 4086 1142 4142 Tertio
1181 4096 1363 4143 autem
1402 4088 1581 4145 sancti
1622 4088 1676 4143 ei
1718 4103 1890 4158 appa-

314 4185 518 4244 rentes,
546 4177 786 4247 peditem
834 4194 865 4234 a
916 4177 1132 4236 latrinis
1189 4180 1376 4252 egredi
1436 4181 1650 4251 iubent,
1690 4194 1887 4252 panem

315 4267 662 4340 porrigentes
701 4269 771 4325 ad
796 4270 1259 4328 manducandum.
1293 4270 1468 4328 Porro
1498 4273 1659 4328 tertio
1707 4270 1887 4327 iactus

314 4362 368 4415 in
396 4361 605 4418 somnis
623 4377 734 4417 non
763 4362 982 4433 quidem
1001 4372 1297 4436 praesentes
1328 4363 1547 4420 videbat
1589 4370 1885 4435 martyres.

2006 1907 2084 1962 μα
2116 1891 2353 1963 πονηρόν
2388 1893 2479 1946 καὶ
2516 1893 2928 1964 μισάνθρωπον.
2962 1895 3069 1948 Τοῦ
3100 1895 3303 1965 δρόμου
3337 1895 3392 1948 δὲ
3428 1895 3593 1948 πάλιν

2003 1983 2376 2053 παυσάμενος,
2410 1983 2539 2047 τοὺς
2585 1983 2750 2048 πόδας
2798 1987 2967 2039 κινεῖν
3017 1986 3115 2039 οὐκ
3163 1986 3413 2056 ἠδύνατο,
3464 1986 3594 2041 ἀλλ’

2012 2073 2269 2142 ἀκίνητος
2306 2073 2669 2144 μετὰ,δρόμον
2694 2074 2945 2146 διέμενε,
2985 2075 3197 2145 λαγωὸν
3246 2077 3344 2145 μέν
3376 2076 3476 2130 οὐκ
3511 2079 3607 2130 εἰν

1998 2160 2204 2233 ληφὼς,
2225 2160 2463 2233 εἰληφὼς
2485 2162 2542 2217 δὲ
2562 2163 2669 2217 τῶν
2694 2164 2868 2217 ποδῶν
2892 2165 2984 2218 τὸν
3010 2166 3304 2238 ἐπίδεσμον
3320 2183 3333 2196 ο
3362 2167 3595 2221 τοιαῦτα

1998 2254 2108 2324 γάρ
2144 2254 2290 2307 ἐστιν
2327 2255 2541 2310 ἐκείνου
2582 2254 2674 2309 τοῦ
2714 2255 2929 2325 λαγωοῦ
2969 2257 3038 2311 τὰ
3075 2258 3426 2332 χαρίσματα,

2067 2524 2352 2580 Ἐντεῦθεν
2382 2527 2476 2580 ἐπὶ
2507 2525 2689 2599 Κῦρον
2720 2527 2815 2581 καί
2850 2526 3111 2600 Ἰωάννην
3139 2530 3268 2596 τοῦς
3299 2532 3588 2606 μάρτυρας
3654 2515 3666 2527 ’

1995 2613 2084 2666 ἐπ’
2110 2612 2276 2684 ὤμων
2324 2614 2618 2685 αἰρόμενος
2659 2617 2687 2669 6
2739 2616 3013 2688 Γεώργιος
3058 2619 3274 2687 ἄγεται,
3327 2623 3424 2676 καὶ
3472 2626 3586 2688 τοῖς

1995 2703 2199 2757 τούτων
2232 2705 2391 2758 ποσὶν
2442 2706 2546 2758 ὑπὸ
2581 2707 2690 2760 τῶν
2736 2708 3096 2781 θρεψαμένων
3140 2713 3586 2785 προσρίπτεταιο

1995 2794 2090 2847 καί⁵
2119 2795 2310 2867 χρόνον
2336 2797 2568 2867 ποιήσας
2593 2799 2787 2868 συχνὸν
2807 2800 2912 2865 ἕως
2932 2794 2994 2854 οὗ
3015 2802 3144 2868 Θεὸς
3169 2806 3261 2858 καὶ
3282 2807 3389 2879 τῷν
3412 2809 3585 2877 ἁγίων

1995 2887 2036 2955 ἠ
2059 2885 2219 2957 χάρις
2252 2886 2536 2956 ἠϐούλετο,
2569 2888 2718 2943 τόνδε
2744 2890 2837 2944 τὸν
2869 2893 3072 2962 τρόπον
3101 2896 3202 2967 τῆς
3243 2897 3440 2963 ἰάσεως
3461 2899 3584 2953 ἔτυο

1995 2993 2119 3047 χενο
2142 2978 2419 3051 Ἐπαχθὴς
2460 2980 2708 3053 ὑπῆρχεν
2736 2982 2811 3047 ὡς
2842 2983 3144 3055 ἄρρωστος,
3179 2989 3274 3041 καὶ
3322 2989 3491 3045 κόπον
3520 2991 3584 3045 οὐ

2001 3067 2210 3140 βραχὺν
2255 3072 2370 3133 τοῖς
2417 3071 2520 3125 ἀνὰ
2558 3073 2652 3126 τὸν
2694 3072 2833 3128 νεὼν
2863 3076 3211 3144 φιλοπονοῦσι
3247 3066 3578 3151 παρείχετοέ

1999 3159 2210 3229 ταχέως
2257 3161 2334 3222 είς
2381 3162 2699 3230 ἀφεδρῶνας
2746 3164 3075 3236 ἐρχόμενος,
3107 3169 3202 3223 καὶ
3251 3170 3324 3241 μὴ
3371 3173 3584 3242 ταχέως

1999 3248 2179 3303 αὐτῶν
2211 3249 2594 3321 ἐξερχόμενος,
2625 3253 2701 3318 ὡς
2749 3256 3030 3321 καθεύδειν
3081 3258 3340 3325 πολλάκις
3370 3264 3427 3315 ἐν
3454 3264 3581 3317 τού-

1999 3355 2110 3404 τοις
2138 3341 2414 3410 άφίεσθαι,
2445 3346 2540 3398 καὶ
2584 3346 2945 3417 ἐμϐραδύνειν
2993 3353 3058 3404 ἐκ
3105 3351 3396 3422 συνηθείας
3440 3354 3582 3408 καθ..

1999 3433 2222 3503 ήμενον.
2252 3436 2411 3490 Οὕτω
2437 3437 2493 3491 δὲ
2524 3438 2616 3492 τὸν
2645 3440 2684 3491 Γ
2687 3439 2916 3511 εώργιον
2951 3443 3148 3508 ἰδόντες
3190 3447 3244 3499 oi
3279 3448 3579 3519 μάρτυρες,

2001 3529 2081 3593 είς
2098 3523 2277 3583 οἶκτον
2296 3527 2547 3599 ἔρχονται
2565 3530 2661 3584 καὶ
2683 3536 3026 3603 συμπάθειαν
3043 3554 3056 3568 ο
3078 3541 3169 3592 καὶ
3193 3543 3305 3602 τοῖς
3322 3542 3539 3612 ἁφεδρῶ
3554 3573 3569 3583 -

2003 3634 2088 3670 σιν
2105 3619 2163 3672 ἐν
2187 3621 2286 3691 μιᾷ
2308 3622 2495 3692 ἡμέρᾳ
2519 3623 2933 3697 καθευδήσαντι,
2962 3634 3020 3683 ἐν
3039 3633 3268 3703 ὀνείροις
3289 3636 3568 3704 φαίνονται

1999 3709 2274 3777 λέγοντεςο
2316 3713 2579 3779 Ἀναστὰς
2608 3715 2767 3784 ἔξιθι,
2799 3722 2893 3774 κα)⁵
2922 3724 2979 3773 ἐν
3006 3727 3116 3785 τοῖς
3154 3726 3302 3787 ίδίοις
3338 3728 3571 3781 κάθευδε

2000 3801 2334 3873 στρώμασιν.
2369 3804 2428 3858 '0
2460 3804 2516 3857 δέ
2544 3805 2894 3871 διυπνισθεὶς,
2927 3809 3019 3861 καὶ
3073 3809 3276 3880 μηδένα
3304 3812 3579 3883 θεασάμε-

1998 3907 2111 3955 νος,
2139 3893 2302 3947 πάλιν
2332 3894 2619 3949 ἐκάθευδεν
2640 3912 2653 3927 ·
2685 3899 2778 3951 καὶ
2809 3899 2971 3953 πάλιν
3001 3901 3049 3954 οἱ
3075 3902 3352 3974 μάρτυρες
3376 3907 3438 3957 ἐκ
3457 3904 3578 3958 δευ-

1995 3981 2159 4053 τέρου
2194 3985 2581 4055 παρίστανται,
2614 3990 2684 4044 τὰ
2713 3989 2853 4044 αὐτὰ
2883 3991 3261 4047 διατάττονται
3281 4011 3294 4023 ο
3323 3996 3352 4047 6
3384 3996 3439 4049 δὲ
3472 3997 3576 4050 πά-

1997 4070 2081 4128 λιν
2131 4078 2414 4148 στραφεὶς,
2441 4079 2537 4133 καὶ
2588 4080 2792 4150 μηδένα
2841 4082 3003 4138 πάλιν
3054 4084 3197 4151 ἰδὼν,
3230 4086 3388 4141 πάλιν
3432 4089 3605 4143 ἐκοι-.

2001 4168 2138 4238 μᾶτο
2187 4168 2247 4222 τὸ
2292 4169 2568 4242 δεύτερον.
2607 4172 2703 4225 Ἐκ
2741 4173 2924 4243 τρίτου
2953 4174 3009 4227 δὲ
3043 4179 3301 4245 φανέντες
3327 4178 3377 4230 oi
3408 4178 3574 4247 ἅγιοι,

1998 4256 2294 4321 πεζεύοντα
2340 4257 2397 4310 δὲ
2449 4257 2557 4312 τῶν
2606 4260 2934 4330 ἀφεδρώνων
2986 4263 3189 4329 ἐξιέναι
3236 4263 3574 4333 κελεύουσιν,

1997 4347 2160 4419 ἄρτον
2210 4348 2409 4403 ἐσθίειν
2455 4350 2758 4422 ὀρέξαντες.
2785 4353 2842 4407 Ὅ
2880 4355 2939 4408 δέ
2976 4356 3035 4408 τό
3083 4346 3260 4426 τρίτον
3289 4357 3576 4426 γενόμενος

316 4453 413 4509 sed
441 4454 754 4510 inveniebat
779 4444 1219 4514 benedictionem
1249 4456 1429 4512 datam
1465 4454 1531 4511 ad
1555 4454 1885 4522 sanitatem;

2000 4438 2415 4529 ά-φυπνοςηούχ-
2442 4441 2589 4529 ἑώρα
2644 4445 2743 4514 μὲν
2789 4446 3065 4516 παρόντας
3107 4449 3235 4510 τοὺς
3265 4447 3574 4521 μάρτυρας,

316 4542 371 4590 et
385 4536 666 4591 cumhanc
688 4537 1063 4605 mand‘uearet,
1094 4539 1534 4597 convalescebat.
1560 4537 1885 4593 Sanctorum

2000 4523 2214 4595 εὕρισκε
2260 4523 2317 4579 δὲ
2365 4526 2463 4596 τὴν
2500 4527 2794 4602 δεδομένην
2826 4533 3080 4602 εὐλογίαν
3110 4535 3247 4607 πρὸς
3283 4537 3445 4601 ίασιν,
3478 4537 3574 4591 καὶ

310 4625 585 4695 jussionis
611 4644 841 4697 memor,
873 4646 903 4685 a
935 4631 1153 4688 latrinis
1184 4632 1381 4703 surgit,
1411 4636 1469 4686 et
1511 4629 1717 4687 saliens
1749 4628 1883 4692 exit,

314 4718 517 4774 ibidem
548 4719 866 4792 languorem
896 4722 1201 4790 dimittens,
1243 4731 1561 4780 sanctorum
1624 4720 1883 4775 virtutem

313 4811 649 4882 gloriﬁcans.
676 4813 871 4870 Adhuc
899 4822 1079 4871 autem
1106 4825 1160 4871 et
1187 4820 1438 4887 superest
1488 4813 1615 4877 iste,
1652 4821 1707 4868 et
1741 4825 1888 4865 mar-

314 4911 497 4973 tyrum
538 4914 793 4977 peragrat
819 4908 1102 4978 templum,
1134 4908 1451 4978 languorem
1483 4906 1688 4976 pariter
1709 4911 1762 4958 et
1789 4918 1881 4960 sa-

316 4995 540 5051 nitatem
566 5011 852 5063 enarrans,
892 5006 947 5054 et
984 4999 1051 5054 ad
1105 4999 1321 5054 laudem
1369 4998 1463 5054 Dei
1532 5006 1888 5053 sanctorum~

314 5101 422 5155 que
475 5088 748 5143 canticum
793 5089 887 5159 qui
942 5097 1275 5145 sanaverunt
1350 5103 1703 5145 commovens
1785 5102 1885 5142 au-

313 5176 544 5234 dientes.
1348 5174 1353 5179 ⁷

441 5334 597 5389 ινιτ.
631 5334 703 5390 De
729 5334 957 5408 συν-ὶπο
990 5336 1192 5393 Rhodio
1219 5338 1539 5393 dwmonium
1560 5354 1739 5410 passo.

383 5424 504 5483 Non
566 5437 744 5484 autem
814 5431 1056 5502 ineptum
1087 5440 1171 5488 est
1197 5431 1411 5504 Cyriaci
1471 5433 1634 5488 etiam
1689 5431 1886 5488 Rhodii

315 5515 497 5573 facere
553 5520 907 5587 mentionem,
971 5531 1025 5577 et
1071 5538 1197 5578 cum
1239 5523 1510 5579 insulanis
1567 5525 1884 5579 insulanum

315 5621 731 5677 connumerare,
758 5622 813 5666 et
834 5613 1049 5684 Cypriis
1082 5615 1372 5671 adnectere
1420 5613 1734 5679 Rhodium;
1767 5616 1887 5686 plus

314 5697 464 5758 enim
495 5703 859 5773 congratulari
888 5706 1171 5763 insulanos
1208 5708 1440 5764 invicem
1477 5708 1683 5781 accepi,
1716 5724 1881 5781 quam

1988 4615 2194 4689 ταύτην
2225 4616 2417 4687 φαγὼν
2445 4621 2811 4693 ἁνερώννυτο’
2851 4627 2944 4679 καὶ
2967 4627 3067 4695 τῆς
3094 4628 3205 4681 τῶν
3233 4629 3406 4698 ἁγίων
3434 4648 3572 4700 μνη-

1993 4708 2259 4777 μονεύσας
2284 4710 2607 4779 κελεύσεως,
2639 4716 2748 4769 τῶν
2780 4717 3111 4788 ἀφεδρώνων
3135 4719 3441 4787 ἀνίσταται,
3473 4723 3571 4774 καὶ

1990 4797 2282 4869 ἁλλόμενος
2309 4800 2512 4868 ἔξεισι,
2540 4806 2718 4860 ἐκεῖσε
2746 4808 3080 4880 καταλείψας
3109 4812 3168 4864 τὸ
3197 4813 3407 4884 νόσημα
3424 4852 3441 4876 ,
3471 4814 3569 4867 καὶ

1988 4890 2095 4945 τῶν
2141 4893 2311 4962 ἁγίων
2342 4895 2579 4962 δοξάζων
2623 4899 2721 4971 τὴν
2749 4899 2997 4973 δύναμιν.
3022 4904 3144 4959 Ἔτι
3190 4905 3247 4959 δὲ
3292 4890 3385 4960 καὶ
3413 4900 3570 4972 οὗτος

1991 4984 2259 5053 περίεστι,
2290 4990 2385 5041 καὶ
2419 4990 2705 5060 περιπολεῖ
2744 4993 2852 5047 τῶν
2886 4993 3178 5067 μαρτύρων
3216 4996 3278 5050 τὸ
3317 4998 3565 5069 τέμενος,

1987 5073 2084 5144 τὴν
2113 5076 2265 5130 νόσον
2291 5078 2425 5150 ὁμοῦ
2462 5082 2555 5134 καῖ
2581 5083 2678 5154 τὴν
2710 5085 2852 5137 ἴασιν
2883 5086 3271 5159 διηγούμενος,
3302 5091 3398 5143 καὶ
3426 5090 3567 5161 πρὸς

1988 5164 2136 5223 αἶνον
2179 5169 2334 5237 Θεοῦ,
2368 5173 2462 5225 καὶ
2493 5173 2600 5227 τῶν
2629 5176 2938 5246 ίασαμένων
2984 5180 3154 5248 ἁγίων
3199 5181 3342 5252 ᾠδὴν
3396 5182 3565 5237 κινῶν

1986 5262 2112 5324 τοὺς
2151 5260 2466 5326 ἀκούοντας.

2022 5352 2145 5407 ΝΖ’.
2172 5353 2309 5422 Περὶ
2334 5356 2629 5424 Κυριακοῦ
2664 5344 2774 5414 τοῦ
2826 5362 3048 5418 Ῥοδίου
3085 5364 3524 5437 δαιμονιῶντος.

2060 5443 2174 5496 Οὐκ
2200 5446 2429 5516 ἄκαιρον
2455 5447 2510 5499 δὲ
2537 5452 2632 5500 καὶ
2668 5451 2948 5522 Κυριακοῦ
2977 5454 3068 5506 τοῦ
3108 5454 3310 5508 Ῥοδίου
3342 5458 3564 5529 μνήμην

1989 5535 2341 5605 ποιήσασθαι,
2373 5538 2470 5590 καὶ
2515 5542 2629 5604 τοῖς
2677 5543 2969 5613 νησιώταις
3001 5546 3094 5599 τὸν
3122 5546 3395 5618 νησιώτην
3437 5565 3565 5602 συν-

1988 5626 2415 5699 αριθμήσασθαι,
2448 5632 2543 5684 καὶ
2574 5635 2685 5697 τοῖς
2714 5635 2984 5706 Κυπρίοις
3013 5639 3271 5703 συντάξαι
3301 5638 3392 5692 τὸν
3441 5638 3562 5692 Ῥό-

1989 5717 2098 5772 διοι
2116 5736 2129 5751 ·
2166 5719 2349 5776 πλεῖον
2377 5723 2485 5797 γὰρ
2515 5723 2725 5796 χαίρειν
2744 5728 2869 5791 τοὺς
2891 5728 3160 5799 νησιώτας
3182 5729 3432 5803 ἀλλήλοις
3462 5731 3563 5784 ὑπ-
