4060 6236
448 344 590 429 9629
1577 348 1754 424 erat
1785 348 1882 422 ET
1916 344 2240 425 JOANNIS
2276 354 2691 424 MtnACULA.
3579 351 3722 422 sese

449 475 669 549 είληφα,
701 475 733 548 ἢ
761 476 1016 549 χαίρουσι
1060 478 1174 538 τοῖς
1209 475 1269 529 ού
1305 476 1603 544 νησιώταις
1651 475 2038 545 τυγχάνουσιν.

2147 476 2599 544 congratulcntur
2624 474 2677 530 hi
2718 475 2809 546 qui
2866 445 2971 529 non
3001 479 3131 529 sunt
3162 470 3423 529 insulani.
3457 473 3720 545 Cytiacus

450 564 727 637 Κυριακὸς
752 568 933 621 τοίνυν
952 567 982 620 6
1010 567 1210 630 Ῥόδιος
1241 565 1520 636 δαιμόνιον
1550 564 1707 637 ἔσχεν
1727 564 2041 637 ἀκάθαρτον

2142 566 2306 637 igitur
2332 568 2421 622 hic
2462 568 2711 623 Rhodius
2744 566 3071 622 daemonium
3101 567 3332 623 habebat
3358 568 3719 634 immundum,

449 659 544 714 καὶ
571 660 681 714 τῶν
725 659 990 714 πλειόνων
1025 659 1159 712 πολὺ
1200 657 1606 729 χαλεπώτερον,
1639 657 1833 728 ἄγριόν
1861 674 1920 710 τε
1948 658 2043 710 καὶ

2143 664 2197 713 et
2248 659 2429 715 multis
2463 660 2584 716 aliis
2621 659 2841 726 saevius,
2883 658 3031 730 quod
3084 674 3209 714 cum
3270 657 3496 714 eli‘erum
3544 659 3595 713 id
3636 664 3724 715 est

453 749 858 822 μισάνθρωπον,
880 751 975 804 καὶ
998 750 1214 812 πολλοῖς
1238 749 1402 804 αὐτὸν
1424 756 1491 802 πε
1498 748 1753 819 ριϐάλλον
1776 746 2043 818 συμπτώ-

2144 751 2422 806 hominem
2457 754 2583 807 odio
2629 752 2873 817 haberet,
2920 751 3296 839 tnultithunc
3343 752 3567 808 casibus
3622 752 3724 806 im‘

455 856 648 912 μασιν·
680 838 779 895 καί⁸
812 840 1076 905 πολλάκις
1103 841 1169 894 ἂν
1203 841 1304 911 τῆς
1332 839 1481 911 ζωῆς
1512 839 1719 913 ταύτης
1745 839 1907 895 αὐτὸν
1939 844 2045 895 ἀπ-

2144 842 2393 898 mittebat
2422 860 2437 909 ;
2472 854 2525 899 et
2556 835 2872 914 frequenter
2905 853 3086 898 actum
3123 835 3208 899 Est
3237 852 3299 898 ut
3326 858 3450 899 eum
3485 845 3589 899 hac
3611 845 3721 898 vita

453 932 777 1005 ιστέρησεν,
805 932 855 984 εί
891 931 966 1004 μὴ
995 929 1230 1002 Χριστὸς
1284 931 1313 985 6
1359 929 1469 985 τῶν
1496 929 1633 985 ὅλων
1665 931 1922 1003 κηδεμὼν
1950 930 2043 985 καὶ

2142 934 2432 1004 privasset,
2487 934 2593 990 nisi
2645 935 2900 991 Christus
2955 943 3284 1006 procurator
3347 937 3615 1001 omnium,
3667 942 3721 991 et

451 1024 551 1095 τῆς
579 1022 928 1095 ἀνθρωπείας
958 1023 1179 1093 φύσεως
1207 1022 1383 1093 φύλαξ
1411 1021 1751 1087 ἀνύστακτος
1772 1023 2043 1095 ἐπιτιμῶν

2146 1027 2397 1082 humana:
2428 1038 2638 1082 naturae
2668 1038 2855 1085 custos
2890 1040 3000 1083 non
3044 1027 3413 1094 obdormiens,
3444 1027 3724 1098 increpasé

451 1108 765 1169 διεκώλυεν.
793 1111 929 1167 Οὔτε
973 1113 1420 1187 γὰρκήσυχάζειν
1445 1116 1540 1168 καὶ
1578 1115 1713 1188 πρὸς
1750 1114 1930 1185 ὀλίγον
1957 1115 2044 1171 εῖα

2144 1127 2229 1177 set
2256 1126 2310 1176 et
2331 1120 2685 1178 cohibuisset.
2711 1119 2899 1192 Neque
2922 1121 3068 1177 enim
3099 1123 3388 1192 quiescere
3431 1121 3625 1178 saltem
3653 1122 3722 1176 ad

451 1207 543 1258 τὸν
570 1205 880 1280 ἄνθρωπον,
898 1199 1021 1261 οὒτε
1047 1207 1271 1278 δεσμοῖς
1299 1205 1719 1273 ὑποτάττεσθαι,
1739 1206 1864 1261 οὔτε
1892 1206 2043 1281 σιδη-

2145 1211 2422 1267 modicum
2476 1211 2755 1269 hominem
2807 1212 3193 1283 permittebat,
3246 1228 3422 1284 neque
3487 1213 3721 1268 vinculis

456 1298 576 1365 ραῖς
603 1294 940 1350 ὑποκύπτειν
970 1295 1250 1362 ἀλύσεσιν,
1285 1293 1413 1350 οὔτε
1436 1299 1551 1360 τοῖς
1584 1296 1767 1377 ἄλλοις
1792 1297 2042 1369 μηχανή-

2145 1318 2325 1375 neque
2357 1303 2552 1359 ferreis
2577 1303 2853 1359 incurvari
2892 1305 3128 1371 catenis,
3163 1314 3341 1375 neque
3369 1304 3493 1358 aliis
3517 1305 3725 1357 machi-

456 1398 624 1456 μασιν
656 1388 1012 1459 φράττεσθαι,
1045 1381 1126 1452 οἷς
1174 1390 1221 1441 ot
1250 1385 1485 1441 τοιοῦτοι
1518 1387 1798 1456 πεφύκασι
1829 1404 2044 1459 σωφρο-

2144 1394 2423 1448 natnentis
2474 1395 2711 1461 turbari,
2768 1394 2967 1466 quibus
3026 1394 3173 1450 soliti
3232 1401 3361 1450 sunt
3411 1394 3720 1465 hujusmodi

452 1476 734 1543 νίζεσθαι,
786 1478 907 1533 ἀλλ’
941 1475 1010 1550 ἦν
1055 1480 1218 1552 ἀδεής
1265 1496 1326 1533 τε
1362 1480 1458 1533 καὶ
1500 1478 1722 1548 ἄφοϐος,
1768 1479 2043 1551 λογισμῶν

2144 1484 2369 1554 corrigi.
2402 1481 2506 1539 Sed
2531 1494 2649 1539 erat
2677 1483 3000 1555 intrepidus,
3053 1490 3106 1538 et
3135 1483 3253 1538 sine
3288 1484 3483 1538 timore
3514 1483 3723 1553 cogita-

453 1569 682 1643 ἔρημος,
724 1572 820 1625 καὶ
860 1572 1043 1643 πάσης
1082 1571 1321 1635 διανοίας
1359 1571 1595 1644 ὀρφανὸς
1619 1572 1715 1625 καὶ
1739 1571 2041 1644 ἀλλότριος.

2143 1576 2386 1631 tionibus
2410 1574 2734 1641 destitutus,
2764 1582 2818 1631 et
2843 1574 2994 1631 omni
3027 1589 3192 1631 sensu
3224 1575 3391 1630 orbus
3415 1583 3469 1628 et
3487 1573 3721 1628 alienus.

522 1665 722 1728 Βιαίως
766 1664 823 1718 δὲ
857 1664 1002 1719 πάνυ
1047 1665 1185 1737 προς
1221 1664 1405 1733 Κῦρον
1446 1664 1633 1734 ἀχθεὶς
1661 1664 1755 1718 καὶ
1785 1664 2042 1735 Ἰωάννην
2118 1712 2123 1715 .

2212 1667 2386 1722 Porro
2445 1666 2740 1723 admodum
2786 1666 3051 1723 violenter
3101 1665 3169 1722 ad
3201 1664 3403 1738 Cyrum
3449 1674 3505 1720 et
3559 1663 3727 1719 ,ἰοειηά

452 1755 581 1820 τοὺς
638 1757 951 1829 μάρτυρας,
1003 1757 1100 1811 τοῦ
1144 1757 1398 1828 δαίμονος
1447 1756 1848 1828 ἀπηλλάττετο·
1899 1756 2041 1811 κατά

2143 1774 2267 1814 nem
2301 1768 2568 1831 martyres
2592 1759 2813 1825 ductus,
2838 1768 2869 1812 a
2889 1759 3160 1814 daemonio
3177 1758 3317 1812 liber
3341 1757 3569 1813 eli‘ectus
3597 1765 3679 1811 est
3709 1768 3722 1810 :

455 1812 771 1922 βραχυγάρ
803 1812 1192 1927 τὸν-λογισμὸν
1218 1812 1687 1926 καταστήσαντες,
1716 1849 1811 1902 καὶ
1851 1849 1915 1902 τά
1948 1850 2040 1903 ἀν-

2144 1851 2406 1922 paulatim
2430 1852 2632 1924 quippe
2659 1860 2884 1909 sensum
2920 1851 3298 1917 restituentes,
3332 1852 3381 1905 ei
3409 1851 3573 1906 etiam
3604 1863 3725 1918 qua:

453 1942 686 2014 θρώπων
707 1943 854 2013 αὐτῷ
876 1943 1098 2015 φρονεῖν
1123 1942 1466 2015 ἐχαρίσαντο.
1494 1940 1652 1996 Οὕτω
1685 1940 1742 1995 δὲ
1766 1938 2044 2005 διαθέντες

2124 1929 2427 1999 hominum
2472 1952 2602 2000 sunt
2648 1944 2856 2001 sentire
2904 1945 3201 2000 donarunt.
3252 1941 3346 1998 Sic
3380 1954 3561 1997 autem
3611 1954 3726 1994 tra-‘

451 2038 541 2091 τὸν
570 2038 859 2110 ἄνθρωπον
886 2034 1227 2110 οἰκτροτάτῳ
1249 2038 1548 2109 φαρμάκῳ,
1570 2038 1664 2090 καὶ
1686 2035 2042 2108 τὺδαιμόνιον

2147 2040 2361 2090 stantes
2388 2035 2686 2104 hominem,
2721 2043 2775 2093 et
2813 2038 3147 2093 daamonium
3188 2036 3458 2092 vilissimo
3488 2035 3728 2090 medica-i

451 2128 827 2196 ὲκδιώκουσιν,
860 2131 1032 2196 δεῖξαι
1056 2130 1196 2202 τάχα
1223 2129 1540 2201 βουλόμενοι
1564 2129 1656 2184 τοῦ
1679 2128 1924 2202 Πονηρώ
1944 2129 2045 2200 τὴν

2146 2125 2292 2179 mine
2329 2125 2558 2197 pellunt,
2585 2128 2878 2185 ostendere
2910 2128 3053 2186 forte
3078 2130 3321 2187 volentes
3351 2129 3723 2184 inﬁrmitatem

451 2219 763 2276 ἀσθένειαν.
800 2223 952 2294 Κρέα
981 2221 1090 2293 γάρ
1124 2223 1350 2293 μόσχεια
1396 2222 1582 2275 λαϐεῖν
1627 2222 2042 2292 ἐπιτρέψαντες,

2145 2217 2389 2288 maligni.
2456 2217 2666 2276 Carues
2720 2219 2924 2291 quippe
2977 2221 3238 2276 vitulinas
3280 2235 3497 2277 sumere
3533 2214 3722 2290 praeci—

451 2313 680 2386 ἇνθραξί
737 2331 795 2368 τε
846 2313 1020 2369 ταῦτα
1069 2314 1411 2385 καταφλέξαι
1457 2314 1886 2387 προστάξαντες,
1946 2314 2044 2367 σὺν

2146 2308 2376 2379 pientes,
2405 2311 2702 2380 prunisqne
2732 2312 2830 2366 has
2864 2326 3112 2367 cremare
3136 2310 3413 2381 jubentes,
3438 2324 3563 2364 cum
3594 2311 3723 2365 vino

450 2408 579 2479 οἴνῳ
622 2407 811 2462 λεᾶναι
847 2409 943 2462 καὶ
976 2408 1164 2481 χρίσαι
1219 2409 1277 2462 τὸ
1322 2406 1483 2479 σῶμα
1514 2407 1900 2472 θεσπίζουσιν·
1949 2406 2045 2461 καὶ

2146 2399 2365 2468 fricare,
2416 2411 2472 2456 et
2518 2416 2724 2473 ungere
2758 2417 2958 2473 corpus
3003 2402 3328 2457 decernunt.
3367 2399 3524 2467 Quod
3591 2413 3718 2455 cum

449 2497 608 2552 τοῦτο
637 2498 916 2569 Κυριακοῢ
965 2499 1027 2552 τὸ
1056 2502 1219 2570 τάχος
1250 2498 1595 2567 ποιήσαντος,
1625 2496 1853 2569 φροῦδον
1884 2496 2045 2561 εὐθυς

2144 2491 2395 2546 celeriter
2422 2491 2687 2564 Cyriacus
2731 2493 2952 2563 egisset,
2996 2493 3154 2547 inane
3180 2492 3363 2570 statim
3391 2490 3719 2547 daemonium

453 2588 645 2658 γέγονε
693 2566 756 2644 το
804 2566 1211 2661 ὃαιμόειιον,ὀύ
1263 2590 1324 2643 τὸ
1366 2566 1679 2660 φάρμακον
1701 2589 1974 2652 δειλιάσας
2016 2591 2045 2644 6

2145 2579 2353 2636 laetum
2387 2591 2491 2649 cst,
2524 2598 2632 2638 non
2681 2585 3140 2639 medicamentum
3170 2566 3473 2639 formidans
3503 2581 3721 2652 nequis-

453 2681 662 2755 δαίμων
692 2684 721 2737 6
752 2683 1037 2750 κάκιστος,
1064 2682 1201 2737 ἀλλὰ
1233 2682 1418 2755 Κύρου
1446 2682 1646 2754 φρίξας
1666 2682 1759 2736 καὶ
1795 2680 2043 2735 Ἰωάννου

2144 2674 2316 2731 simus
2355 2674 2445 2732 ille
2482 2675 2717 2739 dzcmon,
2763 2675 2858 2731 sed
2919 2676 3046 2746 Cyri
3098 2685 3348 2730 metuens
3392 2682 3447 2729 et
3490 2674 3722 2728 Joannis

451 2775 512 2828 τὸ
545 2774 826 2847 θέσπισμα
845 2789 859 2804 ·
883 2771 997 2829 οὐδ’
1014 2774 1362 2846 ἀναστρέψας
1390 2775 1470 2828 ἔτι
1502 2775 1639 2842 πρὸς
1665 2774 1900 2845 οἴκησιν,
1922 2774 2045 2828 ἀλλ’

2214 2775 2492 2835 receptum.
2526 2766 2633 2821 Nec
2667 2768 2732 2822 ad
2773 2767 3128 2822 habitandum
3164 2766 3304 2821 u‘ltra
3333 2780 3588 2822 reversus
3616 2775 3722 2825 est.
3813 2810 3817 2815 .

453 2866 603 2922 ἀπίει
635 2865 927 2938 πεφευγὼς
952 2869 1031 2931 είς
1054 2867 1334 2938 ἀοίκητον,
1371 2868 1466 2922 καὶ
1487 2867 1648 2920 ταυτὶ
1681 2865 1817 2936 βοῶν
1846 2864 2043 2920 ἑαυτοῦ

2144 2857 2239 2913 sed
2294 2868 2511 2929 semper
2569 2858 2784 2931 fugiens
2828 2858 3034 2930 absque
3080 2858 3415 2913 habitatione
3447 2858 3721 2918 manebat,

453 2959 514 3013 τὸ
539 2958 814 3032 ἀδύναμω
842 2960 936 3014 καὶ
974 2958 1084 3013 τῶν
1113 2958 1420 3026 διωξάντων
1450 2960 1550 3029 τὴν
1576 2956 1827 3029 δύναμιν.
1851 2959 2045 3029 Ἡμεῖς

2144 2949 2249 3005 hoc
2277 2950 2441 3005 modo
2476 2950 2722 3007 clamans
2746 2960 2799 3006 et
2821 2964 2976 3005 suam
3006 2950 3179 3021 ipsius
3205 2949 3719 3020 impossibilitatent.

454 3050 512 3106 δὲ
534 3049 614 3124 τῷ
642 3050 1028 3123 καθαρισθέντι
1058 3051 1450 3123 συγχαίροντες
1472 3090 1488 3117 ,
1526 3051 1622 3103 καὶ
1654 3049 1781 3114 τοὺς
1811 3049 2043 3122 καθαρί-

2142 3046 2198 3095 et
2233 3041 2547 3111 pellentium
2576 3042 2872 3113 propalans
2899 3043 3175 3097 virtutem.
3212 3040 3388 3098 Porro
3407 3044 3505 3098 nos
3532 3055 3726 3095 omum

458 3157 654 3208 σαντας
704 3143 866 3196 αὐτὸν
915 3141 1106 3210 ἁγίους
1134 3132 1499 3208 δοξάζοντες,
1559 3140 1654 3194 καὶ
1700 3141 1938 3212 Χριστὸν
1982 3142 2042 3196 τὸ

2148 3130 2277 3187 dato
2332 3133 2797 3202 congratulantes,
2849 3140 2905 3187 et
2934 3140 3156 3187 sanctos
3193 3133 3286 3202 qui
3322 3131 3469 3186 hunc
3495 3130 3725 3186 munda-

452 3230 666 3288 τοιοῦτο
691 3233 874 3297 αὐτοῖς
902 3232 1173 3288 δεδωκότα
1216 3231 1279 3285 τὸ
1313 3231 1499 3295 σθένος
1527 3230 1902 3304 γεραίροντες,
1938 3234 2038 3303 ἀρ-

2148 3232 2276 3275 verc
2297 3220 2691 3292 glorificantes,
2719 3221 3110 3293 Christumque
3142 3224 3235 3294 qui
3262 3223 3424 3279 talem
3450 3223 3559 3279 illis
3589 3237 3724 3279 con-

456 3322 560 3396 χὴν
596 3325 786 3399 ἐτέρου
826 3323 1183 3397 ποιησώμεθα
1222 3322 1522 3394 θαύματος.
1564 3306 1574 3329 ³

2147 3311 2273 3365 tulit
2346 3312 2722 3369 fortitudinem
2792 3315 3161 3383 honorantes,
3216 3316 3434 3370 initium
3499 3315 3726 3371 alterius

897 3417 901 3421 ι
2147 3401 2416 3461 faciamus
2444 3406 2715 3461 miraculi.

524 3527 659 3585 ΝΠ.
686 3528 825 3597 Περὶ
856 3525 1082 3594 Πέτρου
1114 3525 1218 3597 τοῦ
1255 3523 1516 3597 Ἀμμαδᾶ
1547 3522 1825 3593 χοιράδας
1855 3524 2036 3594 ἐσχη-

2009 3551 2036 3565 ι-
2250 3509 2435 3570 LVIII.
2473 3513 2548 3570 De
2579 3512 2735 3570 Petro
2765 3487 3029 3570 Ammada
3060 3516 3150 3586 qui
3176 3517 3383 3587 scrofa:
3407 3514 3612 3571 habuit.

837 3593 1014 3660 κότος
1044 3594 1178 3664 περὶ
1210 3593 1326 3649 τὸν*
1350 3593 1671 3663 τράχηλον.

526 3689 732 3761 Πέτρος
753 3688 782 3740 6
801 3686 1013 3758 Χάραξ,
1050 3684 1186 3758 ἀνὴρ
1218 3684 1409 3753 γέγονε
1440 3685 1639 3754 τίμιος,
1680 3684 1826 3752 γένει
1857 3683 1914 3737 δὲ
1943 3683 2037 3736 καὶ

2214 3672 2409 3730 Petrus
2445 3675 2536 3731 ille
2586 3675 2823 3745 Charax,
2863 3677 2948 3732 vir
2971 3678 3313 3734 honorabilis
3346 3680 3469 3743 fuit,
3494 3694 3720 3751 genere,

459 3779 676 3852 πλούτῳ
710 3780 805 3833 καὶ
830 3779 1092 3850 φρονήσει
1143 3775 1537 3847 γαυρούμενος,
1580 3775 1673 3828 καὶ
1702 3776 1895 3847 τρίτης
1918 3776 2036 3829 Πα-

2144 3763 2373 3833 divitiis,
2423 3775 2478 3823 et
2516 3768 2807 3839 prudentia
2862 3769 3178 3835 decoratus,
3230 3780 3285 3825 et
3314 3787 3380 3826 ex
3418 3773 3576 3826 tertia
3627 3771 3721 3826 Pa-

459 3870 739 3941 λαιστίνης
767 3868 996 3941 (ταύτης
1032 3868 1144 3939 γὰρ
1171 3867 1325 3928 πόλις
1352 3865 1473 3918 ἐστὶ
1517 3864 1607 3919 τά’
1630 3865 2033 3938 Χαράγματα),

2146 3855 2359 3912 uestina
2396 3857 2598 3929 (hujus
2635 3860 2779 3914 enim
2810 3861 3004 3916 civitas
3030 3869 3158 3917 Sunt
3190 3862 3280 3916 illa
3313 3863 3675 3935 Charagmala
3702 3867 3722 3935 i

460 3963 744 4033 τυγχάνων
769 3959 1038 4024 ἐπίδοξος,
1070 3956 1177 4027 τῆς
1208 3953 1470 4024 πατρίδος
1509 3954 1578 4008 τὰ
1627 3954 1755 4025 ὅρια
1788 3956 1909 4018 ταῖς
1941 3954 2035 4009 εύ-

2142 3948 2419 4018 gloriosus
2465 3957 2714 4006 exortus.
2764 3951 2870 4018 Qui
2911 3953 3102 4023 patriae
3151 3954 3413 4009 terminos
3465 3954 3721 4011 laudibus

461 4052 694 4123 φημίαις
722 4050 980 4119 ἐπέρασε,
1018 4048 1111 4100 καὶ
1140 4048 1253 4109 τοῖς
1287 4044 1598 4117 ὑπερορίοις
1617 4044 1692 4109 ὡς
1724 4048 1837 4115 τοῖς
1861 4046 2034 4118 ἐγχω.

2144 4040 2387 4105 transiit,
2410 4048 2464 4097 et
2487 4042 2560 4096 ita
2579 4042 2824 4099 externis
2855 4046 3109 4116 cognitus
3140 4045 3346 4112 aderat,
3378 4061 3484 4100 non
3508 4054 3717 4102 tantum

461 4142 598 4215 ρίοις
628 4142 894 4213 ἐτύγχανε
925 4136 1198 4211 γνώριμος
1227 4153 1242 4168 ·
1290 4137 1352 4189 οὐ
1385 4134 1636 4189 τοσοῦτον
1666 4136 1730 4190 ἐκ
1769 4134 1897 4200 θέας
1911 4137 2035 4191 ὅσον

2141 4149 2207 4189 ex
2264 4135 2497 4199 visione,
2534 4147 2800 4206 quantum
2842 4153 2908 4193 ex
2951 4138 3112 4194 laude
3168 4138 3277 4194 illis
3306 4147 3469 4197 notus
3493 4139 3720 4196 etii-ctus

459 4238 525 4289 ὲκ
553 4236 741 4307 φήμης
768 4234 955 4295 αὐτοῖς
992 4228 1416 4299 γινωσκόμενος.
1461 4226 1668 4298 Πέτρος
1704 4223 1799 4281 οὖν
1823 4222 1976 4292 οὗτος
2007 4229 2036 4282 6

2140 4227 2248 4277 est.
2284 4220 2426 4294 Ergo
2452 4220 2646 4280 Petrus
2675 4225 2762 4280 hic
2790 4227 3032 4297 Optimus
3063 4226 3268 4284 divitiis
3297 4227 3548 4295 alliucus,
3589 4245 3717 4300 pros

457 4326 764 4389 κάλλιστος,
791 4324 820 4376 ὀ
852 4321 1069 4392 πλούτῳ
1097 4319 1376 4392 ῥεόμενος,
1415 4320 1443 4372 ὁ
1462 4321 1611 4389 γένει
1644 4319 1738 4373 καὶ
1776 4321 2035 4391 φρονήσει

2145 4312 2299 4384 sapia
2344 4324 2594 4383 ornatus,
2642 4324 2699 4373 et
2736 4319 3026 4388 prudentia
3055 4318 3320 4384 famosus,
3367 4337 3567 4378 savum
3596 4324 3716 4377 lau-

456 4415 863 4487 κοσμούμενος,
915 4409 1140 4483 χαλεπῷ
1200 4410 1468 4481 νοσήματι
1558 4409 1982 4479 περιπέπτωκεν
2016 4426 2030 4441 ·

2147 4421 2375 4477 guorem
2402 4409 2592 4466 incidit
2622 4426 2638 4477 ;
2674 4420 2883 4468 natura:
2900 4413 3102 4485 quippe
3127 4415 3348 4486 propria
3366 4431 3469 4472 nec
3495 4416 3716 4479 sibimet

458 4507 701 4578 φείδεται
732 4507 843 4576 γὰρ
875 4504 985 4559 οὐδ’
1016 4503 1198 4558 αὐτῶν
1218 4505 1286 4558 τὰ
1318 4502 1420 4575 τῆς
1442 4501 1660 4573 φύσεως
1696 4503 1825 4569 ίδια,
1861 4504 1910 4556 εί
1941 4503 2035 4556 καὶ

2147 4508 2398 4565 parcunt,
2453 4501 2579 4556 licet
2619 4503 2734 4572 jam
2786 4501 2954 4559 dictis
2986 4504 3283 4561 virtutibus
3308 4506 3513 4562 distare
3536 4522 3716 4564 acono

456 4601 569 4663 τοῖς
598 4598 868 4669 λεχθεῖσιν
908 4595 1378 4666 πλεονεκτήμασιν
1420 4594 1700 4665 διαφέρειν
1753 4595 1863 4647 τῶν
1904 4596 2035 4665 ὁμο-

2139 4590 2435 4647 tribulibus
2486 4602 2809 4649 autument.
2857 4591 3013 4648 Talia
3064 4595 3230 4649 etiam
3282 4603 3403 4652 erat
3461 4598 3711 4666 languor.

458 4693 642 4764 φύλων
701 4691 1036 4762 νομίζουσιν.
1090 4687 1315 4743 Τοιοῦτο
1366 4685 1422 4741 δὲ
1459 4680 1529 4757 ἦν
1575 4685 1670 4740 καὶ
1693 4686 1752 4739 τὸ
1775 4686 1989 4756 νόσημα
2018 4704 2033 4717 ο

2138 4679 2361 4737 Scrofas
2383 4683 2631 4753 profecto
2659 4685 2884 4752 auditis,
2914 4693 2970 4742 et
2986 4687 3271 4743 audientes
3290 4689 3490 4759 utique
3516 4692 3712 4756 nostis,

461 4784 575 4848 Τὰς
603 4783 862 4855 χοιράδας
906 4781 1123 4844 πάντως
1155 4779 1408 4844 ἀκούετε,
1440 4778 1535 4831 καὶ
1575 4777 1867 4841 ἀκούοντες
1896 4776 2036 4830 πάνια

2135 4774 2290 4828 scitis
2319 4774 2471 4830 enim
2501 4791 2664 4846 quant
2702 4777 2776 4832 sit
2806 4777 2922 4833 haec
2947 4778 3132 4847 passio
3163 4779 3232 4835 ad
3265 4784 3572 4836 sanandum
3606 4782 3711 4837 dif-

456 4893 565 4939 τως
589 4873 905 4943 γινώσκετε,
933 4871 1031 4925 καῖ
1055 4870 1236 4924 οἴδατε
1263 4867 1338 4931 ὡς
1361 4866 1533 4931 πάθος
1582 4867 1699 4920 ἐστὶ
1736 4866 2037 4940 δυσκατέρ-

2136 4863 2301 4920 ﬁcilis
2335 4874 2392 4921 et
2428 4866 2764 4922 medicorum
2816 4869 3025 4941 legibus
3072 4885 3178 4926 non
3219 4872 3627 4937 obsecundans,
3658 4883 3711 4927 et

458 4980 681 5032 γαστον,
711 4963 810 5017 καὶ
846 4963 1034 5032 νόμοις
1062 4960 1263 5034 ἰατρῶν
1295 4960 1356 5014 ού
1428 4959 1726 5030 πειθήνιον,
1750 4959 1843 5013 καὶ
1866 4960 2036 5029 ἀγχον

2137 4969 2344 5026 angens
2387 4955 2691 5015 bestialiter
2735 4960 3023 5028 patientes.
3078 4962 3195 5017 Hoc
3234 4971 3291 5018 et
3329 4962 3524 5018 Petrus
3564 4963 3710 5017 circa

457 5053 667 5124 ἀγρίως
698 5053 824 5116 τοὺς
852 5052 1182 5121 πάσχοντας.
1204 5049 1404 5102 ’Τοῦτο
1429 5048 1522 5102 καὶ
1554 5048 1760 5120 Πέτρος
1788 5049 1919 5119 περὶ
1943 5048 2036 5103 τὸν

2135 5046 2336 5101 collum
2367 5046 2623 5116 habebat,
2665 5057 2721 5104 et
2752 5050 2941 5105 habito
2975 5053 3336 5107 moribundus
3367 5052 3730 5121 periclitaba-i

457 5141 733 5213 τράχηλον
779 5142 1000 5212 ἔσχηκε,
1038 5139 1135 5193 καὶ
1169 5137 1315 5210 σχὼν
1369 5136 1666 5191 ἀποθανεῖν
1723 5138 2034 5192 ἐκινδύνευε

2137 5144 2262 5204 tur;
2308 5138 2418 5195 tale
2453 5140 2657 5211 quippe
2701 5142 3009 5198 scrofarum
3040 5152 3126 5200 est
3146 5143 3399 5213 genimen
3430 5159 3447 5210 ;
3487 5151 3540 5197 et
3574 5143 3704 5212 peri-

461 5231 690 5303 (τοιοῦτο
711 5230 819 5302 γὰρ
846 5230 955 5283 τῶν
979 5229 1242 5302 χοιράδων
1277 5228 1341 5281 τὸ
1364 5227 1661 5299 γέννημα),
1708 5229 1803 5282 καὶ
1857 5227 2036 5282 κινδυ-

2135 5229 2451 5286 clitaturum
2487 5234 2583 5302 qui
2616 5233 2855 5290 salvaret
2892 5249 3000 5289 non
3048 5233 3258 5298 aderat,
3306 5233 3434 5287 dum
3463 5234 3705 5287 medicus

459 5321 632 5376 νεύων
663 5322 861 5393 ἠπόρει
887 5319 984 5373 τοῦ
1022 5319 1311 5385 σώζοντος,
1377 5318 1563 5391 ἰατροῦ
1617 5319 1692 5391 μὴ
1732 5319 2031 5392 δυναμένου

2134 5320 2397 5378 dimicare
2439 5332 2632 5379 contra
2675 5324 3054 5397 aegritudinem
3085 5339 3194 5380 non
3232 5322 3400 5391 valet,
3428 5323 3513 5378 vel
3544 5323 3706 5378 dimi-

458 5413 594 5487 πρὸς
637 5414 699 5467 τὸ
734 5413 906 5476 πάθος
940 5411 1313 5482 μαχήσασθαι,
1366 5411 1464 5464 καὶ
1486 5411 1879 5483 μαχησαμένου
1934 5412 2033 5484 τὴν

2135 5426 2270 5468 cans
2335 5412 2531 5469 ati'crre
2597 5415 2914 5471 victoriam.
2986 5414 3187 5471 Verum
3257 5415 3416 5470 multi
3482 5416 3704 5485 quidem

457 5507 616 5578 νίκην
649 5504 983 5578 κομίσασθαι
1023 5521 1039 5536 ο
1094 5505 1230 5559 ἀλλά
1260 5504 1472 5558 πολλῶν
1521 5503 1617 5575 μὲν
1652 5503 2034 5575 εἰσπηδῶντων

2134 5506 2452 5563 insiliebant
2512 5507 2572 5563 in
2637 5507 2897 5576 stadium,
2962 5522 3123 5563 nemo
3176 5516 3355 5563 tamen
3403 5506 3709 5576 accipiebat

459 5602 594 5672 πρὸς
622 5599 684 5654 τὸ
713 5599 949 5663 στάδιον,
980 5598 1195 5663 οὐδενὸς
1223 5597 1282 5652 δὲ
1309 5598 1372 5650 τὸ
1418 5597 1672 5667 βραϐεῖον
1726 5596 2033 5668 λαμϐάνον-

2133 5598 2411 5667 bravium,
2458 5601 2554 5658 sed
2587 5609 2876 5673 superatus
2915 5599 3199 5671 elfugiens,
3248 5599 3545 5658 coronabat
3578 5599 3705 5671 fuga

459 5710 568 5759 τος,
626 5692 742 5747 ἀλλ’
784 5691 1100 5764 ἡττωμένου
1148 5689 1247 5746 καὶ
1286 5687 1603 5760 φεύγοντος,
1634 5687 1731 5743 καὶ
1763 5691 1828 5760 τῇ
1884 5690 2031 5761 φυγῇ

871 5691 1100 5763 τωμένου
1148 5689 1247 5746 καὶ
1286 5687 1603 5760 φεύγοντος,
1634 5687 1731 5743 καὶ
1763 5691 1828 5760 τῇ
1884 5690 2031 5761 φυγῇ
2136 5681 2474 5757 languorem.

460 5783 847 5852 στεφανοῦντος
869 5783 930 5838 τὸ
953 5781 1181 5854 νόσημα.
