4060 6236
338 333 472 400 3631

406 444 622 499 Diutius
652 449 833 497 autem
865 442 1123 512 passione
1153 440 1459 504 obtinente,
1497 448 1551 493 et
1576 438 1791 493 incdico
1821 439 1912 507 qui
1949 441 1993 497 Λ

335 521 636 595 luctaretur
666 531 976 598 deﬁciente,
1007 532 1169 588 morti
1199 529 1398 588 Petrus
1427 530 1910 601 appropinquavit.

332 628 440 686 Sed
513 626 659 681 hunc
719 634 989 697 martyres
1043 634 1532 703 praeoccupautes,
1582 622 1650 677 de
1714 620 1912 678 inferni

333 718 592 775 manibus
622 718 947 773 liberarunt.
981 716 1118 771 Cum
1144 716 1292 771 enim
1324 715 1378 770 in
1406 716 1723 771 novissimis
1745 724 1912 776 esset,

334 810 742 882 periclitabatur
767 796 1126 882 [samﬂosque
1144 808 1344 880 Cyrum
1368 823 1432 863 ac
1462 805 1730 863 Joannem
1748 805 1914 861 fando

332 901 637 975 audiebat},
671 901 766 974 qui
792 902 897 960 soli
925 903 1242 972 languorem
1264 901 1483 956 vincere
1514 906 1801 970 poterant;
1860 906 1915 955 et

334 995 471 1051 nihil
514 1003 834 1059 moratusa
879 994 1055 1065 patria
1090 993 1402 1067 navigavit,
1457 993 1561 1048 ﬁde
1615 991 1915 1063 purissima

332 1086 555 1153 ductus,
591 1100 712 1156 quae
749 1085 954 1141 valeret
991 1082 1271 1141 inﬂectere
1302 1093 1596 1154 martyres,
1628 1084 1773 1139 unde
1809 1099 1913 1139 nec

333 1176 473 1230 ultra
500 1184 737 1245 quatuor
760 1175 879 1229 dies
902 1174 1105 1246 egregii
1132 1174 1209 1229 illi
1241 1174 1389 1230 hunc
1405 1174 1589 1229 videre
1619 1176 1912 1244 patientem

330 1264 715 1334 patiebantur;
742 1263 835 1320 sed
865 1264 1053 1319 eadem
1083 1274 1242 1321 nocte
1268 1271 1595 1336 apparentes
1627 1262 1915 1319 inﬁrmita-

332 1355 403 1409 tis
430 1353 634 1408 dabant
672 1354 994 1409 remedium.
1032 1354 1197 1410 Panis
1245 1364 1426 1410 autem
1456 1363 1574 1410 erat
1601 1354 1786 1410 terens
1814 1353 1912 1409 ad-

333 1445 440 1498 huc
480 1458 547 1499 ex
581 1443 706 1513 igne
753 1445 1016 1511 calorem,
1046 1459 1207 1514 quem
1279 1459 1468 1500 secare
1502 1443 1913 1515 praecipiebant,

329 1546 385 1590 et
407 1534 645 1590 calidum
687 1534 882 1591 atl‘erre
926 1551 1025 1607 pro
1074 1536 1408 1607 epithemate
1451 1536 1667 1602 seroﬁs,
1715 1544 1768 1592 et
1808 1536 1913 1592 hoc

329 1639 549 1698 portare
581 1628 763 1698 spatio
803 1627 961 1698 quasi
1004 1627 1264 1683 horarum
1290 1628 1553 1700 quinque,
1601 1628 1915 1685 amabiliter

329 1718 642 1789 appositum
681 1718 855 1784 collo,
894 1725 951 1775 et
980 1725 1113 1774 tunc
1139 1719 1336 1775 balneo
1364 1721 1827 1792 appropinquare,
1854 1727 1939 1777 et.

330 1811 485 1865 intus
503 1811 643 1864 intra
674 1808 913 1864 calidum
935 1823 1117 1864 aerem
1148 1808 1406 1876 inveniri,
1448 1817 1503 1866 et
1525 1826 1556 1864 a
1592 1811 1736 1865 collo
1761 1810 1909 1866 eve!-
1942 1799 1984 1855 Β

331 1902 442 1957 lere
472 1899 822 1969 medicinam,
858 1909 913 1956 et
947 1901 1051 1956 hac
1110 1917 1307 1974 rursus
1333 1903 1434 1967 uti,
1470 1901 1601 1958 dum
1636 1902 1910 1958 lavaretur

332 2009 507 2067 usque
539 1992 604 2049 ad
635 1993 939 2066 perfectam
971 1992 1319 2064 aegritudinis
1349 1994 1660 2049 sanitatem.

400 2178 503 2244 Qui
554 2177 820 2248 evigilans
862 2166 942 2248 (in
974 2175 1185 2231 somnis
1222 2175 1368 2232 enim
1406 2175 1524 2231 haec
1551 2174 1733 2230 facere
1753 2174 1911 2245 iubeo

331 2268 537 2340 batur),
576 2278 905 2339 praeceptum
937 2266 1185 2323 studiose
1232 2267 1480 2339 gerebat,
1513 2274 1567 2322 et
1601 2267 1909 2337 passionem

332 2362 638 2418 studiosius
683 2359 1011 2434 deponcbat.
1053 2359 1448 2416 Consummata
1491 2357 1916 2428 enimjussione

332 2466 673 2520 sanctorum,
717 2463 772 2509 et
816 2453 957 2508 collo
980 2452 1372 2523 circumposita
1423 2452 1518 2507 illo
1539 2449 1819 2522 prmsidio,
1854 2464 1911 2510 et

333 2556 456 2618 post
507 2547 611 2602 hoc
652 2547 906 2603 iuventus
958 2547 1014 2601 in
1073 2546 1290 2613 balneo,
1331 2561 1454 2600 cum
1517 2545 1848 2601 extraxisset
1885 2560 1917 2600 a

332 2640 476 2693 collo
520 2638 998 2701 medicamentum,
1062 2632 1119 2692 et
1168 2636 1381 2693 scrofas
1412 2651 1533 2691 cum
1581 2636 1702 2706 ipso
1745 2633 1911 2690 simul

334 2727 627 2793 abstraxit,
665 2736 720 2784 et
755 2742 879 2782 cum
937 2728 1130 2783 scroﬁs
1161 2726 1463 2798 periculum
1505 2724 1650 2795 quod
1677 2740 1743 2779 ex
1777 2724 1911 2794 ipsis

334 2831 451 2876 erat
478 2822 669 2893 procul
726 2820 894 2875 dubio
935 2804 1290 2873 nasciturum.
1331 2817 1495 2870 Aiunt
1526 2825 1708 2871 autem
1746 2815 1912 2870 etiam

337 2915 438 2969 has
493 2911 774 2982 sexaginta
819 2919 873 2964 et
907 2918 1117 2980 septem
1164 2907 1340 2964 fuisse
1363 2907 1743 2963 dinumeratas
1785 2922 1911 2961 cum

337 3005 672 3061 cecidissent
705 3018 735 3057 a
764 3002 956 3072 jugulo
987 3001 1135 3067 colli,
1169 3009 1222 3054 et
1262 3000 1400 3055 duas
1430 3013 1552 3053 cum
1604 2999 1742 3069 ipsis
1796 3013 1913 3053 ma-

336 3097 535 3153 sculini
568 3095 734 3153 simul
760 3109 925 3149 sexus
955 3101 1009 3148 et
1035 3091 1605 3164 feminini,quaehunc
1628 3092 1911 3147 hominum

336 3204 552 3246 esorem
604 3191 1005 3258 generaverunt
1050 3184 1393 3251 exercitum;
1451 3184 1737 3255 supposito
1783 3200 1913 3241 vero

337 3283 481 3336 collo
499 3280 695 3334 iterum
719 3276 1099 3342 medicamine,
1119 3274 1314 3331 diebus
1328 3276 1481 3345 quasi
1507 3276 1684 3331 tribus
1697 3291 1915 3347 quoque

340 3383 607 3428 curantur
634 3370 881 3436 vulnera,
912 3368 1050 3442 [(55)
1107 3376 1162 3424 et
1189 3368 1370 3424 omnis
1403 3367 1612 3437 objecta
1642 3375 1727 3425 est
1752 3383 1915 3439 quam

355 3466 593 3521 habebat
624 3463 936 3529 inﬁrmitas,
961 3459 1267 3518 scrofarum
1289 3459 1541 3515 videlicet
1565 3461 1916 3532 porcinarum

348 3559 674 3629 periculum,
747 3566 803 3613 et
880 3557 948 3613 ad
1004 3553 1309 3619 sanandum
1355 3550 1594 3608 difﬁcilia
1648 3552 1926 3626 vulnera],

342 3651 737 3719 Gratiﬁcisque
776 3647 1032 3705 cantibus
1054 3646 1253 3703 oblatis
1281 3644 1616 3717 martyribus
1639 3685 1655 3712 ,
1682 3645 1926 3714 gaudens

1230 329 1293 390 S.
1334 326 1751 390 SOPHRONII
1788 322 2291 385 I’ATRIARCHIE
2331 319 2738 382 HIEROSOL.

3464 322 3613 389 3632

2105 435 2232 488 Ἐπὶ
2261 434 2396 488 πολὺ
2423 434 2479 487 δὲ
2509 433 2604 487 τοῦ
2621 432 2827 496 πάθους
2858 431 3256 504 κρατήσαντος,
3287 435 3378 487 καὶ
3415 436 3607 506 ἰατροῦ

2014 528 2109 582 τοῦ
2138 528 2467 592 παλαίοντος
2495 528 2894 599 ὲπιλείψαντος,
2918 525 3153 583 θανάτου
3195 528 3423 599 πλησίον
3440 531 3468 582 ό
3496 529 3604 584 Πέ-

2013 638 2142 691 τρος
2163 620 2394 689 ἐγίνετο.
2443 620 2606 674 Ἀλλὰ
2640 619 2829 674 τοῦτον
2871 619 2920 674 oi
2965 619 3242 691 μάρτυρες
3267 619 3606 688 φθάσαντες,

2013 712 2124 766 τῶν
2151 711 2280 784 ᾅδου
2307 711 2503 784 χειρῶν
2546 711 2943 783 ὲλυτρὼσαντο.
3005 711 3091 776 Ὦς
3126 711 3233 781 γὰρ
3262 713 3320 765 ἐν
3351 713 3610 782 ἐσχάτοις

2014 803 2089 859 ὢν
2116 803 2442 870 ἐκινδύνευε,
2461 803 2653 876 Κῦρον
2684 805 2779 859 καὶ
2813 804 3064 869 Ἰωάννην
3097 805 3223 868 τοὺς
3248 804 3440 874 ἁγίους
3466 804 3609 857 inde

2015 898 2157 961 θετο,
2199 897 2392 968 μόνους
2431 897 2655 968 νικῆσαι
2674 896 3006 967 δυναμένους
3038 896 3097 951 τὸ
3127 897 3341 968 νόσημα
3369 913 3384 928 ο
3403 897 3498 949 καὶ
3525 896 3609 968 μὴ

2016 990 2282 1061 βραδύνας
2319 989 2421 1061 τῆς
2451 989 2706 1061 πατρίδος
2739 990 3030 1052 ἀπέπλεεν.
3059 989 3239 1041 πίστιν
3293 989 3465 1058 ἁγνὴν
3500 989 3610 1041 ἐπ-

2020 1083 2311 1153 αγόμενος,
2364 1085 2550 1139 πεῖσαι
2602 1082 2907 1152 δυναμένην
2959 1081 3085 1143 τοὺς
3135 1080 3447 1153 μάρτυραςο
3479 1079 3608 1133 ὅθεν

2014 1172 2137 1226 οὐδὲ
2188 1173 2467 1243 τεττάρων
2513 1172 2698 1225 πλεῖον
2743 1169 2968 1242 ἡμερῶν
2994 1170 3045 1223 οἱ
3102 1168 3381 1223 θεσπέσιοι
3403 1168 3596 1223 τοῦτον

2018 1264 2148 1318 ἰδεῖν
2177 1265 2470 1334 ἠνέσχοντο
2503 1264 2801 1333 πάσχοντα,
2841 1262 2979 1316 ἀλλὰ
3014 1263 3083 1334 τῇ
3136 1261 3341 1332 ταύτης
3400 1264 3605 1330 ὲπιφαυ

2014 1357 2198 1421 νέντες
2225 1358 2405 1420 νυκτὶ,
2435 1356 2534 1426 τῆς
2570 1355 2882 1428 ἀρρωστίας
2916 1356 3118 1411 ἐδίδουν
3177 1355 3239 1409 τὸ
3282 1356 3597 1427 φάρμακον.

2018 1452 2215 1521 Ἀρτος
2238 1449 2295 1503 δὲ
2310 1444 2400 1519 ἦν,
2431 1447 2527 1519 τὴν
2552 1448 2620 1502 ὲκ
2651 1435 2823 1520 πυρὸς
2842 1448 2922 1502 ἔτι
2945 1448 3125 1519 φέρων
3174 1447 3504 1520 θερμότητα,
3531 1445 3598 1499 ὅν

2012 1541 2301 1612 διαπρίσαι
2330 1542 2720 1606 προσέταττον,
2739 1541 2834 1595 καὶ
2862 1540 3064 1611 θερμὸν
3094 1540 3463 1612 προσενέγκαι
3480 1542 3603 1605 ταῖς

2014 1633 2261 1705 χοιράσιν
2307 1631 2568 1704 ἐπίθεμα,
2626 1632 2719 1686 καὶ
2776 1631 2934 1686 τοῦτο
2990 1631 3261 1704 βαστάσαι
3316 1632 3390 1696 ὡς
3439 1632 3601 1704 ὡρῶν

2018 1725 2182 1781 πέντε
2215 1725 2491 1795 διάστημα
2518 1724 2598 1795 τῷ
2621 1725 2881 1796 τραχήλῳ
2940 1724 3255 1796 προσφιλῶς
3303 1725 3597 1795 ἐπικείμε-

2011 1834 2101 1872 νον
2134 1833 2148 1847 ’
2179 1817 2274 1871 καὶ
2300 1818 2423 1872 τότε
2452 1817 2661 1889 λουτρῷ
2684 1815 3162 1888 προσπελάσαντα,
3197 1818 3291 1871 καὶ
3317 1816 3426 1870 ἔσω
3452 1817 3596 1872 κατά

2010 1907 2103 1961 τὸν
2126 1906 2336 1979 θερμὸν
2364 1908 2503 1979 ἀέρα
2537 1909 2849 1978 γενόμενον,
2891 1909 3146 1980 ἀποσπᾷν
3199 1908 3292 1961 τοῦ
3319 1908 3592 1979 τραχήλου

2011 1999 2072 2053 τὸ
2100 2000 2413 2070 φάρμακον,
2451 1999 2733 2054 καὶτοῦτο
2771 2000 2931 2053 πάλιν
2968 2001 3207 2073 χρῆσθαι
3242 1999 3597 2070 λουσάμενον,

2014 2090 2177 2162 μέχρι
2214 2089 2429 2154 τελείας
2459 2090 2554 2145 τοῦ
2584 2090 2793 2154 πάθους
2837 2091 3055 2155 ἰάσεως.

2092 2183 2155 2235 '0
2178 2181 2235 2236 δὲ
2270 2183 2628 2255 γρηγορήσας
2654 2182 2806 2249 (καθ’
2832 2181 3002 2235 ὕπνον
3041 2182 3152 2255 γὰρ
3196 2183 3371 2238 ταῦτα
3424 2186 3604 2238 ποιεῖν

2011 2274 2349 2345 ἐκελεύετο),
2386 2273 2691 2338 σπουδαίως
2714 2273 2843 2345 ἕδρα
2871 2272 2932 2327 τό
2951 2273 3251 2346 θέσπισμα,
3283 2274 3376 2328 καὶ
3400 2274 3460 2327 τὸ
3490 2273 3602 2327 πά-

2011 2369 2104 2432 θος
2126 2366 2367 2421 ἀπέὸαλε
2396 2366 2834 2437 σπουδαιότερον.
2887 2365 2931 2418 Τ
2933 2364 3125 2428 ελέσας
3153 2371 3262 2436 γὰρ
3291 2365 3400 2419 τῶν
3427 2365 3605 2434 ἁγίων

2010 2460 2110 2530 τὴν
2140 2459 2412 2524 κέλευσιν,
2447 2458 2541 2511 καὶ
2567 2457 2646 2529 τῷ
2661 2458 2918 2530 τραχήλῳ
2956 2457 3204 2528 περιθεὶς
3233 2456 3295 2510 τὸ
3325 2456 3602 2528 βοήθημα,

2011 2551 2110 2606 καὶ
2146 2555 2204 2607 ἐν
2242 2549 2320 2620 τῷ
2350 2549 2562 2620 λουτρῷ
2588 2549 2726 2620 μετά
2757 2548 2917 2602 τοῦτο
2965 2548 3276 2619 γενόμενος,
3337 2547 3603 2601 ἀποσπῶν

2011 2641 2106 2696 τοῦ
2134 2643 2409 2714 τραχήλου
2437 2641 2499 2695 τὸ
2527 2641 2843 2712 φάρμακον,
2875 2640 2972 2695 καὶ
3002 2640 3099 2705 τὰς
3149 2631 3407 2712 χοιράδας
3450 2639 3609 2707 αὐτῷ

2015 2736 2452 2801 συναπέσπασεν,
2479 2735 2572 2788 καὶ
2603 2737 2723 2798 ταῖς
2751 2733 2970 2805 χοιρᾶισι
3009 2734 3099 2788 τὸν
3128 2732 3187 2800 ἐξ
3241 2732 3420 2789 αὐτῶν
3442 2734 3605 2803 γινὸ-

2017 2844 2178 2898 μενον
2239 2826 2510 2882 κίνδυνον.
2572 2826 2710 2879 Φασὶ
2737 2825 2793 2878 δὲ
2830 2826 2925 2879 καὶ
2950 2824 3152 2889 ταύτας
3176 2824 3440 2897 ἑξήκοντα
3495 2828 3593 2879 καὶ

2014 2919 2160 2972 ὲπτά
2191 2918 2283 2971 τὸν
2309 2917 2544 2986 ἀριθμὸν
2577 2916 2920 2988 μετρηθῆναι
2959 2917 3238 2981 πεσούσας
3289 2915 3384 2970 τοῦ
3415 2916 3600 2970 τένον-

2014 3025 2130 3075 τος,
2182 3009 2276 3063 καὶ
2340 3009 2403 3081 δὴ
2454 3009 2550 3062 σὺν
2590 3009 2780 3070 αύταῖς
2830 3006 2888 3060 ἓν
2935 3008 3298 3080 ἀρρενοθῆλυ,
3333 3008 3396 3061 τὸ
3441 3007 3613 3063 τοῦτο

2017 3101 2291 3170 γεννῆσαν
2321 3101 2382 3155 τὸ
2427 3101 2812 3172 μισάνθρωπον
2864 3100 3202 3172 στράτευμα.
3267 3102 3505 3166 Ἐπιθεὶς
3547 3101 3608 3155 δὲ

2021 3194 2183 3247 πάλιν
2209 3191 2286 3264 τῷ
2320 3193 2582 3264 τραχήλῳ
2609 3192 2670 3245 τδ
2696 3192 2990 3262 φάρμακον
3024 3191 3241 3265 ἡμέρας
3270 3193 3402 3246 ὡσεὶ
3430 3195 3599 3266 τρεῖς,

2023 3284 2121 3338 καὶ
2144 3284 2212 3337 τὰ
2232 3284 2422 3337 τούτου
2447 3283 2814 3353 θεραπεύεται
2854 3283 3166 3356 τραύματα,
3197 3285 3293 3338 καὶ
3346 3300 3609 3356 χαριστη-

2028 3377 2177 3449 ρίους
2200 3376 2347 3447 ᾠδὰς
2365 3379 2740 3448 προσενέγκας
2770 3379 2883 3440 τοῖς
2911 3377 3170 3447 μάρτυσι,
3231 3378 3440 3448 χαίρων
3466 3374 3604 3447 ὁμοῦ

2029 3467 2123 3522 καὶ
2153 3467 2393 3540 σκιρτῶν
2412 3467 2790 3540 ἀπεδήμησεν,
2822 3466 2966 3521 νεὼν
2989 3468 3174 3535 αὐτοῖς
3204 3470 3262 3521 ἐν
3288 3469 3608 3539 Χαραγμω-

2033 3559 2169 3624 ϐίοις
2191 3561 2532 3631 γιγνόμενος,
2560 3561 2637 3623 ὡς
2684 3556 2975 3625 σεσωκόσι,
3021 3558 3364 3632 δομήσασθαι
3419 3558 3613 3614 συνθέ-

2038 3665 2222 3720 μενος.

343 3744 548 3816 pariter
606 3752 659 3799 et
711 3741 994 3799 exsultans
1040 3738 1290 3804 recessit,
1353 3736 1615 3808 templum
1672 3734 1785 3792 illis
1827 3735 1971 3806 apud
2015 3736 2379 3812 Cbaragmata
2426 3738 2717 3808 tacturus,
2763 3739 2928 3796 sicuti
2974 3739 3151 3796 fuerat
3192 3740 3491 3813 pollicitus,
3523 3739 3612 3798 bis

342 3842 437 3911 qui
476 3855 536 3896 se
587 3836 931 3893 salvaverant
976 3829 1359 3888 dedicandum.

343 3977 478 4033 LIX.
518 3974 591 4029 De
617 3972 882 4042 Stephano
926 3965 1279 4042 Aphrodisias
1307 3965 1396 4033 qui
1428 3963 1665 4018 extraxit
1697 3978 1724 4016 ε
1751 3964 1921 4033 capite

901 4036 1306 4107 scotopendram
1336 4073 1349 4090 .

419 4138 620 4211 thuid
684 4151 750 4192 ex
814 4133 946 4191 Asia
1023 4130 1336 4187 venientem
1398 4143 1509 4183 non
1567 4126 1922 4198 producimus

344 4233 704 4305 Stephanum,
751 4236 808 4282 et
854 4222 1196 4279 amatoribus
1250 4226 1555 4291 martyrum
1600 4232 1724 4287 quae
1773 4217 1922 4272 illius

345 4338 474 4381 sunt
525 4318 952 4379 enarrabimus?
989 4314 1279 4370 Suﬁiciunt
1332 4312 1477 4366 enim
1519 4310 1661 4375 hac,
1703 4323 1826 4364 cum
1849 4306 1915 4363 ad

347 4416 598 4473 notitiam
660 4409 935 4473 venerint,
988 4416 1101 4461 tam
1151 4402 1221 4458 ad
1282 4402 1538 4457 virtutem
1599 4405 1915 4456 sanctorum

346 4507 733 4570 exlnibendam,
781 4516 945 4574 quam
973 4501 1040 4555 ad
1078 4498 1333 4554 aﬂ'ectum
1361 4506 1584 4552 sanctos
1619 4493 1920 4549 amantium

349 4595 834 4674 augmentandum.
878 4594 1121 4648 Asianus
1147 4598 1267 4646 erat
1297 4589 1612 4660 Stephanus
1642 4585 1920 4656 Aphrodio

348 4695 523 4752 siadis
564 4690 823 4749 civitatis.
859 4686 957 4741 llic
986 4682 1323 4756 quibusdam
1348 4674 1790 4752 supplicantibus
1826 4692 1919 4748 pe-

351 4787 570 4842 cuniam
636 4779 1078 4841 conmendavit,
1135 4776 1239 4832 ﬁde
1302 4772 1607 4831 secundum
1682 4772 1924 4827 salutare

353 4879 669 4934 mandatum
694 4871 977 4944 pecuniam
997 4869 1159 4935 dans,
1178 4876 1231 4923 et
1258 4866 1335 4921 nil
1360 4865 1425 4919 ad
1469 4863 1553 4919 sui
1573 4862 1921 4919 securitatem

354 4968 705 5042 percipiens;
731 4960 1020 5034 propinqui
1061 4958 1211 5014 enim
1239 4964 1397 5012 erant
1421 4954 1474 5008 bi
1522 4954 1614 5024 qui
1639 4950 1926 5042 pecuniam

355 5041 704 5132 acceperant,
738 5063 793 5111 et
825 5054 1034 5108 idcirco
1068 5047 1441 5105 necessarium
1468 5059 1575 5099 non
1602 5057 1729 5099 esse
1777 5041 1927 5096 arbi-

358 5164 533 5211 tratus
563 5159 647 5206 est
693 5146 991 5219 quidquam
1016 5140 1281 5223 proﬁteri,
1308 5145 1367 5191 ut
1406 5136 1554 5192 soliti
1590 5148 1782 5190 sumus
1812 5133 1931 5187 exi-

357 5261 486 5317 gere
522 5244 591 5298 ab
632 5241 719 5297 bis
747 5252 885 5308 quos
924 5235 1144 5289 futuros
1185 5231 1531 5300 suspicamur
1562 5227 1828 5317 ingratos.
1862 5224 1932 5277 At

361 5315 437 5393 illi
450 5335 567 5400 eius
583 5329 1051 5403 deprehendo-Mes
1066 5321 1494 5392 simplicitatem,
1514 5325 1569 5372 et
1583 5315 1728 5387 quod
1744 5315 1929 5369 datum

365 5428 541 5484 luerat
569 5421 877 5479 lucriﬁcare
898 5415 1250 5478 festinantes,
1277 5409 1486 5464 faciunt
1517 5406 1809 5476 malignam
1834 5416 1933 5472 pro

364 5521 507 5574 bona
556 5510 1013 5571 vicissitudinem,
1052 5514 1106 5561 et
1138 5505 1318 5559 virum
1351 5497 1931 5566 malebaioimpetunt,

365 5609 514 5662 hunc
557 5619 589 5660 e
640 5603 820 5658 nredio
869 5600 1105 5656 ablatum
1164 5595 1329 5651 citius
1378 5588 1707 5648 iuvisibilem
1754 5584 1934 5642 facere

2022 3946 2152 4002 NO'.
2183 3947 2325 4017 lupi
2357 3946 2665 4016 Στεφάνου
2685 3948 2792 4004 τοῦ
2824 3945 3253 4017 Ἀφροδισιέως,
3276 3946 3385 4017 τοῦ
3415 3947 3484 4003 ἐκ
3503 3964 3606 4003 κει-

2161 4016 2368 4087 φαλῆς
2398 4017 2826 4088 ἐξενέγκαντος
2851 4016 2967 4087 τὴν
2986 4016 3467 4085 σκολοπένδραν.

2093 4109 2158 4164 Τί
2190 4110 2249 4163 δὲ
2286 4108 2495 4164 καὶτὸν
2517 4109 2576 4174 ἐξ
2617 4108 2804 4173 Ἀσίας
2852 4110 2916 4164 οὐ
2958 4108 3284 4181 παράγομεν
3309 4108 3604 4179 Στέφανον,

2023 4202 2118 4256 καὶ
2157 4202 2270 4264 τοῖς
2329 4201 2694 4273 φιλομάρτυσι
2747 4201 2817 4256 τά
2867 4201 2988 4255 κατ’
3022 4200 3184 4255 αὑτὸν
3235 4200 3611 4271 διηγούμεθα;

2033 4293 2218 4347 Ἰκανά
2234 4292 2345 4363 γάρ
2372 4292 2541 4347 ταῦτα
2572 4293 2707 4365 πρὸς,
2729 4292 2933 4363 γνῶσιν
2956 4292 3245 4364 ἐρχόμενα,
3266 4294 3361 4347 καὶ
3388 4293 3611 4365 τὴντῶν

2023 4385 2192 4454 ἁγίων
2243 4383 2415 4457 ἀλκὴν
2475 4384 2974 4457 παραστήσασθαι,
3030 4386 3124 4439 καὶ
3172 4384 3271 4455 τὴν
3326 4384 3438 4439 τῶν
3485 4385 3608 4454 φιλ-

2027 4476 2200 4544 αγὶων
2231 4474 2467 4546 αὐξῆσαι
2489 4475 2733 4530 διάθεσιν
2754 4492 2772 4508 ο
2808 4475 3052 4539 Ἃσιανδς
3082 4476 3325 4547 ὑπῆρχεν
3352 4478 3381 4529 ό
3408 4476 3611 4546 Στέφα-

2030 4584 2117 4629 νος
2153 4565 2555 4636 Ἀφροδισιάδος
2582 4567 2682 4637 τῆς
2715 4566 2925 4629 πόλεως
2963 4582 2978 4598 ·
3035 4560 3188 4629 οὗτός
3222 4582 3365 4619 τισιν
3397 4566 3605 4620 ἱκετεύο

2028 4675 2209 4725 σασιν,
2241 4658 2465 4730 χρυσίον
2495 4658 2787 4723 ἐδάνεισεν,
2823 4658 3004 4712 πίστει
3039 4657 3182 4712 κατά
3233 4656 3294 4711 τὺ
3342 4659 3611 4729 σωτήριον

2029 4750 2267 4822 ένταλμα
2291 4749 2540 4814 δεδωκὼς
2583 4750 2643 4804 τὺ
2664 4742 2950 4824 ἀργύριον,
2980 4749 3076 4803 καὶ
3099 4748 3269 4820 μηδὲν
3291 4730 3611 4820 πρὺςάσφά-

2028 4845 2178 4899 λειαν
2202 4842 2397 4899 ἑαυτοῦ
2445 4843 2838 4916 κομισάμενος.
2890 4844 3107 4913 Γνήσιοι
3144 4840 3253 4914 γὰρ
3300 4837 3441 4912 ἦσαν
3473 4843 3521 4894 oi
3549 4842 3611 4894 τὸ

2026 4938 2215 5009 χρῆμα
2239 4935 2637 5007 λαμϐάνοντες,
2662 4936 2756 4988 καὶ
2796 4933 2886 4987 διὰ
2919 4932 3080 4987 τοῦτο
3112 4931 3187 5003 μὴ
3225 4931 3438 4985 δεῖσθαί
3464 4948 3611 4995 τινος

2025 5028 2134 5081 τῶν
2164 5027 2587 5097 ἀναγκαζόντων
2643 5026 2927 5097 ὁμολογεῖν
2978 5023 3106 5087 τοὺς
3149 5020 3471 5093 ἀγνώμονας
3508 5022 3614 5074 ὐπ-

2026 5120 2351 5189 ελάμσανεν.
2415 5122 2477 5174 Οἱ
2515 5119 2571 5172 δὲ
2600 5119 2699 5189 τῆς
2726 5116 2892 5171 αὑτοῦ
2927 5113 3335 5185 κατεγνωκότες
3373 5114 3615 5183 ἁπλότη-

2028 5232 2138 5280 τος,
2193 5214 2370 5268 καὶτὸ
2415 5212 2590 5280 δοθὲν,
2622 5213 2853 5282 ἕρμαιον
2904 5208 3172 5264 ποιεῖσθαι
3202 5202 3612 5271 σπουδάζοντες,

2039 5305 2323 5360 ποιοῦνται
2360 5304 2605 5375 πονηρὰν
2624 5304 2749 5358 ἀντὶ
2795 5301 3008 5372 ἀγαθῆς
3065 5298 3421 5355 ἀνταπόδοσιν
3453 5314 3466 5328 ·
3518 5297 3616 5352 καὶ

2030 5398 2361 5470 ,φαρμακείᾳ
2380 5397 2472 5450 τὸν
2495 5396 2664 5467 ἄνδρα
2696 5396 3073 5467 μετέρχονται,
3112 5395 3176 5448 ὲκ
3219 5392 3396 5447 ποδῶν
3452 5389 3616 5444 αὑτὸν

2039 5490 2230 5544 θᾶττον
2270 5490 2495 5561 ποιῆσαι
2528 5487 2862 5559 γλιχόμενοι,
2893 5486 2979 5541 ἵνα
3012 5486 3101 5540 διὰ
3158 5484 3220 5539 τὸ
3241 5483 3341 5555 τῆς
3398 5481 3610 5552 ἀναιρέ-

2042 5598 2179 5645 σεως
2210 5581 2426 5653 ἄδηλον,
2463 5581 2557 5635 καὶ
2589 5581 2688 5651 τὴν
2707 5578 2865 5651 δίκην
2896 5577 3151 5644 λαθόντες
3171 5573 3616 5649 ὲκφύγωσιν,καὶ

1869 5698 2104 5758 NOTAE.

444 5784 556 5859 (33)
616 5786 834 5843 inclusa
857 5785 1057 5842 desunt
1085 5785 1143 5840 in
1172 5782 1380 5839 Graeco.
