4060 6236
534 365 674 425 3633

1517 362 1618 420 SS.
1651 359 1827 420 CYRI
1864 359 1960 420 ET
1996 355 2315 420 IOANNIS
2351 351 2748 416 MIRACULA

3647 331 3790 400 3636

541 476 595 526 τὸ
621 471 832 526 δάνειον
865 472 938 542 μὴ
972 472 1254 526 ἐκτίσωσιν
1283 489 1295 503 ·
1328 473 1486 526 τοῦτο
1531 474 1638 544 γὰρ
1697 470 1764 545 ἦν
1816 473 1999 536 αὐτοῖς
2056 470 2116 523 τὸ

2238 472 2534 540 gestientes,
2575 474 2633 521 ut
2659 478 2753 535 per
2781 455 3219 530 interemptionis
3252 454 3540 518 incertum,
3564 457 3620 507 et
3648 445 3792 521 jud'i-

537 559 893 635 ποθούμενον.
937 565 1270 633 Ἐλογίζοντο
1285 565 1341 619 δὲ
1362 567 1498 636 τάχα
1522 567 1616 618 καὶ
1654 566 1809 620 τοῦτο
1833 567 1952 618 καθ’
1983 565 2110 616 ἑαυ-

537 661 661 722 τοὺς
689 661 740 710 oi
769 659 1190 728 τρισάθλιοι,ώς
1235 660 1362 723 τοὺς
1407 660 1723 730 ἀνθρώπους
1767 661 1814 713 εί
1872 659 2108 722 λάθοιεν,

537 753 631 804 καὶ
651 751 712 804 τὸ
735 753 887 822 ὄμμα
918 753 1126 825 Κυρίου
1161 753 1221 806 τὸ
1242 755 1542 824 ἀκοίμητον
1563 754 1840 821 λήσονται.

624 1015 1036 1085 Ἑφαρμάττετο
1069 1016 1168 1085 μὲν
1198 1017 1312 1082 οὖν,
1347 1016 1421 1080 ὼς
1447 1017 1604 1088 ἔφην,
1635 1019 1663 1070 6
1686 1018 1986 1088 Στέφανος,
2015 1017 2114 1070 καὶ

539 1108 568 1159 ‘C
583 1108 778 1168 άνατος
839 1102 910 1177 ἦν
941 1110 969 1159 6
999 1108 1200 1171 σκοπὸς
1249 1107 1343 1162 τοῦ
1375 1107 1753 1180 φαρμάζοντος
1781 1125 1796 1141 ·
1823 1109 1883 1162 ὃν
1939 1109 2118 1181 σκέπῃ

545 1199 644 1267 μὲν
665 1196 799 1250 Θεοῦ
819 1196 913 1250 καὶ
941 1195 1103 1266 βουλῇ
1132 1198 1463 1266 διαπέφευγε
1499 1215 1512 1230 ·
1547 1200 1720 1269 πάντη
1751 1199 1808 1252 δὲ
1835 1199 1926 1252 τοῦ
1955 1199 2121 1268 δηλη-

541 1288 738 1357 τηρίου
781 1288 878 1358 τὴν
916 1289 1098 1358 λώϐην
1152 1289 1253 1341 οὐκ
1303 1290 1527 1358 ἔφυγεν,
1577 1290 1693 1343 ἀλλ’
1753 1289 2121 1360 αἱμορῤαγίας

543 1378 847 1434 ὐποπίπτει
877 1379 1166 1448 νοσήματι,
1182 1379 1278 1432 καὶ
1308 1381 1525 1450 ἡμέρας
1543 1381 1783 1450 ἑκάστης
1813 1380 1904 1432 τὸν
1923 1380 2122 1432 οἰκεῖον

550 1470 749 1522 ἔϐλεπε
777 1469 1033 1537 θάνατον,
1066 1469 1262 1540 αῐμασι
1285 1472 1422 1540 ῥέων
1451 1471 1540 1525 διὰ
1588 1470 1827 1540 γαστρὸς
1885 1470 1980 1522 καὶ
2029 1467 2123 1521 τοῦ

548 1559 843 1628 στόματος,
867 1561 961 1612 καὶ
988 1560 1194 1622 πάντας
1216 1561 1536 1629 ἐκπλήττων
1553 1560 1630 1631 τῷ
1655 1561 1846 1631 πλήθει
1867 1564 1965 1631 τῆς
1997 1561 2090 1630 ρεύ
2111 1590 2124 1600 -

547 1665 711 1711 σεως,
736 1649 830 1700 καὶ
851 1648 978 1718 βοᾷν
1011 1649 1338 1718 ἀναγκάζων
1367 1651 1494 1712 τοὺς
1532 1650 1853 1720 βλέποντας,
1876 1651 1953 1714 ὡς
1976 1651 2126 1704 θάνοι

553 1743 770 1804 πάντως
841 1741 949 1810 πρὸ
1007 1741 1110 1810 τῆς
1175 1741 1269 1795 τοῦ
1339 1743 1571 1813 αἵματος
1638 1743 1898 1806 στάσεως.
1972 1743 2127 1796 Οὕτω

2217 566 2362 618 cium
2396 561 2776 615 delitescentes
2811 552 3126 621 effugerent,
3170 555 3225 604 et
3259 553 3505 601 mutuum
3542 558 3648 598 non
3678 557 3794 612 per-

2216 656 2528 718 solverent;
2560 652 2665 705 hoc
2708 647 2852 703 enim
2885 645 3221 702 desiderium
3261 649 3380 696 erat
3413 639 3540 694 illis.
3571 638 3793 709 Cogita.

2215 748 2348 800 baut
2393 753 2572 797 autem
2630 740 2772 812 apud
2826 756 2884 795 se
2929 735 3178 791 fortassis
3226 734 3542 797 miserrimi,
3583 730 3728 801 quod
3747 730 3792 785 si

2218 838 2463 892 homines
2506 835 2671 888 latere
2713 831 3040 902 potuissent,
3066 837 3119 882 et
3167 827 3384 881 oculum
3417 825 3531 887 Dei,
3567 825 3657 893 qui
3688 837 3793 878 non

2218 927 2447 988 dormit,
2483 925 2652 978 latere
2684 923 3043 977 nihilominus
3082 920 3404 975 valuissent.

2243 1061 2246 1066 .
2291 1013 2540 1082 Denique
2562 1020 2620 1065 ut
2647 1011 2756 1066 dixi
2774 1009 3041 1065 maleficio
3067 1007 3382 1079 Stephanus
3406 1008 3795 1077 impetebatur,

2222 1117 2277 1164 et
2326 1105 2579 1162 maleficii
2615 1120 2764 1159 mors
2799 1113 2917 1158 erat
2957 1103 3187 1158 intentio
3216 1119 3230 1169 ;
3263 1116 3426 1170 quam
3459 1101 3800 1170 protectione

2226 1201 2320 1255 Dei
2373 1208 2427 1254 et
2484 1197 2763 1252 voluntate
2828 1195 3042 1266 diﬂ'ugit
3095 1195 3334 1264 quidem,
3390 1192 3485 1248 sed
3549 1191 3798 1247 maleﬂcii

2226 1293 2504 1348 laesionem
2551 1289 2770 1359 penitus
2821 1302 2929 1342 non
2956 1286 3175 1350 evasit;
3209 1301 3397 1340 verum
3455 1285 3634 1341 ﬂuxus
3679 1300 3802 1340 san-

2225 1384 2406 1453 guinis
2460 1381 2778 1449 languorem
2828 1379 3080 1440 incurrit,
3142 1383 3197 1431 et
3249 1393 3343 1447 per
3383 1378 3630 1448 singulos
3685 1376 3802 1431 dies

2226 1481 2456 1530 mortem
2502 1486 2657 1528 suam
2707 1471 3042 1534 intuebatur,
3096 1469 3415 1537 sanguinem
3463 1483 3632 1538 super
3677 1483 3805 1522 san~

2227 1566 2446 1636 guinem
2479 1564 2712 1619 fundens
2741 1578 2834 1632 per
2879 1577 2942 1618 os
2967 1559 3128 1617 simul
3157 1571 3211 1616 et
3239 1571 3508 1625 ventrem,
3539 1567 3591 1614 et
3614 1574 3804 1614 omnes

2230 1657 2285 1712 in
2333 1655 2748 1710 admirationem
2807 1668 2972 1723 agens
3026 1667 3137 1724 pra:
3199 1652 3551 1707 multitudine
3601 1651 3804 1715 ﬂuxus,

2233 1754 2574 1818 cunctosque
2619 1745 2856 1807 clamare
2874 1744 2965 1814 qui
2997 1744 3252 1799 videbant
3284 1744 3803 1815 compellens,quod

549 1833 674 1885 καθ’
701 1831 851 1900 ὤραν
873 1831 1196 1886 κινδυνεύων
1235 1835 1263 1885 6
1292 1835 1583 1901 Στέφανος,
1638 1835 1733 1888 καὶ
1784 1835 1923 1889 κατά
1970 1835 2128 1904 ῥύσιν

2238 1839 2537 1893 moriturus
2587 1844 2733 1892 esset
2784 1847 2909 1890 ante
2952 1835 3235 1906 sanguinis
3288 1843 3515 1890 statum.
3544 1833 3678 1890 Dum
3729 1835 3810 1890 sic

549 1922 784 1989 οῖματος
807 1921 1129 1975 ὑποπτεύων
1161 1922 1255 1975 τὸν
1283 1924 1534 1988 θάνατον,
1559 1925 1654 1978 καὶ
1687 1925 1760 1994 μὴ
1808 1924 1988 1995 τυχὼν
2040 1926 2126 1978 ία-

504 2080 525 2097 .
547 2011 680 2082 τροῦ
713 2011 805 2064 τοῦ
834 2011 926 2065 τὸν
961 2013 1192 2067 θάνατον
1217 2011 1592 2080 ἐκδιώκοντος,
1614 2015 1706 2067 ἐπὶ
1758 2015 1946 2086 Κῦρον
1975 2015 2128 2068 ἔπλει

471 2103 476 2106 ⁷
546 2101 640 2154 τὸν
673 2102 930 2173 μάρτυρα
971 2103 1066 2156 καὶ
1098 2103 1353 2173 Ἰωάννην
1405 2104 1497 2157 τδν
1552 2105 1736 2176 Κύρου
1794 2107 2080 2176 συνόμιλον
2111 2121 2127 2137 ⁸

546 2195 770 2256 τούτους
805 2196 868 2248 ἐκ
901 2196 1150 2265 κρυφίων
1172 2195 1499 2266 πυθόμενος,
1565 2196 1758 2266 μόνους
1795 2197 1935 2266 μετά
1997 2198 2130 2251 Θεὸν

545 2286 882 2355 θεραπεῦσαι
903 2286 1234 2356 δυναμένους
1260 2287 1324 2340 τὸ
1343 2288 1576 2357 νόσημα,
1603 2289 1698 2340 καὶ
1723 2288 1822 2358 τῆς
1848 2289 2131 2358 παρούσης

546 2377 796 2447 ἀνάγκης
850 2376 1250 2447 λυτρώσασθαι.
1312 2377 1406 2439 Et;
1478 2377 1570 2440 οὒς
1629 2379 1978 2448 ἀφικόμενος,
2037 2380 2132 2434 καὶ

548 2467 764 2536 δεήσεις
802 2469 986 2530 αὐτοῖς
1039 2469 1422 2537 ἐνεγκάμενος,
1476 2469 1716 2538 ἠκούσθη
1773 2487 1833 2522 τε
1879 2471 1972 2522 καὶ
2020 2471 2133 2522 τῶν

551 2557 811 2610 κινδύνων
853 2555 1106 2620 ἐσώζετο.
1163 2559 1428 2621 Φανέντες
1469 2560 1578 2628 γὰρ
1620 2561 1760 2613 κατὰ
1788 2563 1914 2624 τοὺς
1934 2562 2134 2620 ὕπνους

549 2649 602 2700 oi
623 2647 788 2715 ἅγιοι,
815 2648 998 2718 πράσα
1028 2651 1220 2716 φαγεῖν
1241 2650 1616 2702 ἐπιτάττουσιν
1650 2652 1723 2722 μὴ
1764 2653 2136 2722 προσαχθέντα

555 2740 686 2810 πυρί
713 2756 772 2790 τε
805 2739 901 2791 καὶ
922 2741 1158 2809 νάμασιν
1180 2758 1193 2772 ·
1229 2742 1372 2811 άπερ
1424 2740 1616 2810 φαγὼν
1647 2741 1723 2803 ὡς
1753 2742 2130 2808 ὲκεκέλευστο,

554 2831 653 2900 τῆς
687 2831 784 2900 μὲν
806 2831 912 2882 τῶν
933 2832 1180 2901 αἱμάτων
1203 2832 1573 2900 ἀπηλλάττετο
1610 2833 1868 2902 ῥεύσεως,
1894 2835 1987 2887 καὶ
2035 2834 2136 2903 τῆς

555 2921 767 2980 τελείας
798 2920 972 2984 οὕτως
994 2922 1227 2992 ἐπέτυχε
1269 2922 1516 2992 ῥώσεως.

629 3011 744 3076 Νὺξ
775 3007 842 3083 ἦν
873 3014 967 3065 καὶ
1003 3014 1109 3083 πρὸ
1136 3014 1228 3067 τοῦ
1259 3015 1370 3068 τῶν
1404 3016 1574 3083 ἁγίων
1609 3017 1802 3069 ἵστατο
1825 3017 2130 3088 μνήματος,

558 3101 656 3153 καὶ
676 3100 882 3170 ταύτης
909 3105 1093 3171 τυχεῖν
1123 3102 1422 3168 ἐλιτάνευε,
1447 3104 1692 3172 γονάτων
1721 3104 1964 3175 κάμψεσι
1987 3104 2134 3174 χρώο

2235 1928 2548 1998 Stephanus
2600 1943 2696 1998 per
2735 1926 2982 1996 singulas
3049 1926 3212 1980 horas
3265 1927 3701 1997 periclitabatur,
3755 1937 3811 1982 et

2232 2028 2462 2076 mortem
2510 2035 2608 2089 per
2664 2019 2948 2088 sanguinis
2997 2015 3221 2072 ﬂuorem
3279 2018 3700 2088 suspicabatur,
3757 2027 3812 2073 et

2235 2109 2448 2166 medico
2500 2125 2608 2164 non
2666 2109 2890 2164 invento
2937 2109 3029 2178 qui
3090 2117 3319 2162 mortem
3385 2109 3692 2178 repelleret,
3742 2109 3810 2162 ad

2233 2201 2436 2272 Cyrum
2481 2199 2772 2270 navigabat
2822 2207 3114 2268 martyrem
3183 2205 3236 2252 et
3300 2197 3566 2253 Joannem
3643 2198 3810 2266 hujus

2235 2289 2494 2360 martyris
2547 2303 2880 2358 comparem,
2940 2288 3040 2342 hos
3079 2289 3422 2357 comperiens
3455 2304 3520 2343 ex
3570 2279 3812 2344 millibu’s

2235 2382 2385 2436 solos
2411 2388 2534 2448 post
2566 2381 2732 2434 Deum
2767 2393 2962 2434 curare
3007 2395 3168 2448 posse
3201 2381 3531 2449 languorem.
3562 2381 3642 2435 Ad
3673 2396 3812 2444 quos

2235 2485 2362 2525 cum
2401 2469 2660 2533 venisset,
2690 2476 2743 2522 et
2772 2483 2960 2537 preces
3008 2468 3089 2522 eis
3121 2468 3338 2523 enixius
3373 2469 3685 2533 obtulisset,
3723 2486 3813 2526 au-

2236 2563 2385 2617 ditus
2435 2569 2541 2624 est,
2593 2568 2647 2615 et
2684 2575 2713 2613 a
2753 2560 3015 2628 periculis
3046 2561 3383 2616 salvabatur.
3423 2562 3610 2620 Sancti
3641 2564 3812 2629 enim,

2238 2663 2567 2725 apparentes
2604 2654 2658 2706 in
2693 2654 2924 2729 somnis,
2963 2667 3160 2721 porros
3221 2652 3557 2708 manducare
3616 2655 3813 2723 ιιι-εκεί-

2237 2747 2416 2814 piunt,
2461 2760 2633 2814 neque
2655 2744 2764 2813 igni
2821 2759 2996 2812 neque
3029 2743 3184 2813 aquis
3212 2743 3403 2798 allalos
3450 2761 3466 2810 ;
3507 2759 3647 2814 quos
3688 2759 3812 2799 cum

2239 2837 2396 2890 sicuti
2424 2836 2613 2904 jussus
2651 2843 2736 2888 est
2768 2833 3174 2899 manducasset,
3207 2843 3262 2888 et
3305 2850 3334 2888 a
3359 2834 3506 2888 ﬂuxu
3529 2836 3815 2904 sanguinis

2241 2926 2526 2986 liberatus,
2579 2936 2632 2978 ct
2664 2923 2961 2993 perfectam
3015 2923 3096 2976 sic
3131 2924 3357 2993 adeptus
3385 2933 3470 2979 est
3497 2927 3810 2981 sanitatem.

2310 3012 2428 3068 Νοι
2459 3019 2577 3067 erat
2604 3019 2659 3066 ει
2693 3021 2820 3066 ante
2850 3019 3170 3066 sanctorum
3222 3023 3635 3068 monumentum
3671 3023 3816 3070 35(3-

2242 3107 2355 3171 bat,
2391 3115 2445 3160 et
2479 3105 2620 3160 hanc
2667 3104 2934 3174 consequi
2982 3105 3309 3172 precabatur
3346 3105 3578 3175 genibus
3636 3104 3814 3172 ﬂexis,

563 3209 744 3262 μενος.
772 3194 866 3245 καὶ
890 3197 1010 3257 ταῖς
1043 3194 1138 3246 τοῦ
1169 3194 1422 3265 μετώπου
1452 3196 1588 3267 πρὸς
1640 3201 1740 3265 γῆν
1805 3197 2134 3250 κατανεύσε-

2241 3203 2294 3249 ct
2324 3193 2522 3250 frontis
2571 3194 2799 3249 nutibus
2831 3171 2886 3247 in
2936 3171 3136 3248 terram
3175 3171 3388 3249 defixis.
3421 3193 3486 3248 Et
3536 3209 3661 3250 cum
3714 3171 3820 3251 hoc

564 3300 669 3339 σιν.
705 3285 810 3336 Καὶ
838 3283 995 3338 τοῦτο
1024 3285 1304 3349 ποιοῦντος
1329 3287 1517 3352 αὑτοῦ,
1541 3288 1632 3340 καὶ
1650 3289 1779 3341 ποτὲ
1802 3288 1898 3358 μὲν
1917 3290 2138 3342 ἀνιστα-
2177 3339 2179 3342 ,

567 3375 754 3445 μένου,
810 3376 943 3428 ποτε
973 3375 1030 3428 δὲ
1061 3379 1198 3446 πρὸς
1239 3379 1342 3448 γῆν
1392 3378 1868 3448 κατανεύοντος,ή
1925 3379 2140 3450 κορυφὴ

565 3466 707 3519 κατὰ
727 3466 898 3535 μέσης
921 3465 1219 3534 ἀνοίγεται,
1251 3468 1346 3520 καὶ
1367 3467 1572 3536 ταύτης
1594 3467 1803 3538 ἐκπηδᾷ
1835 3468 1929 3522 καὶ
1951 3466 2142 3518 πίπτει

567 3557 953 3628 σκολόπενδραι·
982 3559 1168 3628 θηρίον
1197 3559 1383 3612 τοῦτον
1410 3560 1662 3632 ὴρίθμοις
1689 3559 1787 3631 [ita
1813 3557 1963 3630 cod.|
1987 3561 2145 3613 ποσὶν

566 3649 996 3719 είλυσπώμενον,
1055 3651 1240 3704 ἀσπίδι
1269 3667 1328 3704 τε
1360 3654 1533 3722 μικρᾷ
1606 3653 2009 3723 παραπλήσιον.
2036 3647 2143 3716 Ἦς

568 3738 912 3809 ἐκπεσούσης
967 3741 1062 3791 καὶ
1104 3741 1621 3809 φυγῇχρησαμένης
1687 3741 1764 3802 ὡς
1812 3741 2064 3809 τάχιστα,
2117 3744 2145 3794 6

566 3829 839 3898 Στέφανος
870 3828 1146 3896 ἔκθαμσος
1171 3829 1360 3882 ἵστατο
1386 3844 1401 3860 '
1430 3831 1526 3882 xui.
1575 3829 1904 3900 ψηλαφήσας
1949 3830 2144 3885 ἑαυτοῦ

569 3920 671 3988 τῆς
699 3918 943 3988 κεφαλῆς
973 3919 1034 3970 τὸ
1060 3919 1408 3988 μεσαίτατον,
1443 3919 1566 3972 ὅθεν
1593 3919 1914 3985 ἐξελθοῦσαν
1949 3921 2146 3991 ᾔσθετο

568 4007 670 4078 τὴν
697 4006 1109 4078 σκολόπενδραν,
1147 4007 1368 4076 τραῦμα
1403 4009 1500 4078 μὲν
1541 4007 1684 4061 κατὰ
1731 4009 1824 4060 τὸν
1853 4009 2018 4063 τόπον
2048 4011 2147 4080 οὐχ

569 4097 845 4168 εὕρισκεν,
877 4097 910 4168 ἢ
937 4096 1094 4167 ῥύσιν
1130 4097 1360 4166 αῖματος
1395 4098 1822 4167 κατεμάνθανεν,
1850 4099 2146 4168 ὑγρότητος

565 4190 628 4244 δέ
655 4205 799 4253 τινος
822 4191 916 4243 καὶ
939 4191 1269 4260 χαυνότητος
1301 4191 1409 4245 τῶν
1457 4192 1657 4245 ὀστέων
1692 4192 1980 4264 ὲπῄσθετο.
2032 4195 2145 4248 Καὶ

569 4276 714 4332 οὕτω
739 4278 920 4349 τυχὼν
943 4279 1042 4348 τῆς
1071 4279 1285 4343 ἰάσεως,
1313 4281 1392 4344 εἰς
1439 4280 1520 4333 ἔτι
1567 4281 1663 4335 καὶ
1693 4281 1998 4352 θαυμάζειν
2052 4285 2148 4336 καὶ

569 4367 862 4438 τεθητυέναι
896 4370 1041 4422 ποιεῖ
1065 4370 1191 4432 τοὺς
1211 4369 1526 4434 ἀκούοντας,
1553 4373 1646 4425 καὶ
1678 4376 1968 4445 συνυμνεῖν
1997 4376 2146 4445 αὐτῷ

569 4459 792 4529 τὴντῶν
825 4459 995 4527 ἀγίων
1023 4460 1349 4526 ἀξιάγαστον
1377 4461 1625 4532 δύναμιν.
1669 4464 1863 4534 Ἡμεῖς
1897 4465 1955 4519 δὲ
1983 4466 2145 4519 πάλιν

2249 3286 2476 3348 faceret,
2506 3293 2561 3341 et
2589 3286 2887 3356 aliquando
2912 3285 3132 3355 quidem
3165 3301 3196 3340 ε
3223 3294 3416 3339 contra
3448 3294 3640 3351 staret,
3676 3289 3818 3342 alio-

2243 3377 2374 3446 quin
2402 3390 2531 3430 vero
2564 3377 2617 3430 in
2650 3384 2852 3431 terram
2896 3389 3017 3431 sesc
3059 3383 3338 3440 curvaret,
3367 3382 3554 3430 vertex
3579 3390 3676 3445 per
3701 3391 3819 3430 me-

2243 3467 2396 3522 dium
2429 3469 2690 3537 aperitur,
2715 3477 2767 3523 et
2794 3482 2859 3522 ex
2892 3466 2996 3521 hoc
3023 3465 3149 3520 salit
3179 3473 3232 3519 et
3263 3465 3409 3520 cadit
3430 3467 3815 3535 scolopendra,

2243 3573 2364 3628 quae
2395 3565 2482 3613 est
2509 3558 2683 3612 bestia
2733 3557 3040 3612 numerosis
3086 3555 3317 3625 pedibus
3367 3556 3623 3624 gradiens
3667 3559 3819 3625 aspi-

2243 3651 2410 3720 dique
2432 3651 2644 3720 pusilla:
2673 3647 2976 3704 simillima.
2999 3647 3118 3712 Qua
3146 3653 3338 3700 ruente
3368 3652 3422 3700 et
3445 3644 3625 3716 fugam
3651 3661 3821 3714 quan-

2245 3743 2426 3797 tocius
2454 3741 2698 3803 ineunte.
2753 3738 3096 3809 stupefactus
3129 3736 3440 3805 Stephanus
3487 3737 3668 3790 stabat
3704 3739 3819 3804 pal-

2247 3845 2494 3900 pansque
2537 3829 2734 3900 capitis
2785 3829 2870 3882 sui
2913 3826 3176 3890 medium,
3211 3829 3354 3880 unde
3395 3827 3815 3896 scolopendram

2248 3921 2398 3974 illam
2456 3927 2704 3976 senserat
2757 3921 2956 3984 exisse,
3003 3933 3104 3973 nec
3149 3919 3350 3974 vulnus
3395 3919 3448 3972 in
3493 3919 3613 3974 loco
3666 3919 3818 3974 inve-

2247 4013 2449 4078 niebat,
2509 4027 2611 4066 nec
2661 4010 2889 4065 ﬂuorem
2943 4010 3226 4081 sanguinis
3287 4011 3654 4078 agnoscebat,
3721 4012 3816 4067 sed

2246 4109 2459 4156 tantum
2488 4100 2772 4154 humorem
2805 4097 3119 4168 quemdam,
3147 4105 3204 4152 et
3243 4096 3572 4150 laxationem
3611 4097 3816 4151 ossium

2245 4190 2582 4248 advertebat.
2622 4188 2726 4255 Qui
2776 4187 2958 4242 taliter
3013 4188 3248 4242 sanitate
3300 4184 3472 4239 fretus
3525 4183 3750 4256 [fruitus
3772 4182 3818 4254 ?]

2249 4292 2478 4340 eatenus
2504 4282 2736 4336 miratur
2761 4288 2817 4335 et
2848 4277 3204 4348 obstupescit,
3235 4288 3289 4333 et
3316 4277 3603 4331 audientes
3629 4277 3818 4330 mirari

2248 4375 2378 4430 facit
2408 4381 2463 4429 et
2490 4372 2896 4442 obstupescere,
2922 4383 3219 4438 secumque
3259 4368 3482 4422 laudare
3508 4375 3822 4424 sanctorum

2249 4466 2468 4535 dignam
2517 4461 2880 4516 admiratione
2931 4459 3213 4514 virtutem.
3255 4459 3429 4514 Porro
3478 4473 3580 4514 nos
3629 4466 3684 4513 et
3737 4457 3824 4512 hic

571 4528 666 4600 καὶ
694 4548 932 4603 ἐνταῦθα
949 4550 1077 4612 τοὺς
1108 4528 1561 4621 θαυματουργοθς
1604 4528 1946 4626 ὑμνήσαντες
2002 4557 2136 4627 μάρ-

2249 4555 2450 4609 iterum
2518 4561 2786 4622 martyras
2851 4550 3248 4606 miraculorum
3310 4560 3630 4618 operatores
3699 4549 3820 4603 lau-

571 4657 762 4712 τυρας,
819 4640 1268 4712 θαυματουργίας
1307 4642 1474 4713 ἄλλης
1512 4644 1693 4698 αὐτῶν
1759 4647 2146 4717 μνημονεύσω-

575 4752 699 4806 μεν.
755 4722 758 4726 ’

642 4845 716 4902 ε’.
751 4846 892 4914 Περὶ
939 4846 1240 4921 Θεοδώρου
1280 4846 1386 4921 τοῦ
1435 4845 1759 4908 Βυζαντίου
1814 4851 2146 4921 ἐσχηκότος

1178 4916 1246 4968 τὸ
1271 4918 1538 4984 πύρωμα.

643 5005 749 5060 Τὸν
777 5009 844 5060 ἐκ
873 5006 1162 5071 Βυζαντίου
1216 5006 1511 5077 Θεόδωρον,
1559 5007 1655 5078 οὐχ
1718 5011 1878 5080 ἡμεῖς
1903 5011 2040 5082 πρὸς
2066 5013 2144 5064 δι-

574 5098 771 5168 ήγησιν
799 5098 1024 5170 ἄγομεν,
1056 5099 1191 5153 ἀλλά
1213 5098 1374 5152 πάλιν
1389 5099 1642 5154 καλοῦσιν
1670 5101 1720 5154 οί
1750 5103 1916 5172 ἆγιοι,
1951 5103 2141 5178 ὥσπερ

573 5188 951 5259 καὶπρότερον
982 5189 1282 5260 πάσχοντα,
1332 5189 1469 5260 πρὸς
1515 5189 1805 5262 θεραπείαν
1855 5193 2140 5250 ἐκάλεσαν.

576 5281 800 5333 Πάντων
832 5279 937 5348 γὰρ
955 5279 1064 5331 τῶν
1095 5279 1188 5331 ἐπὶ
1211 5280 1314 5350 γῆς
1348 5281 1471 5350 ίσην
1533 5281 1842 5351 ποιούμενοι
1865 5284 2139 5353 πρόνοιαν⁹

575 5372 672 5424 atati.
701 5371 828 5432 τοὺς
856 5369 1210 5438 γειτνιῶντας
1233 5372 1418 5434 αὐτοῖς
1468 5371 1656 5425 παθῶν
1687 5374 2140 5443 ἀπαλλάττουσιν,

575 5464 672 5516 καὶ
701 5462 831 5525 τοὺς
865 5461 1052 5532 πόρρω
1081 5460 1367 5530 διάγοντας
1415 5463 1766 5531 ἀφικνεῖσθαι
1801 5469 2144 5538 προτρέπου·

577 5570 682 5615 σιν.
729 5554 823 5606 καὶ
867 5552 996 5622 παρ’
1027 5551 1207 5606 αὐτῶν
1232 5551 1332 5624 τὴν
1387 5553 1532 5608 ἴασιν
1559 5556 1896 5626 δρέπεσθαιο
1955 5559 2145 5630 ὥσπερ

575 5643 839 5712 λειμῶνος
870 5643 1096 5714 φαιδροῦ
1123 5644 1216 5698 καὶ
1247 5644 1320 5713 μὴ
1362 5644 1619 5715 λήγοντος
1650 5647 1870 5711 εὐώδεις
1899 5650 2006 5703 τῶν
2046 5653 2144 5703 ἀν-

577 5731 715 5786 θέων
761 5734 886 5796 τοὺς
952 5733 1213 5796 κάλυκας.
1261 5732 1564 5802 Ἤῤῥώστει
1624 5735 1722 5804 μὲν
1773 5737 1869 5790 καὶ
1940 5739 2147 5793 θεόδω-

2251 4645 2464 4709 dantes,
2502 4642 2730 4698 alterius
2763 4655 2954 4697 eorum
3005 4640 3204 4710 patrati
3254 4641 3504 4697 miraculi
3556 4641 3823 4696 faciamus

2251 4747 2590 4788 memonam.

2283 4813 2394 4902 LX.
2427 4846 2502 4900 De
2543 4846 2805 4900 Theodoro
2839 4843 3100 4916 Byzantio
3132 4845 3222 4916 qui
3252 4844 3554 4899 incendium
3582 4844 3784 4898 habuit.

2316 5005 2433 5061 Non
2460 5020 2560 5062 nos
2589 5020 2619 5058 a
2658 5004 2918 5076 Byzantio
2966 5001 3034 5057 ad
3080 5006 3448 5058 narrationem
3474 5002 3820 5058 Theodorum

2248 5098 2520 5161 ducimus,
2570 5097 2665 5152 sed
2716 5098 2890 5152 sancti
2943 5097 3090 5151 hunc
3138 5097 3336 5151 iterum
3381 5102 3599 5159 vocant,
3629 5111 3817 5165 quem-

2248 5189 2542 5243 admodum
2592 5188 2720 5241 dum
2777 5194 3075 5256 pateretur,
3113 5185 3180 5240 ad
3219 5185 3559 5240 curationem
3594 5198 3821 5254 prorsus

2248 5289 2599 5336 vocaverant.
2649 5281 2905 5337 Omnium
2961 5283 3182 5350 quippe,
3224 5281 3317 5349 qui
3377 5294 3541 5348 supra
3589 5287 3815 5345 terram,

2246 5390 2458 5445 aquam
2502 5374 2900 5445 providentiam
2950 5372 3236 5438 facientes,
3283 5381 3339 5428 et
3380 5388 3477 5428 eos
3519 5375 3613 5444 qui
3655 5375 3822 5430 vicini

2247 5467 2350 5522 sibi
2376 5475 2504 5522 sunt
2548 5481 2577 5519 a
2617 5465 2970 5535 .passionibus
3001 5463 3254 5528 liberant.
3289 5471 3344 5519 et
3381 5464 3472 5534 qui
3504 5467 3693 5534 procul
3723 5466 3818 5523 de-

2246 5567 2402 5626 gunt,
2455 5557 2666 5620 venire,
2723 5565 2779 5610 et
2814 5570 2848 5609 a
2899 5569 2960 5610 se
3013 5555 3321 5620 sanitatem,
3373 5555 3529 5623 quasi
3585 5572 3616 5611 a
3661 5565 3820 5627 prato

2247 5648 2550 5704 delectabili
2594 5657 2646 5702 et
2698 5660 2917 5700 alumno
2962 5645 3089 5699 boni
3135 5644 3322 5700 odoris
3362 5645 3558 5701 ﬂorum
3601 5647 3820 5720 calycas

2252 5752 2456 5798 metere
2481 5740 2862 5796 cohortantur.
2887 5737 3276 5794 luﬂrmabatur
3302 5739 3448 5794 enim
3471 5737 3814 5797 Theodorus.
