4060 6236
182 276 324 346 3635

1094 275 1157 335 S.
1189 273 1609 341 SOPHRONII
1644 277 2153 343 PATRIARCHE
2178 277 2583 340 HIEROSOL.

3331 276 3469 347 363E

185 405 241 446 et
276 389 611 447 inﬁrmitatis
652 388 810 446 locus
842 395 978 449 ,erat
1006 388 1354 460 Byzantium.
1398 389 1580 449 Causa
1634 407 1768 451 vero

1881 409 1989 465 ρος,
2037 392 2133 448 καὶ
2179 392 2344 456 τόπος
2395 391 2497 463 τῆς
2540 391 2854 464 ἀρρωστίας
2904 387 2974 465 ἦν
3026 392 3088 448 ea
3138 392 3467 458 Βυζάντιον·

189 483 529 549 inﬁrmitatis
587 480 710 552 ejus
764 488 884 539 erat
930 481 1391 559 ,inexstinguible
1450 480 1763 539 incendium

188 579 334 646 quod
367 576 640 631 valentius
673 587 1026 639 succensum,
1057 573 1346 629 sinistrum
1395 573 1517 644 ejus
1560 573 1777 629 inﬂam-

190 671 379 727 mabat
424 670 640 739 pedem,
674 668 856 723 locum
894 663 973 722 illi
1010 682 1120 723 non
1173 668 1362 724 sinens
1410 668 1605 724 saltem
1661 683 1777 726 mo-

192 762 379 819 dicum
411 761 842 825 incombuslum,
892 760 988 816 sed
1032 768 1206 815 totum
1256 759 1490 816 reddens
1534 759 1601 814 ad
1629 760 1774 815 aliud

193 852 346 922 quid,
395 866 558 921 quam
605 850 762 922 pedis
802 850 1237 907 similitudinem.
1267 849 1603 905 Medicorum
1645 865 1776 906 vero

200 943 455 1012 sophista:
508 957 584 1009 ac.
613 942 807 1008 duces,
855 941 948 1012 qui
991 940 1154 997 ﬂores
1193 948 1352 997 erant
1398 941 1535 1016 artis
1581 941 1778 998 claris-

195 1035 345 1101 simi,
376 1051 498 1092 cum
542 1035 812 1092 ministris
854 1043 910 1090 et
946 1033 1131 1105 pueris
1174 1045 1549 1098 accurrentes,
1579 1043 1632 1089 et
1663 1032 1776 1089 fer-

193 1128 380 1187 vidum
430 1129 582 1185 illum
636 1128 955 1199 languorem
1019 1128 1367 1197 exstinguere
1401 1126 1774 1192 .festinantes,

195 1219 396 1276 inﬁrmi
424 1234 551 1281 esse
569 1218 635 1272 ad
658 1218 823 1289 hujus
845 1217 1263 1277 exstinctiouem
1286 1217 1774 1275 conrincebantur.

268 1310 427 1365 Sicut
471 1309 617 1364 enim
655 1309 779 1378 igne
831 1308 1276 1378 praévalescente,
1319 1322 1484 1362 omne
1506 1306 1667 1377 quod
1706 1306 1776 1362 ad

194 1402 372 1471 ipsius
403 1401 629 1456 allatum
667 1399 834 1454 fuerit
858 1399 1282 1457 exstinctionem
1316 1398 1490 1454 fomes
1519 1398 1771 1465 ellicitur,

194 1502 248 1546 et
279 1490 498 1546 ﬂamma
519 1505 642 1561 quae
670 1504 778 1545 non
809 1489 1112 1560 mitigatur,
1137 1489 1289 1547 omni
1314 1504 1435 1559 qua:
1458 1489 1584 1544 data
1611 1487 1776 1544 fuerit

196 1584 403 1652 specie,
439 1582 493 1636 in
522 1590 773 1638 naturam
805 1582 991 1637 statim
1026 1581 1169 1653 ignis
1189 1581 1479 1649 translata,
1515 1581 1588 1635 ita
1611 1590 1665 1636 et
1685 1580 1776 1638 hic

196 1688 320 1727 cum
349 1673 589 1728 validum
628 1682 780 1729 esset
819 1672 1155 1736 incendium,
1195 1687 1360 1727 omne
1398 1671 1544 1742 quod
1580 1669 1774 1727 medici

162 1768 262 1821 -uJ
295 1766 469 1836 ipsius
494 1766 859 1821 cessationem
894 1763 1212 1827 efferebant,
1262 1763 1651 1833 augmentabat
1682 1778 1779 1834 ρο·
1808 1742 1854 1796 Β

198 1860 307 1913 tius
341 1859 684 1928 languorem,
726 1866 780 1912 et
811 1856 1269 1928 coaugmentabat
1304 1858 1512 1927 pariter
1560 1857 1779 1913 inﬂant-

196 1951 514 2005 tuazionem.
578 1948 644 2003 Et
692 1964 831 2018 pene
878 1959 1049 2005 totum
1107 1940 1283 2018 ipsius
1338 1963 1543 2018 corpus
1591 1949 1777 2020 passio

193 2042 738 2112 eombureret,'ignis
775 2057 928 2097 more
955 2041 1284 2112 depascens.
1322 2042 1426 2099 nisi
1460 2041 1778 2099 misericor-

192 2134 411 2190 dissimi
452 2145 726 2205 martyres
770 2134 972 2204 ubique
1024 2143 1348 2204 praesentes,
1374 2142 1431 2189 et
1458 2134 1643 2188 omnia
1683 2147 1779 2188 co-

194 2234 547 2295 gnoscentes,
575 2235 631 2281 et
658 2226 976 2291 languorem
1012 2224 1397 2297 intelligentes,
1415 2234 1471 2279 et
1500 2224 1777 2279 hominem

195 2318 542 2383 miserantes,
564 2327 617 2371 et
635 2317 977 2372 curationem
1003 2316 1209 2372 donare
1231 2314 1776 2382 volentes,Joannem

193 2409 507 2475 diaconum,
540 2410 696 2479 cujus
723 2418 776 2463 et
812 2410 963 2479 prius
992 2408 1222 2467 fecimus
1268 2409 1621 2473 mentionem,
1650 2423 1777 2465 cum

195 2500 519 2555 miraculum
550 2500 742 2571 puellae
770 2515 893 2571 quae
927 2500 1202 2556 ceciderat
1233 2514 1652 2570 exponercmus,
1682 2497 1779 2570 qui

192 2599 249 2646 et
279 2593 398 2662 ipse
422 2591 491 2647 de
521 2590 789 2663 Byzantio
825 2591 952 2657 fuit,
983 2600 1039 2647 et
1075 2592 1351 2646 hominem
1385 2590 1771 2661 cognoscebat,

197 2682 457 2738 intimare
486 2682 561 2736 illi
594 2698 688 2753 per
707 2685 987 2738 somnium
1019 2680 1298 2738 exhortati
1326 2683 1588 2750 fuissent,
1620 2683 1689 2737 ad
1718 2697 1778 2740 se

196 2775 383 2830 venire
407 2784 463 2830 et
495 2775 729 2831 salutem
769 2775 1075 2846 percipere.

266 2865 373 2933 Qui
427 2865 660 2922 Joannis
711 2880 929 2936 recepta
984 2866 1236 2936 epistola,
1270 2865 1502 2921 credens
1543 2865 1631 2923 his
1681 2868 1776 2937 qui

205 2960 450 3015 scribere
477 2957 767 3027 jusserant
805 2955 1116 3028 (ignorabat
1141 2956 1287 3011 enim
1314 2957 1357 3010 si
1393 2955 1650 3026 passione
1679 2956 1775 3012 tali

1878 485 2048 546 αἴτιον
2063 484 2119 538 δὲ
2150 483 2211 537 τὸ
2249 482 2342 537 τοῦ
2406 482 2568 546 ποδὸς
2635 482 3043 545 ἁκατάσϐεστον
3085 482 3361 555 πύρεθρον
3384 499 3398 512 ’
3429 484 3457 542 ὅ

1878 577 2017 630 πόδα
2051 576 2410 646 κατέφλεγεν,
2444 576 2612 631 τόπον
2644 575 2811 631 αὐτοῦ
2846 576 2949 630 κᾶν
2995 576 3168 649 βραχὺ
3229 577 3329 631 οὐκ
3363 577 3469 630 ἑῶν

1878 667 2312 736 ἀκατάφλεκτον,
2345 668 2462 723 ἀλλ’
2493 668 2614 722 ὅλον
2648 667 2889 739 ἀμείψας
2914 668 3051 742 πρὸς
3084 668 3275 745 ἕτερόν
3328 685 3381 721 τι
3431 668 3466 740 ἢ

1877 760 2038 824 ποδὸς
2062 760 2415 832 άφομοίωμα.
2451 761 2678 833 Ὶατρῶν
2705 761 2762 815 δὲ
2794 762 3049 831 σοφισταὶ
3081 762 3177 815 καὶ
3228 759 3471 832 ἡγούμε-

1879 870 1960 907 νοι
1990 854 2050 906 τὸ
2071 853 2325 924 λαμπρὸν
2364 854 2464 922 τῆς
2487 855 2685 925 τέχνης
2729 854 3075 925 ἀπάνθισμα,
3109 852 3207 908 σὺν
3259 853 3469 922 ὑπουρ-

1877 946 1994 1014 γοῖς
2019 945 2112 998 καὶ
2137 945 2445 1018 μειρακίοις
2474 946 2878 1018 εἰστρέχοντες,
2918 948 3015 1001 καὶ
3064 945 3126 998 τὸ
3170 944 3469 1017 πυρωπὸν

1879 1039 2056 1090 ὲκεϊνο
2080 1037 2294 1107 νόσημα
2316 1037 2506 1093 σϐέσαι
2535 1037 2954 1106 σπουδάζοντες,
3014 1037 3267 1102 ἀσθενεῖς
3329 1036 3467 1114 πρὸς

1877 1128 1977 1201 τὴν
2007 1129 2198 1185 τούτου
2235 1129 2421 1187 σϐέσιν
2451 1130 2773 1201 ἠλέγχοντο.

1950 1311 2161 1380 Ὥσπερ
2196 1310 2305 1383 γάρ
2344 1312 2516 1385 πυρὸς
2561 1312 2979 1383 επισχύσαντος,
3012 1313 3122 1367 πᾶν
3151 1313 3287 1386 ὅπερ
3330 1314 3467 1384 πρὸς

1877 1401 1975 1473 τὴν
2004 1402 2170 1458 αὑτοῦ
2200 1402 2590 1474 προσενεχθείη
2618 1402 2983 1464 κατάσϐεσιν,
3002 1402 3105 1474 ὕλη
3134 1401 3348 1473 γίνεται
3367 1407 3466 1463 καὶ

1878 1493 2012 1562 φλὸξ
2040 1492 2468 1557 ἀκατεύναστος,
2517 1492 2721 1556 παντὸς
2777 1493 2869 1549 τοῦ
2921 1493 3167 1557 δοθέντος
3193 1496 3273 1558 είς
3304 1496 3466 1563 φύσιν

1878 1585 2041 1650 εὐθὺς
2066 1584 2238 1657 πυρὸς
2260 1583 2695 1657 μεταϐάλλοντος
2715 1598 2731 1614 ⁸
2766 1582 2911 1639 οὕτω
2926 1585 3206 1640 κάνταῦθα
3232 1586 3465 1658 σφοδροῦ

1878 1677 2239 1747 τυγχάνοντες
2273 1676 2367 1730 τοῦ
2401 1675 2755 1748 πυρὼματος,
2784 1677 2891 1751 πᾶν
2931 1677 3067 1747 ὅπερ
3106 1678 3282 1749 ἰατροὶ
3327 1679 3467 1751 πρὸς

1880 1767 1977 1837 τὴν
2009 1746 2175 1821 αὐτοῦ
2206 1766 2420 1829 παῦλαν
2452 1746 2813 1838 προσέφερον,
2866 1746 3002 1838 ηὖξε
3042 1746 3269 1839 μᾶλλον
3293 1770 3353 1824 τδ
3371 1746 3466 1824 νά-

1885 1875 2056 1928 σημα,
2092 1859 2186 1912 καὶ
2217 1857 2450 1930 συνηῦξε
2473 1858 2532 1911 δὲ
2548 1858 2644 1912 καὶ
2669 1858 2770 1929 τὴν
2803 1857 3093 1928 φλόγωσιν,
3129 1861 3225 1915 καὶ
3266 1861 3466 1933 μικροῦ

1881 1953 1990 2008 πᾶν
2047 1952 2213 2006 αὑτοῦ
2249 1953 2312 2007 τὸ
2341 1953 2503 2023 σῶμα
2545 1951 2608 2003 τὸ
2636 1950 2810 2017 πάθος
2883 1952 3238 2022 κατέφλεξεν,
3290 1953 3464 2023 πυρὸς

1880 2042 2036 2115 δίκην
2098 2043 2532 2115 βοσκόμενονοεί
2562 2045 2638 2117 μὴ
2674 2044 2953 2117 μάρτυρες
2998 2046 3049 2099 oi
3087 2045 3467 2118 φιλάνθρωποι
3528 2039 3547 2053 ’
3574 2057 3586 2067 ⁸

1881 2134 2158 2205 πανταχοῦ
2188 2135 2454 2207 παρόντες
2487 2137 2582 2190 καὶ
2613 2136 2792 2191 πάντα
2825 2135 3206 2205 γινώσκοντες,
3234 2138 3333 2192 καὶ
3360 2138 3464 2209 τὴν

1882 2225 2043 2279 νόσον
2080 2227 2393 2296 νοήσαντες,
2417 2226 2512 2281 καὶ
2550 2227 2644 2281 τὸν
2677 2227 2965 2299 ἄνθρωπον
2992 2231 3463 2301 ὲποικτείραντες,

1881 2317 1979 2371 καὶ
2005 2316 2105 2389 τὴν
2133 2317 2430 2389 θεραπείαν
2480 2304 2835 2390 δωρήσασθαι
2890 2319 3159 2384 θέλοντες,
3211 2321 3465 2392 Ἰωάννην

1878 2410 1973 2465 τὸν
2037 2409 2309 2470 διάκονον,
2339 2406 2401 2464 οῦ
2432 2411 2527 2465 καὶ
2586 2411 2780 2482 πρώην
2833 2411 3209 2482 ἐμνήσθημεν,
3266 2414 3354 2467 ὅτε
3404 2414 3466 2467 τὸ

1882 2499 2068 2571 θαῦμα
2099 2501 2197 2572 τῆς
2252 2502 2527 2573 πεσούσης
2556 2501 2748 2566 παιδὸς
2788 2503 3209 2572 συνετάττομεν,
3246 2508 3338 2558 τὸν
3367 2506 3463 2558 καὶ

1881 2591 2043 2646 αὐτὸν
2072 2594 2137 2646 ἐκ
2164 2592 2461 2658 Βυζαντίου
2496 2595 2807 2664 γενόμενον,
2832 2593 2924 2653 καὶ
2944 2594 3038 2665 sfw
3063 2594 3235 2666 ἄνδρα
3262 2596 3465 2665 γνωριτ

1882 2682 2046 2748 ζοντα
2105 2685 2298 2755 δηλοῦν
2359 2684 2511 2755 αύτῷ
2541 2686 2610 2738 δι’
2639 2685 2909 2739 ἐνυπνίων
2958 2685 3326 2757 παρώτρυναν
3387 2688 3465 2752 ὡς

1880 2775 2076 2838 αὐτοὺς
2100 2774 2275 2828 ἐλθεῖν
2316 2776 2410 2830 καὶ
2440 2774 2716 2846 σωτηρίαν
2754 2776 3108 2845 κομίσασθαι.

1957 2868 2054 2929 Ὃς
2069 2867 2313 2920 Ἰωάννου
2342 2867 2402 2921 τὸ
2424 2868 2660 2938 γράμμα
2680 2868 2998 2937 δεξάμενος,
3026 2870 3122 2925 καὶ
3157 2869 3460 2934 πιστεύσας

1878 2960 1993 3020 τοῖς
2031 2956 2240 3027 γράψαι
2305 2954 2632 3012 κελεύσασιν
2678 2958 2888 3030 (ἠγνόει
2925 2960 3035 3029 γὰρ
3059 2959 3087 3010 ό
3123 2959 3368 3022 διάκονος
3416 2962 3464 3013 ει

194 3058 477 3106 teneretur
513 3048 883 3119 Theodorus),
916 3047 1096 3101 navim
1145 3046 1332 3101 statim
1369 3047 1676 3117 ingreditur
1722 3056 1777 3102 et

1882 3049 2045 3104 πάθει
2061 3048 2289 3121 τοιούτῳ
2308 3051 2590 3120 κρατεῖται
2617 3049 2937 3121 Θεόδωρος),
2959 3053 3038 3112 είς
3061 3051 3245 3105 πλοῖον
3263 3051 3466 3115 εύθέως

197 3152 516 3203 sanctorum
548 3141 700 3197 venit
745 3139 812 3194 ad
860 3140 1120 3209 templum
1172 3140 1475 3196 arrabonas
1526 3139 1779 3195 sanitatis

200 3235 416 3288 habens
443 3247 555 3287 non
590 3230 922 3285 mentientes
956 3229 1022 3284 ad
1057 3245 1118 3285 sc
1159 3230 1369 3285 litteras
1412 3230 1630 3300 scriptae
1660 3230 1783 3300 jus-

198 3322 396 3378 sionis.
440 3321 579 3377 Cum
628 3334 758 3390 ergo
796 3318 1108 3375 venientem
1153 3327 1207 3373 ct
1250 3318 1633 3375 vacationibus
1682 3334 1780 3391 pa-

196 3425 413 3469 rentem
459 3412 785 3467 imitatores
827 3410 1114 3475 vidissent,
1144 3411 1418 3466 maturius
1461 3425 1587 3466 eum
1636 3426 1779 3481 pras-

198 3506 328 3561 stita
355 3503 591 3559 sanitate
620 3502 926 3566 dimittunt,
957 3500 1162 3556 denum
1199 3502 1355 3557 ocius
1384 3501 1688 3558 tribuentes
1723 3501 1779 3556 in

198 3611 261 3651 se
284 3596 480 3653 habitae
513 3593 658 3660 fidei.
695 3592 761 3647 Et
796 3594 1051 3649 sanitatis
1081 3591 1301 3662 quidem
1328 3600 1542 3662 tempus
1569 3591 1780 3646 brevis-

200 3692 402 3745 simum
464 3687 601 3755 fuit;
662 3688 947 3758 languoris
1004 3695 1185 3742 autem
1246 3687 1452 3741 medela
1511 3694 1566 3743 et
1630 3687 1779 3744 illius

203 3783 523 3848 esstinctio,
553 3781 728 3835 lutum
760 3787 881 3835 erat
908 3794 1048 3850 aqua
1079 3779 1322 3834 solutum
1352 3777 1420 3833 ad
1451 3777 1777 3842 liniendum,

197 3890 309 3944 quo
349 3873 625 3929 doliorum
668 3872 908 3944 Egyptii
955 3871 1249 3926 obstruunt
1307 3885 1424 3934 ora,
1458 3870 1551 3938 qui
1591 3869 1778 3924 vinum

199 3968 480 4021 excolunt.
509 3966 623 4021 Hoc
651 3967 798 4022 enim
825 3964 1126 4019 laudabiles
1163 3971 1434 4033 martyres
1471 3963 1529 4016 in
1570 3960 1780 4021 somnis

201 4068 551 4130 apparentes,
585 4059 766 4113 facere
796 4067 1192 4128 praeceperunt.
1225 4054 1548 4111 Theodorus
1594 4053 1780 4121 itaque

198 4151 500 4206 secundum
553 4149 1035 4220 repromissionem
1072 4145 1318 4215 epistolae
1368 4145 1607 4203 sanitate
1655 4158 1783 4213 per.-

200 4250 379 4312 ecpta,
421 4248 655 4296 cantans
688 4239 965 4294 canticum
1014 4239 1341 4307 gratiarum,
1392 4234 1782 4290 Constantino-

200 4334 369 4403 polim
396 4332 693 4403 navigavit.
710 4330 822 4386 Nos
844 4339 1021 4385 autem
1049 4337 1104 4383 et
1124 4327 1290 4396 hujus
1312 4325 1564 4382 miraculi
1588 4337 1777 4390 causa,

1883 3141 2210 3211 εἰσέρχεται,
2253 3141 2345 3194 καὶ
2400 3140 2461 3194 τὸ
2499 3141 2609 3196 τῶν
2663 3142 2836 3210 ἁγίων
2881 3142 3149 3196 κατέλαϐε
3212 3142 3462 3211 τέμενος,

1881 3231 2132 3301 ἀψευδεῖς
2160 3232 2490 3304 ἀρραϐῶνας
2540 3232 2679 3304 ἔχων
2717 3233 2819 3303 τῆς
2849 3233 3068 3303 ῥώσεως
3091 3234 3161 3288 τὰ
3199 3234 3338 3305 πρὸς
3366 3235 3465 3302 τῆς

1880 3325 2061 3379 αὐτῶν
2084 3324 2366 3396 γραφέντα
2386 3324 2688 3388 κελεύσεως
2717 3324 3041 3397 γράμματα.
3062 3325 3314 3379 Ἐλθόντα
3336 3323 3468 3392 γοῦν

1879 3416 2043 3470 αὐτὸν
2104 3419 2201 3471 καὶ
2255 3416 2554 3470 πεισθέντα
2608 3420 2728 3481 ταῖς
2785 3418 3045 3487 κλήσεσιν
3067 3419 3377 3487 ἑωρακότες
3415 3418 3466 3477 οἱ

1883 3506 2381 3577 κλήτορες,θᾶττον
2413 3505 2578 3562 αὑτὸν
2610 3506 2941 3561 ἀπολύουσιν
2971 3506 3331 3577 ἁκεσάμενοι,
3367 3507 3467 3561 δῶτ

1885 3614 1978 3668 ρον
2027 3596 2087 3650 τὸ
2115 3597 2280 3666 τάχος
2313 3597 2415 3666 τῆς
2463 3600 2541 3660 εἰς
2578 3597 2776 3660 αὐτοὺς
2821 3597 3170 3667 χαριζόμενοι
3205 3598 3464 3660 πίστεως,

1881 3689 1995 3742 Καὶ
2025 3688 2230 3759 βραχὺς
2273 3688 2371 3758 μὲν
2402 3689 2430 3741 ὁ
2462 3687 2655 3759 χρόνος
2680 3687 2872 3757 γέγονε
2903 3682 3005 3758 τῆς
3030 3688 3248 3751 ἰάσεωςο
3275 3688 3375 3758 τῆς
3405 3687 3467 3745 δὲ

1881 3780 2038 3833 νόσου
2069 3780 2128 3833 τὸ
2152 3779 2466 3850 φάρμακον,
2499 3780 2597 3834 καὶ
2628 3778 2720 3832 τοῦ
2751 3779 2925 3851 πυρὸς
2972 3777 3180 3834 ἐκείνου
3230 3778 3465 3850 σὸεστήσι

1887 3884 2020 3938 ριονθ
2051 3867 2226 3936 πηλὸς
2256 3867 2473 3938 ὑπῆρχε
2517 3866 2779 3938 λυόμενικ
2807 3866 2961 3921 ὕδατι
3010 3868 3105 3921 καὶ
3147 3867 3463 3938 χριόμενος.

1881 3949 1925 4024 ᾧ
1953 3957 2061 4010 τῶν
2093 3957 2328 4027 κνηδίων
2357 3958 2425 4011 τὰ
2450 3957 2701 4027 στόματα
2755 3957 3085 4028 φράττουσιν
3117 3958 3170 4010 οἱ
3197 3956 3291 4010 τὸν
3317 3951 3463 4010 οἶνον

1881 4050 1975 4103 τὸν
2036 4050 2249 4121 κνήδιον
2305 4048 2681 4119 γεωργοῦντες
2712 4048 3025 4117 Αἰγύπτιοι.
3051 4046 3252 4102 Τοῦτον
3277 4047 3386 4118 γὰρ
3414 4051 3463 4101 οἱ

1885 4142 2235 4213 πανεύφημοι
2282 4141 2582 4213 μάρτυρες,
2611 4141 2744 4210 ὄναρ
2770 4140 3023 4210 ὀφθέντες
3048 4140 3270 4210 ποιῆσαι
3292 4155 3465 4209 προσ-

1883 4233 2101 4298 ἐταξαν.
2155 4232 2429 4304 Θεόδωρος
2478 4231 2613 4300 γοῦν
2662 4232 2804 4286 κατὰ
2855 4232 2959 4302 τὴν
3006 4230 3341 4299 ἐπαγγελίαν
3367 4228 3465 4284 τοῦ

1883 4327 2211 4398 γράμματος
2255 4324 2437 4394 τυχὼν
2466 4325 2566 4396 τῆς
2599 4325 2821 4390 ἰάσεως,
2868 4323 3009 4396 ᾄσας
3031 4323 3176 4394 ᾠδὴν
3203 4323 3466 4393 χαριστή-

199 4433 253 4478 εἰ
284 4433 410 4483 ante
434 4422 761 4476 miraculum
788 4419 1114 4480 vocationis,
1149 4433 1245 4473 eos
1285 4419 1377 4488 qui
1407 4416 1777 4474 invitaverunt

1889 4434 2023 4486 ρων,
2044 4418 2123 4481 είς
2148 4417 2210 4470 τὸ
2230 4414 2526 4479 Βυζάντιον
2544 4415 2827 4470 ἔπλευσεν.
2846 4415 3037 4486 Ἡμεῖς
3070 4414 3127 4468 δὲ
3153 4415 3245 4468 καὶ
3271 4414 3467 4467 τούτου

200 4529 254 4568 ει
299 4513 627 4567 miraculum
658 4519 1017 4582 patraveruut
1063 4510 1284 4581 hymnis
1311 4509 1675 4574 celebrantes,
1709 4506 1778 4563 ad

203 4600 580 4657 narrationem
616 4600 847 4656 alterius
874 4598 1126 4656 miraculi
1153 4599 1496 4670 navigemus.

248 4778 385 4836 LXI.
423 4776 501 4833 De
540 4777 843 4833 Philemone
874 4782 1251 4837 Macrocomue
1281 4777 1397 4845 ('54)
1436 4775 1527 4841 qui
1545 4770 1742 4846 jecort's

460 4850 584 4903 vitio
617 4848 894 4903 laborabat
925 4849 1263 4919 ﬁstulamque
1284 4845 1532 4902 habebat.

274 4939 574 4997 Videamus
620 4938 807 4996 autem
851 4947 905 4996 et
952 4939 1327 4998 Philemonem
1377 4936 1693 5001 diaconum,
1728 4942 1787 4990 et

203 5030 474 5102 duplicem
529 5032 650 5100 ejus
701 5031 1048 5087 addiscamus
1094 5033 1434 5101 languorem,
1465 5024 1782 5095 conspicia-

205 5137 437 5193 musque
466 5123 642 5192 ipsius
667 5121 942 5193 duplicem
974 5123 1287 5178 sanitatem.
1331 5120 1539 5174 Przsto
1564 5125 1650 5173 est
1674 5116 1780 5186 vir,

206 5229 332 5269 cum
383 5216 597 5286 magnis
646 5230 842 5271 cursus
895 5215 1137 5270 motibus
1181 5213 1251 5268 ad
1311 5227 1413 5267 nos
1462 5209 1782 5268 aPhoenice

207 5306 508 5374 profectus,
541 5315 592 5360 et
647 5320 681 5361 a
732 5306 897 5376 longo
943 5305 1173 5361 castello
1222 5303 1368 5374 quod
1406 5303 1519 5358 illic
1549 5301 1784 5358 sortitus

215 5407 302 5451 est
329 5395 637 5451 aedificium.
669 5395 874 5452 Praesto
900 5406 985 5452 est
1021 5410 1152 5465 ergo
1191 5394 1418 5463 scripto,
1454 5391 1617 5448 nobis
1664 5392 1783 5447 lan-

212 5500 406 5565 guores
459 5485 537 5557 [et
589 5501 712 5556 qua:
762 5487 1075 5558 languoresj
1127 5488 1493 5556 insequuntur
1542 5484 1789 5541 medica-

1880 4505 2040 4575 χάριν
2072 4504 2166 4558 τοῦ
2194 4502 2492 4574 θαύματος,
2516 4505 2612 4559 καὶ
2643 4504 2743 4575 τῆς
2769 4502 2877 4575 πρὸ
2901 4502 2996 4557 τοῦ
3023 4502 3301 4574 θαύματος
3328 4503 3464 4575 κλή-

1883 4614 2041 4661 σεως,
2058 4598 2185 4666 τοὺς
2215 4595 2551 4666 κεκληκότας
2581 4595 2759 4651 καὶτὸ
2783 4594 2969 4666 θαῦμα
2989 4594 3306 4662 πράξαντας
3330 4594 3469 4664 ύμνιι

1880 4688 2211 4758 ῳδήσαντες,
2246 4687 2333 4740 ἐπ’
2360 4686 2520 4741 ἄλλου
2551 4686 2826 4757 θαύματος
2848 4686 3100 4756 διήγησιν
3119 4685 3463 4757 πλεύσωμεν,

1887 4778 2009 4839 EA'.
2038 4777 2210 4845 _Hspl
2273 4775 2613 4845 φιλήμονος
2660 4775 2768 4829 τοῦ
2816 4772 3306 4845 Μακροθεωμήτου
3358 4772 3465 4827 τοῦ

2026 4842 2188 4917 ἧπαρ
2212 4842 2560 4915 πάσχοῶστος
2608 4845 2706 4899 καὶ
2747 4844 3004 4913 σύριγγα
3046 4842 3316 4911 ἔχοντος.

1961 4939 2188 5008 Ἷδωμεν
2216 4937 2391 4991 δὲκαὶ
2445 4934 2722 5007 Φιλήμονα
2760 4934 2850 4988 τὸν
2882 4933 3149 4997 διάκονον,
3172 4934 3268 4989 καὶ
3295 4933 3357 4986 τδ
3389 4933 3468 4985 δι-

1892 5028 2058 5085 πλοῦν
2120 5028 2283 5081 αύτοῦ
2320 5026 2729 5097 καταμάθωμεν
2756 5025 2993 5095 νόσημα,
3030 5024 3126 5078 καὶ
3147 5024 3247 5095 τὴν
3273 5023 3460 5094 διττὴν

1889 5119 2056 5179 αὐτοῦ
2086 5119 2447 5189 θεωρήσωμεν
2476 5117 2641 5172 ἴασιν.
2675 5117 2947 5189 Πάρεστιν
2984 5115 3093 5186 γὰρ
3121 5115 3149 5168 ὁ
3179 5112 3339 5186 ἀνὴρ,
3369 5114 3466 5167 σὺν

1887 5212 2090 5285 δρόμου
2138 5211 2464 5282 ῥοιζήμασιν
2513 5211 2577 5263 ὲκ
2609 5208 2862 5278 Φοινίκης
2925 5207 3057 5276 ἡμῖν
3108 5204 3463 5274 ἀφικόμενος,

1885 5305 1982 5358 καὶ
1999 5304 2233 5373 Μακρᾶς
2261 5301 2454 5371 κώμης
2476 5301 2571 5371 τῆς
2594 5301 2771 5353 ἐκεῖσε
2792 5296 3062 5369 λαχούσης
3082 5293 3180 5365 τὴν
3210 5294 3461 5363 δόμησιν,

1887 5394 2131 5466 Πάρεστι
2178 5393 2308 5463 γοῦν
2354 5392 2432 5462 τῷ
2474 5393 2786 5463 γράμματι,
2847 5391 2945 5450 τὰς
3000 5388 3186 5450 νόσους
3215 5387 3348 5456 ἡμῖν
3379 5385 3467 5437 ἔνθ

1888 5486 2259 5557 δεικνύμενος,
2309 5485 2491 5541 καὶτὰ
2513 5483 2611 5547 τὰς
2642 5482 2831 5545 νόσους
2865 5482 2993 5553 ἡμῖν
3026 5477 3293 5532 ἐλάσαντα
3327 5476 3466 5557 φάθι

1683 5599 1916 5657 NOTAE.

285 5689 400 5763 (54)
437 5688 527 5744 Dic
554 5687 968 5757 Matrocometa,
1005 5709 1032 5747 a
1070 5693 1243 5763 patria
1280 5695 1630 5760 Macrocome,
1666 5692 1819 5764 longo
1846 5691 2082 5749 castello.
