4060 6236
566 356 707 419 3ΰ3¹1

1592 357 1694 416 SS.
1735 354 1911 416 CYRI
1953 353 2047 415 ET
2088 344 2408 416 JOANNIS
2436 354 2852 417 MIRACULA.

3673 355 3814 420 3633

569 482 742 538 μακα,
759 462 795 519 ἀ
815 463 912 517 καὶ
935 462 1028 517 νῦν
1059 461 1369 534 γράφεσθαι
1397 462 1665 534 βούλεται,
1700 464 1797 518 καὶ
1822 462 2127 534 πανταχόσε

2256 470 2413 519 nenta
2447 461 2835 520 demonstrans
2863 480 2879 530 ;
2925 478 3156 535 quemme
3191 464 3357 522 scribi
3384 464 3506 521 vult‘
3534 475 3588 523 et
3616 468 3815 540 ubique

565 554 929 627 κηρύττεσθαι
964 555 1098 627 πρὸς
1125 554 1398 625 εὐφημίαν
1429 555 1528 624 τῆς
1549 553 1733 624 Κύρου
1771 555 1868 608 καὶ
1882 554 2129 607 Ἰωάννου

2247 554 2530 625 praedicari
2554 554 2622 609 ad
2652 553 2865 609 laudem
2892 553 3019 626 Cyri
3053 553 3390 629 Joannisqtte
3417 555 3704 626 virtutum,
3723 560 3815 628 qui

564 647 868 716 δυνάμεως,
905 645 1013 700 τῶν
1067 646 1375 716 οὐδαμινοῖς
1427 640 1520 700 καὶ
1569 646 1748 718 ψιλοῖς
1799 645 2139 718 βοηθήμασιν

2256 646 2480 702 exilibus
2504 646 2836 717 exiguisque
2867 645 3217 705 adminiculis
3263 648 3433 706 fortes
3476 665 3819 721 magnosque

572 736 769 807 ἰσχυρὰ
807 735 899 790 καὶ
930 734 1140 806 μεγάλα
1166 736 1446 790 παυόντων
1476 737 1779 807 νοσήματα.
1812 734 2024 791 Οὐκοῦν
2047 736 2140 790 καὶ

2256 749 2538 807 languores
2572 745 2951 805 compescunt.
2980 735 3123 809 Ergo
3149 746 3204 794 et
3239 737 3354 794 haec
3383 753 3508 795 eum
3543 741 3818 811 prim-ibus

567 826 743 881 ταῦτα
786 831 899 891 τοῖς
954 827 1284 899 προλαόοῢσι
1329 827 1701 896 συντάξωμεν,
1768 828 1869 897 τῆς
1905 829 1987 882 εἰς
2013 828 2137 900 τοὺς

2256 826 2587 892 ordinemus,
2636 842 2760 883 eum
2804 829 3196 885 benevolentia:
3239 828 3630 904 [hellenismus]
3670 836 3817 887 circa

570 918 760 987 ἁγίους
797 918 1012 982 εὐνοίας
1041 920 1201 973 αὑτὸν
1232 918 1594 989 ἀγασάμενοι.
1982 920 2012 959 ’θ

643 1008 809 1079 Πάθη
827 1008 920 1062 δύο
951 1009 1101 1064 δεινά
1128 1011 1224 1064 καὶ
1254 1009 1480 1064 δυσίατα
1506 1013 1719 1082 προσῆν
1745 1010 1825 1082 τῷ
1854 1010 2138 1081 Φιλήμονι,

572 1100 629 1152 ἒν
663 1100 759 1169 μὲν
774 1096 835 1151 τὸ
859 1097 1185 1170 τοῦἢπατος
1205 1100 1291 1153 ἀεὶ
1320 1101 1534 1168 πιάξον,
1568 1100 1662 1155 καὶ
1692 1098 1926 1154 θανάτου
1956 1099 2143 1154 ποιοῦν

574 1190 990 1262 παραπλήσιον·
1024 1190 1087 1243 τὸ
1107 1188 1358 1262 δεύτερον
1403 1191 1461 1245 δ⁴ὲ
1520 1193 1621 1258 τῆς
1666 1191 1946 1263 σύριγγος,
1998 1191 2027 1245 ὃ
2053 1192 2144 1246 τὸν

574 1283 848 1353 τράχηλον
902 1280 1069 1337 αὐτοῦ
1133 1283 1584 1354 κληρωσάμενον,
1603 1284 1834 1353 κρουνὸν
1858 1283 2020 1338 αὐτὸν
2048 1286 2144 1337 ὲκ-

575 1373 855 1426 πτύεινέκ
878 1373 1150 1444 τραχήλου
1181 1373 1500 1444 πεποίηκεν.
1554 1373 1662 1426 Καὶ
1686 1375 1806 1436 ταῖς
1847 1372 1946 1443 μὲν
1973 1373 2145 1442 ἀλγη-

566 1465 688 1518 δόσι
744 1463 837 1518 τοῦ
898 1464 1107 1535 ἥπατος
1155 1464 1349 1535 καιρὸς
1409 1463 1781 1535 προσενέμετο
1818 1464 1912 1517 καὶ
1951 1463 2144 1535 χρόνου

577 1554 841 1625 περίοδος,
885 1554 1007 1608 καθ’
1044 1556 1107 1626 ήν
1132 1555 1409 1625 ἑσφρίγων
1471 1546 1631 1629 αὗται
1660 1555 1756 1607 καὶ
1777 1550 2026 1625 ήκμαζον
2049 1553 2147 1606 καὶ

577 1647 669 1699 τὸν
693 1645 977 1717 ἄνθρωπον
1012 1644 1332 1709 ὲὸασάνιζον
1351 1684 1367 1709 ,
1398 1645 1493 1698 καὶ
1527 1644 1652 1698 καθ’
1676 1637 1743 1716 ἣν
1767 1643 2066 1698 ἐνεδίδοσαν
2089 1659 2148 1696 τε

576 1736 670 1788 καὶ
690 1734 976 1805 ἡσύχαζον,
1013 1733 1220 1788 καὶτὸν
1242 1732 1534 1805 ἄνθρωπον
1548 1733 1676 1787 εΓων
1707 1732 2002 1788 ἀνώδυνον·
2029 1735 2146 1796 ταῖς

2250 925 2471 976 sanctos
2502 918 2698 973 habitae
2721 918 3079 977 admirantes.

2318 1007 2612 1065 Passiones
2653 1009 2774 1065 dua:
2823 1018 3062 1079 atroces,
3110 1021 3164 1068 et
3198 1027 3319 1083 qua:
3374 1012 3591 1069 diﬁicile
3634 1015 3817 1069 sanari

2252 1107 2502 1170 possunt,
2536 1098 2836 1156 Philemoni
2870 1102 3140 1160 aderant:
3174 1104 3368 1158 harum
3406 1104 3624 1171 quidem
3649 1104 3818 1160 altera

2252 1192 2486 1262 hepa’tis,
2540 1207 2866 1263 semperque
2915 1193 3248 1264 deprimens,
3291 1207 3343 1252 et
3395 1197 3557 1250 morti
3617 1196 3821 1253 faciens

2252 1283 2485 1339 similem
2519 1283 2728 1338 :altera
2769 1298 2898 1339 vero
2931 1284 3127 1340 ﬁstulae
3155 1301 3277 1354 quae
3314 1287 3511 1341 collum
3546 1286 3664 1355 ejus
3705 1303 3822 1343 sor-

2253 1372 2372 1438 tita,
2400 1372 2626 1440 fontem,
2654 1373 2706 1428 id
2743 1382 2829 1430 est
2858 1389 2983 1444 pus,
3019 1373 3348 1431 deﬂuentem
3375 1376 3442 1432 de
3473 1378 3637 1445 collo,
3673 1378 3817 1434 fecit.

2253 1462 2320 1518 Ει
2353 1463 2637 1518 doloribus
2665 1464 2882 1533 quidem
2929 1464 3146 1535 hepatis
3182 1465 3465 1521 deﬁnitum
3499 1475 3734 1537 tempus.
3769 1480 3820 1521 ct

2253 1551 2518 1623 temporis
2557 1551 2824 1609 circuitus
2867 1553 3231 1619 tribuebatur,
3263 1554 3317 1607 itt
3351 1570 3460 1625 quo
3501 1556 3821 1609 cresrebant

2254 1642 2309 1695 hi
2363 1648 2418 1696 et
2467 1640 2722 1712 vigebant
2777 1651 2833 1695 et
2880 1641 3156 1697 hominem
3189 1641 3589 1697 alternantibus
3615 1642 3822 1695 vicibus

2255 1733 2591 1795 cruciabant,
2620 1740 2675 1788 et
2703 1732 2757 1787 in
2787 1747 2897 1803 quo
2933 1732 3263 1789 recedebant
3303 1741 3358 1789 et
3385 1733 3739 1803 quiescebant
3771 1744 3823 1786 rt

574 1821 632 1874 δὲ
663 1823 762 1888 τῆς
784 1823 1047 1892 σύριγγος
1075 1821 1357 1893 εὑρέσεσιν
1393 1823 1586 1893 χρόνος
1640 1822 1739 1891 οὐχ
1772 1820 1995 1893 ὥριστο,
2035 1821 2148 1876 οὐδ’

2256 1821 2367 1877 sine
2414 1822 2604 1878 dolore
2672 1836 3065 1893 nonnunquam
3112 1822 3385 1879 hominem
3442 1823 3819 1887 dimittebant;

573 1912 805 1977 ἐναλλὰξ
848 1917 1143 1981 γιγνομένη
1175 1912 1442 1984 περίοδος,
1506 1913 1622 1967 ἀλλ’
1661 1913 1748 1966 ἀεὶ
1777 1914 1903 1976 τοὺς
1940 1912 2147 1984 ἰχῶρας

2256 1908 2606 1966 eﬂusionibus
2639 1918 2819 1966 autem
2855 1917 3075 1980 tempus
3104 1910 3388 1966 deﬁnitum
3426 1912 3638 1966 nullum
3682 1922 3820 1975 crat,

574 1995 735 2055 αὗται
762 2003 1083 2074 κατέφερον,
1114 2005 1210 2056 καὶ
1238 2003 1491 2074 ἀλήκτως
1515 2003 1682 2073 ἠνίων
1711 2002 1803 2057 τὸν
1824 2002 2138 2074 ἄνθρωπον.

2247 2015 2350 2056 nec
2391 2000 2637 2057 alternus
2684 2001 2862 2057 factus
2899 2016 3088 2057 earnm
3131 2001 3423 2070 circuitus,
3472 2003 3569 2058 sed
3614 2002 3822 2074 iugiter

569 2094 677 2147 Διὰ
704 2092 875 2147 ταῦτα
900 2094 1250 2165 παρενοχλῶν
1280 2096 1489 2165 ἰατροῖς
1527 2095 1627 2147 οὐκ
1651 2092 1917 2148 ἐπαύετο·
1953 2095 2046 2150 καὶ
2073 2095 2151 2158 ὡς

2256 2091 2433 2147 sanies
2475 2105 2537 2146 se
2577 2090 2835 2146 deorsum
2883 2091 3193 2157 mittebant,
3244 2101 3299 2147 et
3338 2090 3459 2147 sine
3499 2092 3688 2162 requie
3727 2092 3823 2145 ho-

568 2183 781 2237 -τούτων
803 2184 1046 2256 σφοδρῶς
1078 2185 1440 2256 αἰκιζόμενος,
1471 2186 1729 2257 ἐπεζήτει
1751 2186 1880 2250 τοὺς
1903 2185 2150 2257 κρείσσο-

567 2291 693 2338 νας,
728 2276 824 2328 καλ⁸
856 2275 987 2329 ποτὲ
1007 2276 1105 2345 μὲν
1130 2275 1392 2338 ἐκείνους,
1433 2274 1566 2328 ποτὲ
1594 2275 1658 2328 δὲ
1684 2275 1909 2339 τούτους
1934 2274 2146 2342 ἐδίωκε,

577 2366 707 2436 παρ’
731 2365 1005 2437 ἑκατέρων
1035 2366 1092 2420 δὲ
1121 2367 1286 2437 μηδὲν
1317 2365 1622 2439 ὠφεληθῇς
1643 2364 1932 2420 ἀπελύετο.

661 2632 750 2694 Ὠς
785 2632 884 2702 μὲν
902 2631 1002 2686 οὖν
1046 2633 1268 2704 ἰατροὺς
1317 2632 1567 2697 πλείονας
1623 2631 1874 2705 ἤλλαξεν,
1930 2634 2024 2687 καὶ
2049 2631 2151 2698 τὰς

580 2724 766 2787 νόσους
787 2724 1072 2778 ἀλλάττειν
1096 2726 1195 2796 οὐχ
1212 2725 1499 2795 εὕρισκεν,
1523 2725 1616 2777 ἐπὶ
1637 2722 1822 2795 Κῦρον
1849 2723 1942 2778 καὶ¹
1969 2723 2151 2778 Ἰωάν-

580 2833 679 2885 νην
704 2811 836 2886 ἦλθε
866 2816 990 2880 τοὺς
1016 2817 1322 2888 μάρτυρας,
1341 2818 1472 2888 παρ’
1497 2814 1580 2881 οἷς
1610 2819 1670 2871 ὲν
1699 2817 1883 2871 πίστει
1920 2818 2151 2889 γενόμε-

578 2920 694 2966 νος,
745 2904 930 2973 ὑγείας
986 2907 1082 2977 μὲν
1120 2907 1219 2970 τὰς
1273 2907 1464 2972 νόσους
1500 2908 1793 2978 ἠλλάξατο,
1857 2909 2054 2973 ἄλλους
2094 2909 2152 2964 δὲ

583 2994 747 3047 πάλιν
774 2995 991 3065 ἰατροὺς
1005 2996 1107 3048 οὐκ
1137 2994 1447 3065 ἐνήλλαξεν.
1474 2998 1570 3049 “Ov
1587 2996 1696 3068 γὰρ
1717 2999 1766 3050 οἰ
1797 2997 1941 3065 ἆγιοι
1966 2995 2153 3052 θεόθεν

574 3085 862 3152 δεξάμενοι
913 3085 1099 3141 παθῶν
1125 3087 1186 3139 οὑ
1218 3086 1522 3158 βουληθῶσι
1580 3088 1983 3159 λυτρώσασθαι,
2028 3089 2151 3144 οὐδὲ

586 3178 695 3240 πᾶς
745 3175 921 3231 αὐτῶν
941 3179 968 3230 ὀ
992 3176 1104 3230 τῶν
1143 3178 1342 3250 ἰατρῶν
1388 3179 1593 3250 κόσμος
1612 3178 1962 3252 λυτρώσηται
1982 3198 1995 3212 ·
2037 3181 2151 3234 ἀλλ’

586 3269 678 3320 ἐπὶ
699 3267 761 3321 τὸ
785 3268 1105 3338 λειπόμενον
1149 3268 1248 3339 τῆς
1285 3269 1594 3339 διηγήσεως
1648 3271 1912 3342 ἔλθωμεν,
1941 3274 2034 3325 καὶ
2056 3272 2156 3341 τὴν

586 3359 886 3428 θεραπείαν
934 3361 1176 3430 εἴπωμεν
1238 3360 1334 3414 τοῦ
1370 3360 1713 3431 ’Φιλήμονος,
1752 3362 1942 3434 ὥσπερ
1989 3362 2155 3417 αὐτοῦ

588 3451 683 3504 καὶ
707 3451 805 3514 τας
835 3451 1021 3516 νόσους
1072 3455 1406 3525 εἰρήκαμεν·
1432 3455 1569 3529 αὕτη
1603 3457 1713 3529 γάρ
1738 3458 1858 3511 ἐστι
1891 3459 1953 3512 τὸ
1983 3459 2157 3527 γλυκὺ

588 3544 695 3596 τῶν
747 3544 1054 3614 λεγομένων
1100 3547 1396 3615 κεφάλαιον
1423 3563 1438 3579 ⁸
1485 3548 1778 3604 ἐκάθευδεν
1823 3549 1880 3602 δὲ
1927 3549 2021 3604 ἐπὶ
2060 3550 2162 3621 τῆς

591 3637 878 3707 στρωμνῆς
908 3639 937 3691 ὁ
958 3637 1223 3703 διάκονος,
1267 3641 1364 3695 καὶ
1386 3642 1435 3693 οἰ
1466 3642 1742 3712 μάρτυρες
1773 3641 1920 3712 αὐτῷ
1949 3660 2159 3713 κοιμωο

595 3728 740 3800 μένῳ
795 3731 1151 3807 παρίσταντο.
1200 3730 1360 3784 Καὶό
1383 3731 1481 3801 μὲν
1520 3730 1688 3785 αὑτοῦ
1726 3732 1787 3785 τὸ
1825 3724 1978 3804 ἧπαρ
2007 3732 2163 3786 ἐσκό-

588 3822 834 3884 πευεν,’ό
864 3821 921 3874 δὲ
950 3820 1193 3874 κατενόει
1250 3822 1344 3874 τοῦ
1396 3823 1673 3894 τραχήλου
1721 3822 1819 3890 τὴν
1873 3823 2115 3894 σύριγγα
2142 3840 2159 3856 ο

592 3914 686 3966 καὶ
711 3915 740 3966 ό
759 3913 858 3981 μὲν
887 3912 987 3975 τὰς
1030 3912 1226 3978 ὀδύνας
1252 3913 1347 3967 τοῦ
1396 3914 1608 3985 ἥπατος
1632 3913 1890 3982 ἔπαυσεν,
1914 3913 1943 3967 ό
1973 3914 2031 3968 δὲ
2065 3916 2162 3979 τὰς

589 4005 692 4073 τῆς
732 4004 991 4077 σύριγγος
1017 4004 1198 4073 πηγὰς
1233 4004 1572 4075 ἀνεξήρανεν
1593 4022 1607 4038 ·
1645 4006 1738 4061 καὶ
1766 4006 1954 4076 ἐπειδὴ
1989 4005 2166 4061 ταῦτα

590 4097 872 4161 ποιοῦντες
924 4096 1255 4164 ἐπαύσαντο,
1283 4098 1411 4152 τάδε
1446 4098 1623 4152 ποιεῖν
1662 4097 1915 4162 ἀπιόντες
1942 4098 2164 4152 ἐκέλευ-

593 4204 712 4253 σαν,
749 4191 842 4242 καὶ
875 4188 1202 4259 ἀμφοτέρων
1228 4188 1438 4242 τελείαν
1463 4188 1560 4259 τὴν
1593 4188 1762 4260 ρὦιν
1788 4189 2159 4259 κομίσασθαι·

586 4279 734 4348 ότῆς
777 4278 1037 4349 σύριγγος
1086 4280 1291 4350 στήσας
1317 4280 1386 4333 τά
1410 4279 1682 4349 ῥεύματα,
1731 4279 1923 4352 τρίψαι
1979 4280 2166 4351 κιτρό-

593 4370 769 4434 φυλλα
810 4372 904 4424 καὶ
943 4370 1306 4441 προσενέγκαι
1344 4370 1424 4441 τῷ
1453 4370 1614 4424 πάθει
1648 4371 1981 4441 προσέταξεν
2012 4385 2026 4401 '
2052 4373 2081 4424 ό
2105 4371 2166 4425 τὸ

2249 2181 2449 2237 minem
2474 2180 2836 2236 tribulabant.
2855 2179 3150 2252 Propterea
3172 2181 3436 2239 molestus
3453 2196 3576 2238 esse
3593 2181 3821 2238 medicis

2249 2286 2361 2329 non
2395 2272 2665 2338 cessabat,
2713 2279 2768 2327 et
2812 2287 2937 2327 cum
2984 2271 3072 2327 his
3103 2270 3282 2328 valide
3311 2271 3412 2344 [ita
3445 2271 3587 2343 cod.]
3630 2274 3825 2327 verbe-

2249 2373 2422 2429 ratus,
2457 2363 2712 2418 meliores
2753 2362 3067 2435 quaerebat;
3112 2371 3164 2417 et
3207 2363 3366 2418 modo
3411 2362 3631 2433 quidem
3663 2363 3808 2424 illos,

2250 2454 2413 2510 modo
2441 2469 2567 2509 vero
2599 2454 2735 2510 istos
2771 2454 3222 2524 prosequebatur,
3253 2454 3331 2525 ab;
3362 2452 3606 2524 utrisque
3632 2465 3808 2509 autem

2249 2542 2328 2600 nil
2360 2541 2580 2613 adjutus
2617 2543 3011 2599 dimittebatur.

2321 2634 2463 2706 Ergo
2508 2650 2631 2691 cum
2700 2635 2940 2691 medicos
2999 2636 3265 2706 plurimos
3311 2640 3723 2699 commutasset,
3770 2642 3821 2688 et

2251 2727 2547 2798 languores
2605 2725 2843 2796 qualiter
2892 2734 3181 2792 mutasset,
3229 2727 3453 2783 minime
3502 2726 3820 2781 invenisset.

2253 2816 2321 2871 ad
2359 2815 2560 2887 Cyrum
2609 2820 2663 2871 et
2694 2815 2960 2871 Joannem
3000 2825 3272 2888 martyres
3319 2816 3486 2885 venit,
3515 2815 3656 2887 apud
3685 2830 3824 2886 quos

2253 2906 2310 2962 in
2359 2905 2462 2962 ﬁde
2506 2914 2780 2976 repertus,
2812 2908 3104 2979 languores
3150 2908 3368 2979 quidem
3415 2908 3651 2964 sanitate
3699 2924 3833 2961 nui--

2253 2997 2406 3062 tavit,
2432 2995 2532 3053 sed
2573 3012 2676 3053 nec
2724 2998 2925 3053 iterum
2956 2999 3198 3055 medicos
3239 2999 3618 3055 commutavit.
3651 2999 3823 3066 Quem

2178 3131 2222 3190 c
2253 3091 2398 3147 enim
2451 3091 2626 3147 sancti
2663 3091 2928 3147 divinitus
2978 3084 3205 3161 accepta
3249 3091 3422 3160 gratia
3464 3090 3759 3147 noluerunt
3794 3103 3823 3143 a

2258 3182 2603 3254 passionibus
2646 3182 2899 3248 liberare,
2934 3195 3032 3236 nec
3066 3181 3246 3237 omnis
3291 3180 3627 3236 medicorum
3664 3194 3828 3234 mun-

2258 3274 2382 3341 dus,
2423 3283 2483 3329 ut
2529 3268 2602 3328 ita
2646 3272 2841 3340 fatear,
2882 3272 3157 3328 liberabit.
3203 3270 3310 3326 Sed
3369 3271 3437 3327 ad
3494 3270 3828 3327 narrationis

2258 3362 2536 3419 residuum
2568 3362 2870 3427 veniamus,
2896 3370 2952 3417 et
2985 3360 3319 3416 Philemonis
3357 3361 3695 3416 curationem
3740 3359 3828 3412 di-

2260 3469 2471 3519 camus,
2514 3454 2657 3511 sicut
2698 3455 2818 3523 ejus
2860 3452 3024 3508 etiam
3067 3452 3363 3522 languores
3403 3452 3696 3515 ediximus,
3725 3451 3829 3503 hac

2260 3545 2417 3600 euim'
2451 3551 2536 3601 est
2579 3544 2742 3599 dulce
2803 3542 3074 3597 dictorum
3128 3540 3460 3612 capitulum.
3517 3538 3829 3595 Dormiebat

2264 3651 2430 3707 supra
2482 3644 2713 3692 stratum
2759 3633 3049 3699 diaconus,
3101 3638 3155 3688 et
3220 3638 3485 3701 martyres
3535 3628 3827 3684 dormienti

2263 3730 2310 3784 ei
2354 3728 2628 3793 astabant,
2681 3734 2737 3782 et
2792 3726 2931 3779 alter
2991 3724 3209 3792 quidem
3274 3724 3428 3789 jecur
3481 3720 3602 3790 eius
3658 3727 3831 3774 attra-
3930 3708 3931 3715 “

2263 3821 2465 3884 ctahat,
2527 3819 2666 3871 alter
2729 3831 2858 3872 vero
2922 3815 3046 3870 colli
3110 3813 3343 3869 ﬁstulam
3408 3811 3829 3867 considerabat:

2264 3920 2320 3966 et
2377 3910 2468 3965 ille
2518 3908 2738 3979 quidem
2778 3907 2999 3962 dolores
3043 3905 3246 3976 iecoris
3286 3903 3684 3972 compescebat,
3731 3903 3833 3957 iste

2265 4012 2503 4069 namque
2559 3997 2740 4053 fontes
2796 3995 2993 4053 ﬁstulae
3055 3993 3380 4048 tlesiccabat.
3425 3991 3492 4045 Et
3530 3992 3659 4062 quia
3705 4005 3829 4046 cum

2264 4090 2380 4145 haec
2428 4088 2688 4145 fecissent
2722 4094 3100 4151 cessaverunt,
3131 4085 3245 4139 haec
3291 4084 3473 4140 facere
3516 4082 3832 4139 recedentes

2263 4183 2567 4252 jusserunt,
2596 4190 2652 4235 ut
2677 4180 2960 4249 utriusque
3006 4175 3302 4249 perfectam
3334 4176 3601 4246 reciperet
3627 4174 3834 4230 sanita-

2270 4286 2398 4329 tem.
2429 4270 2534 4338 Qui
2563 4285 2693 4342 ergo
2734 4279 2887 4326 stare
2923 4266 3051 4324 iecit
3092 4266 3285 4322 ﬁstulae
3304 4265 3508 4330 ﬂuxus,
3548 4265 3672 4320 citri
3704 4264 3834 4320 folia

2268 4371 2445 4419 terere
2484 4371 2538 4417 et
2571 4361 2740 4415 ulceri
2778 4358 2974 4414 aﬂerre
3006 4356 3287 4429 praecepit.
3317 4355 3371 4410 ls
3423 4363 3604 4411 autem
3640 4355 3735 4426 qui
3760 4363 3835 4408 ta-

592 4456 746 4535 ἦπαρ
778 4463 834 4516 δὲ
863 4465 980 4526 ταῖς
1004 4464 1163 4533 ἁφαῖς
1199 4464 1513 4533 ἰασάμενος,
1550 4461 1738 4526 ἐλαίας
1768 4461 1994 4530 ἐνέγκαι
2024 4462 2155 4533 χλω-

2268 4454 2448 4509 ctihus
2477 4457 2650 4521 hcpar
2690 4458 3003 4514 sanavcrat,
3063 4448 3238 4504 olivas
3281 4446 3495 4503 deferre
3531 4447 3836 4513 virides,et

598 4555 717 4622 ράς·
748 4555 842 4609 καὶ
874 4555 973 4618 τὰς
1005 4554 1104 4625 μὲν
1154 4554 1356 4608 ἐσθίειν
1396 4554 1670 4620 ἐθέσπισε,
1702 4553 1803 4618 τὰς
1831 4554 1888 4608 δὲ
1918 4553 2165 4619 λειῶσαι,

593 4645 797 4698 καὶτὸν
832 4648 996 4700 τόπον
1027 4645 1372 4700 καταπλάσαι
1413 4647 1506 4700 τοῦ
1540 4648 1770 4718 ἥπατος.
1819 4646 2080 4710 Ἀναστὰς
2108 4646 2167 4700 δὲ

598 4736 735 4804 μετά
787 4736 878 4790 τὸν
936 4735 1153 4792 ὕπνονό
1188 4740 1490 4811 ἄρρωστος,
1539 4738 1640 4803 τὰς
1700 4740 2029 4810 ἀμφοτέρων
2056 4738 2166 4792 τῶν

595 4827 764 4895 ἁγίων
811 4828 1136 4897 προστάξεις
1172 4829 1508 4899 ἐπλήρωσεν,
1536 4830 1633 4884 καὶ
1686 4830 1786 4894 τὰς
1840 4831 2165 4901 ἀμφοτέρων

594 4916 701 4969 τῶν
723 4915 891 4983 ἀγίων
919 4915 1219 4986 θεραπείας
1248 4917 1532 4985 ὲδρέψατο.
1557 4917 1816 4988 Φιλήμων
1842 4913 1936 4970 οὖν
1965 4920 1993 4972 ό
2024 4918 2159 4972 θαυ-

597 5008 789 5076 μάσιος
820 5006 962 5063 οὕτω
1005 5008 1191 5078 φυγὼν
1221 5006 1290 5062 τὰ
1324 5010 1628 5079 νοσήματα,
1656 5011 1749 5063 καὶ
1777 5009 1959 5063 λαϐὼν
1976 5010 2043 5063 τά
2079 5008 2163 5065 ἰά-

598 5121 759 5171 ματα,
787 5104 913 5166 τοὺς
937 5102 1236 5179 δεδωκότας
1276 5104 1458 5174 ὑμνῶν
1489 5104 1846 5173 ἀπελήλυθεν.
1891 5105 2082 5175 Ἡμεῖς
2104 5104 2164 5159 δὲ

591 5193 660 5246 δι’
688 5195 1004 5265 ἀμφοτέρας
1061 5195 1160 5258 τὰς
1215 5196 1410 5268 ρώσεις
1446 5196 1638 5259 διττῶς
1691 5196 1988 5266 ὑμνοῦντες
2034 5198 2163 5262 τοὺς

598 5283 900 5356 μάρτυρας,
952 5288 1089 5356 πρὸς
1135 5286 1309 5340 ἀλλων
1361 5285 1545 5358 ὓμνων
1595 5287 1806 5358 μητέρα
1841 5289 1935 5342 καὶ
1963 5288 2162 5361 τροφὸν

594 5374 926 5443 ἐπαγγελίαν
946 5374 1354 5448 προσέλθωμεν.

662 5487 781 5541 ΞΒ¹.
828 5485 969 5553 Περὶ
1004 5485 1295 5554 Ῥοδόπης
1329 5488 1660 5557 ἐσχηκυίας
1689 5487 2085 5558 ἐκϐράσματα.

676 5639 740 5691 Ἦ
755 5614 985 5707 Ῥοδόπη
1017 5638 1116 5707 τὴν
1134 5638 1372 5710 γραφίδα
1400 5642 1798 5711 τροχάςουσαν,
1829 5643 1921 5695 καὶ
1949 5640 2158 5710 χαράτσ

591 5746 708 5784 saw
746 5730 907 5800 ἕτερα
928 5728 1179 5801 θαύματα
1211 5731 1561 5797 σπεύδουσαν,
1582 5732 1680 5801 τῆς
1711 5732 1801 5784 ἐπὶ
1823 5731 2029 5793 τούτοις
2060 5750 2157 5784 πο-

2269 4544 2462 4599 harum
2498 4543 2701 4598 alteras
2730 4541 3084 4607 manducare,
3126 4540 3328 4596 alteras
3347 4548 3530 4595 autem
3566 4538 3832 4603 emollire,
3902 4556 3907 4562 ·

2267 4644 2322 4691 et
2342 4636 2522 4691 locum
2539 4635 2744 4706 iecoris
2760 4632 3157 4703 cataplasmare
3176 4630 3454 4702 praecepit.
3472 4632 3572 4687 Ast
3586 4629 3836 4686 inﬁrmus

2268 4743 2502 4800 surgens
2536 4733 2660 4798 post
2713 4726 3015 4790 somnium,
3057 4721 3673 4795 utramquejnssionem
3705 4737 3835 4778 san-

2264 4830 2479 4877 ctorum
2511 4817 2774 4889 implevit,
2805 4823 2860 4872 et
2889 4822 3251 4885 utrarumque
3295 4812 3609 4869 curationes
3629 4812 3836 4882 passio-

2266 4927 2395 4967 num
2447 4909 2710 4982 percepit.
2753 4906 2998 4964 Philemo
3042 4920 3174 4977 ergo
3200 4905 3293 4960 illo
3333 4904 3622 4966 mirabilis,
3648 4902 3834 4957 taliter

2264 5004 2558 5074 lauguores
2623 4998 2904 5070 eﬁ‘ugiens,
2953 4996 3207 5055 sanitatis
3259 4997 3404 5051 dono
3446 5000 3688 5063 recepto,
3736 5007 3832 5048 eos

2263 5094 2357 5167 qui
2415 5084 2760 5149 contulerant
2804 5088 3123 5145 collaudans
3168 5084 3456 5141 abscessit.
3510 5082 3682 5138 Porro
3728 5096 3831 5139 nos

2264 5183 2336 5240 ob
2356 5192 2646 5251 utramque
2672 5178 2964 5235 sanitatem
2998 5175 3294 5246 dupliciter
3316 5171 3536 5243 hymnis
3563 5178 3830 5241 martyres

2260 5277 2690 5346 prosequentes,
2732 5268 2799 5323 ad
2854 5267 3088 5322 aliorum
3132 5265 3459 5336 hymnorum
3506 5260 3827 5318 relationem

2262 5370 2493 5423 matrem
2522 5377 2587 5418 ac
2621 5362 2897 5417 nutricem
2919 5357 3264 5413 accedamus.
3364 5368 3367 5371 ·
3450 5382 3457 5389 η

2368 5476 2525 5532 LXII.
2564 5474 2654 5530 De
2718 5473 2966 5540 Rhodope
3021 5485 3143 5541 quae
3182 5468 3366 5522 habuit
3416 5467 3720 5524 ebullierit“

2856 5540 3223 5597 carbunculos.

2330 5639 2593 5709 Rhodope
2643 5636 2841 5707 stylum
2894 5631 3033 5704 [cod.
3067 5628 3516 5701 descriptionem]
3558 5637 3824 5688 rotantem

2261 5741 2314 5786 ct
2343 5744 2572 5784 exarare
2605 5728 2708 5782 alia
2743 5725 3003 5779 miracula
3038 5724 3405 5783 festinauian
3444 5723 3509 5776 ab
3544 5720 3731 5776 itin‘ere
3762 5726 3820 5778 εει
