4060 6236
376 371 515 450 3641

1375 394 1482 455 SS.
1511 394 1687 456 CYRI
1726 396 1823 457 ET
1860 397 2184 462 JOANNIS
2221 401 2640 464 MIRACU-LA.

3505 403 3646 468 3642
3675 357 3688 362 ’

379 500 524 569 ὑμᾶς
575 497 890 569 ἐρχομένοις
920 499 1234 572 χαρίζεσθε.
1274 499 1340 554 Τί
1361 498 1454 557 οὖν
1492 504 1572 568 είς
1599 505 1745 576 ὑμᾶς
1775 507 1952 580 ἁμαρ-

2081 510 2314 567 >mnihus
2367 513 2460 582 qui
2521 512 2587 566 ad
2662 522 2760 566 vos
2810 509 3082 565 accedunt
3152 509 3391 566 donatis.
3438 509 3645 581 thuid

376 591 622 661 τήσασάν
646 607 716 661 με
744 590 1035 661 παρίδετες
1064 591 1097 664 ἢ
1126 590 1286 647 ποίαν
1310 592 1418 647 τῶν
1451 595 1736 666 ὑμετέρων
1766 598 1956 651 κελεύ-

381 701 519 738 σεων
569 682 944 756 [παραϐᾶσαν]
984 685 1399 750 ἀνεπισκέπτως
1449 688 1812 758 παρήλθετε;
1848 690 1880 761 ἢ
1910 690 1961 743 τί

380 775 502 829 καθ’
532 769 645 828 οἷον
674 773 736 844 δή
761 791 891 828 ποτε
911 776 1109 846 τρόπον
1131 775 1474 848 λυπήσασαν,
1500 778 1611 832 τῶν
1655 779 1962 852 φιλανθρώ-

380 881 498 920 πων
537 865 694 935 ὑμῶν
745 865 966 936 δωρεῶν
1022 867 1390 939 ἐστερήσατε;
1456 870 1612 937 κάγὼ
1664 872 1762 939 μὲν
1807 872 1964 926 οὐδὲν

381 957 625 1027 ἐμαυτὴν
650 953 767 1010 οἶδα
791 957 900 1011 τῶν
925 958 1184 1012 τοιούτων
1241 961 1322 1024 είς
1361 961 1507 1031 ὑμᾶς
1560 962 1962 1035 πλημμελήσα-

383 1067 500 1103 σαν.
532 1047 596 1102 El
627 1048 684 1102 δέ
734 1066 787 1103 τι
837 1049 947 1103 τῶν
977 1051 1284 1121 εἰρημένων
1329 1070 1421 1122 μοι
1470 1053 1810 1123 πέπρακται,
1871 1057 1965 1110 καὶ

381 1139 550 1209 λήθης
585 1140 819 1209 ἱματίων
847 1140 1183 1196 καλύπτεται
1202 1183 1217 1207 ,
1251 1143 1411 1196 τοῦτό
1432 1161 1543 1214 μοι,
1579 1145 1793 1216 δέομαι,
1817 1149 1963 1216 φρά-

383 1247 538 1297 σατε,
566 1234 659 1286 καὶ
705 1231 975 1303 σύντομον
1024 1233 1194 1289 αὐτοῦ
1253 1237 1551 1306 ποιήσομαι
1594 1238 1695 1304 τὴν
1734 1239 1964 1310 διόρθω-

385 1341 496 1378 σιν.

453 1414 670 1468 Τούτων
691 1415 740 1467 οί
769 1415 914 1482 άγιοι
959 1416 1097 1488 πρὸς
1159 1417 1258 1488 τῆς
1298 1417 1562 1488 Ῥοδόπης
1605 1418 1962 1485 ἀκούσαντες,

383 1507 483 1560 οὑκ
524 1506 887 1577 ἀτιμάζουσιν
928 1508 1101 1578 αὐτῆς
1135 1506 1236 1580 τὴν
1260 1507 1572 1579 ἀμώμητον
1593 1510 1805 1581 δέησιν,
1828 1511 1967 1566 ἀλλά

385 1598 524 1668 πρὸς
555 1597 725 1670 αὐτὴν
745 1600 1201 1671 ἐπιστρέψαντες,
1244 1600 1511 1665 τοιούτοις
1533 1603 1704 1672 αὐτὴν
1740 1604 1836 1657 καὶ
1866 1604 1968 1657 αύ-

383 1689 467 1740 τοὶ
501 1689 953 1760 παραμυθοῦνται
979 1693 1092 1754 τοῖς
1127 1693 1372 1761 ῥήμασιν
1395 1708 1406 1720 ·
1435 1693 1548 1762 Οὐχ
1575 1693 1652 1757 ὡς
1680 1697 1761 1758 είς
1795 1697 1828 1764 ή
1839 1698 1966 1764 μᾶς,

383 1774 634 1847 ὧγύναι,
689 1781 1172 1852 πλημμελήσασαν
1220 1781 1596 1854 παρήλθομεν,
1647 1787 1756 1841 οὐδ’
1799 1786 1875 1849 ὥς
1913 1804 1965 1840 τι

384 1875 491 1926 τῦν
520 1874 823 1945 ἡμετέρων,
855 1875 929 1939 ὡς
959 1875 1117 1946 ἔφης,
1149 1883 1590 1951 προσταγμάτων
1617 1884 1966 1952 πατήσασαν,

385 1967 501 2019 ἀλλ’
552 1967 636 2020 ὅτι
701 1978 794 2020 σου
828 1968 926 2038 τὴν
989 1970 1248 2025 ἀνάλυσιν
1297 1972 1626 2042 ἐγγίζουσαν
1674 1973 1966 2044 βλέπομεν,

385 2059 480 2110 καὶ¹
509 2057 604 2110 τοῦ
637 2060 978 2129 προσκαίρου
1030 2060 1146 2130 βίον
1167 2061 1228 2115 τὸ
1253 2063 1553 2135 πλήρωμα,
1581 2066 1676 2118 καὶ
1703 2065 1802 2134 τῆς
1830 2082 1972 2136 παρ-

386 2148 551 2216 ούσης
583 2149 726 2218 ζωῆς
741 2149 840 2220 τὴν
861 2150 1144 2218 ἀπόθεσιν,
1176 2154 1270 2205 καὶ
1298 2157 1400 2224 τῆς
1431 2156 1489 2207 ἐν
1528 2155 1750 2226 Χριστῷ
1780 2157 1974 2227 κοιμή-

389 2253 524 2300 σεως
555 2237 654 2308 τὴν
676 2239 1052 2310 ἀπαραίτητον
1074 2239 1260 2310 ἄφιξιν
1277 2261 1290 2273 υ
1313 2236 1388 2296 ὧν
1422 2244 1521 2314 οὐχ
1545 2246 1706 2315 ἡμεῖς
1747 2245 1974 2315 δοτῆρες

387 2329 420 2400 ἢ
459 2329 686 2382 διῶκται
735 2332 1101 2402 τυγχάνομεν,
1167 2333 1305 2386 ἀλλὰ
1360 2335 1648 2406 Χριστδςό
1675 2337 1784 2390 τῶν
1835 2337 1975 2393 ὅλων

387 2423 520 2486 Θεὸς
553 2423 646 2475 καὶ
672 2422 949 2493 Δεσπότης
982 2424 1076 2476 καὶ
1126 2424 1417 2494 πρύτανις,
1442 2428 1470 2478 ὁ
1501 2424 1645 2496 ζωῆς
1675 2426 1771 2480 καὶ
1801 2428 1970 2481 θανά-

386 2531 481 2567 του
543 2515 789 2583 κατέχων
836 2514 962 2576 τοὺς
997 2515 1211 2577 οἴακας.
1243 2517 1309 2568 Τί
1335 2511 1428 2569 οὖν
1462 2517 1622 2587 ἡμεῖς
1644 2517 1782 2586 πρὸς
1802 2516 1978 2572 ταῦτὰ

337 2637 349 2646 ο
390 2621 473 2657 σοι
501 2606 862 2676 δράσομεν;ἢ
900 2607 1060 2667 ποίας
1113 2606 1418 2668 ἀθανασίας
1453 2608 1719 2678 ὀρέξομεν
1751 2609 1975 2679 φάρμα-

391 2713 519 2763 κον;
551 2698 632 2759 εἰς
659 2697 714 2748 τί
742 2697 800 2750 δὲ
828 2699 970 2769 καὶὴ
1004 2697 1170 2768 ρῶσις
1199 2698 1522 2768 δοθήσεται;
1550 2699 1584 2768 ἢ
1606 2700 1659 2752 τί
1681 2700 1782 2770 τῆς
1810 2699 1977 2769 θερα-

390 2787 544 2850 πείας
589 2788 651 2838 τὸ
700 2789 1019 2858 χρήσιμον;
1070 2788 1156 2850 τίς
1209 2787 1254 2840 δ’
1316 2789 1344 2838 ὁ
1404 2789 1576 2841 ταῦτα
1620 2789 1756 2860 πρὸς
1821 2791 1980 2860 ἡμῶν

390 2880 753 2948 κομισόμενος
781 2896 795 2944 ;
829 2879 862 2950 ἢ
894 2881 976 2942 τίς
1013 2882 1042 2933 ὁ
1069 2880 1280 2943 τούτοις
1307 2881 1594 2950 ἐντρυφῶν
1615 2881 1976 2951 δωρήμασιν;

392 2971 464 3025 Σὺ
494 2971 603 3041 γὰρ
653 2973 792 3041 μετὰ
847 2971 1188 3042 βραχυτάτου
1237 2971 1434 3042 καιροῦ
1490 2972 1561 3024 τὰ
1615 2971 1724 3026 τῶν
1772 2973 1981 3043 βροτῶν

391 3063 789 3131 καταλείψασα,
824 3065 922 3134 τὴν
938 3060 1176 3117 ’πάντων
1214 3063 1334 3116 ὁδὸν
1379 3063 1622 3127 ὀδεύσεις
1654 3064 1978 3129 ὑπνώσασα,

2062 618 2194 672 ergo
2233 619 2318 660 me
2364 605 2546 662 invos
2591 613 2914 674 peccantem
2955 603 3322 673 despexistis?
3356 611 3450 658 aut
3479 620 3643 674 quam

2060 692 2375 762 iussionem
2442 703 2752 750 vestrarum
2845 708 2932 748 me
3011 703 3451 763 transgressam,
3522 697 3648 748 sine

2063 784 2437 841 consolatione
2491 785 2808 842 transistis?
2863 793 2958 838 aut
3010 799 3184 854 quare
3231 799 3316 838 me
3369 783 3646 853 quomodo

2064 895 2164 934 vos
2207 880 2624 934 contristantem
2676 851 3152 934 misericordihus’
3185 876 3506 932 muneribus
3549 891 3646 932 ve-

2066 972 2197 1029 stris
2235 971 2536 1041 privastis?
2581 970 2647 1026 Et
2677 986 2777 1042 ego
2809 971 3030 1039 quidem
3071 969 3149 1023 nil
3192 969 3317 1022 novi
3350 983 3436 1022 me
3465 969 3517 1023 in
3547 983 3648 1024 vos

2068 1062 2386 1133 huiusmodi
2427 1061 2750 1131 deliquisse.
2790 1061 2846 1114 Si
2883 1074 3012 1114 vero
3043 1074 3071 1112 a
3098 1073 3185 1114 me
3223 1057 3520 1128 quidquam
3549 1073 3646 1114 eo-

2070 1170 2188 1210 rum
2245 1170 2368 1226 qua’:
2427 1154 2572 1208 dicta
2629 1160 2762 1208 sunt
2817 1158 3211 1222 perpetratum,
3252 1160 3306 1205 et
3355 1149 3648 1206 oblivionis

2069 1257 2220 1303 veste
2262 1254 2582 1316 coopertum
2614 1252 2721 1308 est,
2750 1243 2854 1296 hoc
2899 1241 3058 1306 mihi,
3084 1241 3337 1306 obsecro,
3373 1241 3560 1308 dicite,
3595 1249 3650 1297 et

2072 1338 2174 1393 hoc
2204 1337 2320 1406 ipsa
2344 1336 2558 1390 concite
2589 1335 2884 1402 corrigam.
2919 1349 2938 1384 ι

2142 1424 2240 1481 His
2286 1424 2465 1481 sancti
2518 1438 2548 1476 a
2602 1422 2875 1492 Rhodope.
2907 1420 3134 1488 auditis,
3165 1435 3273 1475 non
3321 1420 3652 1475 inhonorant

2069 1519 2192 1586 ejus
2252 1515 2665 1569 immaculatum
2729 1513 3204 1583 deprecationem,
3241 1494 3343 1567 sed
3401 1513 3654 1568 conversi

2072 1609 2138 1663 ad
2179 1623 2298 1663 eam
2339 1608 2545 1663 talibus
2573 1608 2721 1662 illam
2762 1613 2824 1660 et
2850 1605 2954 1675 ipsi
2987 1605 3337 1660 sermonibus
3368 1605 3656 1658 consolan-

2071 1709 2161 1755 tur
2197 1717 2212 1755 :
2250 1699 2368 1755 Non
2422 1709 2682 1769 tanquam
2725 1714 2848 1770 qua).
2908 1699 2962 1753 in
2995 1713 3098 1753 nos
3126 1698 3445 1769 deliqueris,
3471 1712 3505 1752 ο
3533 1713 3654 1751 mn-

2073 1795 2195 1860 lier,
2230 1802 2285 1848 te
2328 1793 2752 1864 praeterivimus,
2802 1807 2979 1862 neque
3018 1799 3280 1860 tanquam
3331 1804 3454 1859 quae
3491 1789 3656 1859 quid-

2074 1888 2219 1957 piam
2249 1900 2313 1939 ex
2348 1884 2574 1949 nostris,
2615 1891 2674 1937 ut
2713 1883 2816 1946 ais,
2867 1881 3160 1952 praeceptis
3204 1881 3525 1946 calcaveris,
3560 1880 3656 1936 sed

2073 1981 2202 2047 quia
2262 1977 2656 2032 resolutionem
2712 1982 2862 2029 tuam
2917 1972 3172 2028 videmus
3223 1972 3550 2042 appropiare
3603 1979 3660 2027 ct

2075 2067 2394 2140 temporalis
2447 2069 2576 2123 vita:
2623 2065 3203 2126 consummationem,
3259 2071 3314 2117 et
3373 2065 3658 2134 praesentis

2073 2161 2498 2232 depositionem,
2535 2171 2593 2215 et-
2619 2160 2674 2214 in
2701 2158 2925 2214 Christo
2953 2154 3330 2213 inevitabilem
3366 2155 3658 2210 dormitioo

2076 2257 2163 2313 nis
2197 2269 2501 2321 accessum,
2533 2265 2771 2323 quorum
2823 2251 3071 2306 omnium
3123 2262 3232 2302 non
3288 2261 3389 2302 nos
3437 2245 3659 2303 datores

2076 2352 2161 2405 vel
2219 2355 2602 2420 persecutores
2660 2358 2886 2406 sumus,
2939 2341 3034 2397 sed
3103 2339 3360 2395 Christus
3415 2339 3656 2394 omnim

2079 2443 2222 2499 Deus
2261 2450 2314 2497 et
2361 2441 2676 2496 dominator
2704 2445 2760 2492 et
2789 2435 3068 2506 princeps,
3104 2433 3198 2503 qui
3247 2432 3373 2486 vitae
3412 2445 3475 2484 ac
3512 2445 3659 2485 mor-

2078 2539 2149 2591 tis
2182 2536 2380 2591 retinet
2418 2530 2813 2605 gubernacula.
2848 2527 2991 2594 Quid
3023 2541 3156 2597 ergo
3187 2537 3287 2580 nos
3316 2523 3382 2578 ad
3413 2523 3528 2578 hare
3559 2522 3660 2578 tibi

2080 2624 2439 2698 patrahimus,
2477 2630 2572 2676 aut
2613 2615 3044 2674 immortalitatis
3093 2612 3437 2682 porrigcmus
3483 2627 3660 2666 remeo

2080 2716 2272 2771 dium?
2311 2714 2369 2768 In
2402 2729 2512 2784 quo
2546 2719 2729 2766 autem
2762 2707 2972 2764 sanitas
3004 2705 3261 2760 dabitur?
3299 2715 3392 2758 aut
3422 2718 3541 2773 quae
3579 2709 3665 2757 est

2081 2807 2383 2864 curationis
2415 2803 2663 2860 utilitas?
2695 2802 2829 2868 Quis
2866 2813 2994 2852 vero
3034 2806 3118 2852 est
3159 2799 3249 2866 qui
3287 2796 3405 2850 haec
3443 2811 3471 2848 a
3504 2795 3664 2849 nobis

2083 2899 2259 2954 ferat?
2289 2897 2375 2952 vel
2407 2896 2530 2965 quis
2565 2893 2658 2964 qui
2691 2891 2884 2946 horum
2920 2889 3160 2959 potiatur
3190 2885 3556 2941 muneribus?
3581 2885 3664 2940 Tu

2083 2993 2228 3048 enim
2257 2997 2380 3062 post
2411 2986 2689 3058 paululum
2719 2998 2839 3053 qua:
2872 2991 3000 3036 sunt
3030 2979 3342 3034 mortalium
3378 2977 3664 3040 deserens.

2084 3086 2227 3139 viam
2282 3087 2608 3136 cunctorum
2665 3074 2796 3138 ibis,
2846 3079 3174 3141 soporatura
3231 3082 3342 3140 qua
3403 3067 3660 3138 apostoli,

391 3154 458 3223 ἣν
488 3153 778 3208 ἀπόστολοι
809 3154 903 3207 καὶ
941 3156 1216 3225 προφῆται
1245 3155 1339 3207 καὶ
1378 3156 1656 3226 μάρτυρες
1704 3155 1971 3221 ὥδευσαν,

2081 3175 2356 3246 propheta:
2424 3184 2490 3224 ac
2537 3175 2804 3237 martyres
2834 3163 3112 3227 abierunt,
3154 3167 3208 3215 et
3257 3157 3514 3214 Christus
3551 3157 3668 3229 ipse

394 3249 486 3298 καὶ
523 3245 756 3316 Χριστὸς
809 3246 972 3308 αὐτὸς
999 3249 1026 3300 ό
1056 3249 1156 3316 τῆς
1209 3244 1354 3316 ζωῆς
1393 3247 1638 3316 ἀρχηγὸς
1681 3251 1976 3318 γενόμενος

393 3338 714 3409 ἄνθρωπος·
749 3341 797 3392 εἰ
826 3340 920 3391 καὶ⁸
978 3341 1222 3409 τριταῖος
1281 3338 1523 3401 ἀναστὰς
1553 3341 1680 3402 τοὺς
1708 3340 1809 3410 τῆς
1846 3341 1977 3394 ἅναο

397 3433 641 3494 στάσεως
694 3432 826 3502 ἡμῖν
882 3429 1209 3501 ἀρραϐῶνας
1273 3429 1599 3502 παρέσχετο.
1644 3431 1972 3502 Ἑγερθεῖσα

397 3524 527 3591 γοῦν
567 3523 745 3588 ἄπιθι,
808 3525 904 3577 καὶ
959 3524 1060 3594 τὴν
1108 3523 1297 3576 ἐστίαν
1357 3523 1636 3577 κατάλαϐε
1697 3524 1888 3594 πρὶνῆ
1919 3539 1978 3576 σε

395 3615 574 3685 ψυχῆς
603 3615 669 3668 ἐκ
701 3613 800 3667 τοῦ
857 3613 1112 3684 σώματος
1166 3613 1465 3668 καταλάϐοι
1513 3613 1808 3678 διάζευξις.
1874 3614 1983 3666 Καὶ

396 3706 569 3762 ταῦτα
609 3707 711 3778 μὲν
761 3709 1057 3777 φήσαντες,
1113 3707 1356 3776 ἀπῆλθον
1408 3708 1458 3759 οἱ
1510 3706 1694 3775 άγιοιο
1745 3706 1884 3774 αὐτὴ
1925 3705 1982 3758 δέ

319 3836 321 3840 -
401 3800 614 3870 πρωῒας
642 3801 720 3863 είς
751 3799 906 3852 πόλιν
937 3797 1184 3866 ἀφίκετο,
1212 3799 1306 3850 καὶ¹
1362 3797 1702 3868 θαυμάζοντι
1726 3795 1804 3867 τῷ
1830 3797 1985 3866 ἀνδρὶ

400 3891 501 3960 τῆς
548 3889 808 3944 ἐπανόδου
836 3889 899 3942 τὸ
927 3889 1202 3954 σύντονον,
1231 3887 1328 3958 τὴν
1357 3887 1466 3940 τῶν
1520 3888 1817 3958 μαρτύρων
1846 3903 1984 3956 προ-

402 3981 632 4052 φητείαν
661 3979 1025 4050 ἀπήγγελλενο
1050 3979 1146 4034 καὶ
1179 3977 1299 4049 μετ’
1325 3978 1386 4031 οὐ
1413 3977 1614 4040 πολλὰς
1644 3977 1744 4040 τὰς
1762 3978 1982 4047 ἡμέρας

401 4074 590 4136 δεινῶς
625 4073 1020 4144 ἐπιϐρύσαντος
1057 4069 1153 4123 τοῦ
1198 4071 1528 4140 νοσήματος,
1584 4068 1722 4138 πρὸς
1780 4070 1988 4137 Κύριον

404 4165 759 4235 ἐξεδήμησεν,
791 4163 867 4225 ὡς
896 4163 1046 4232 παρὰ
1072 4161 1183 4214 τῶν
1208 4160 1380 4229 ἁγίων
1413 4159 1668 4213 ἐπύθετο.
1711 4161 1905 4230 Ἡμεῖς
1927 4158 1988 4212 δὲ

405 4256 684 4315 κάνταῦθα
707 4257 804 4310 ἐπὶ
836 4258 904 4327 τῇ
934 4255 1239 4327 προρρήσει
1267 4256 1368 4323 τῆς
1407 4253 1674 4323 Ῥοδόπης
1695 4251 1982 4322 τελευτῆς»

406 4351 532 4413 τοὺς
560 4347 921 4420 προειπόντας
949 4345 1352 4416 θαυμάσαντες,
1391 4345 1488 4398 καὶ
1519 4343 1621 4414 τὴν
1655 4343 1788 4410 περὶ
1816 4343 1991 4413 αὐτῆς

406 4441 657 4511 διήγησιν
691 4437 1169 4506 καταπαύσαντες,
1217 4436 1306 4490 ἐπ’
1337 4435 1498 4490 ἄλλου
1529 4433 1808 4505 θαύματος
1838 4435 1990 4504 ἀγω-

408 4531 510 4602 γὴν
531 4531 662 4601 ἐκδη
671 4531 956 4600 μήσωμεν.

408 4620 524 4678 ΞΡ.
556 4623 697 4690 Περὶ
741 4620 1041 4674 Ἐλπιδιου
1070 4619 1178 4690 τοῦ
1208 4618 1274 4690 ἐκ
1307 4616 1676 4687 περιεργείας
1704 4615 1992 4688 δον-θυμέ·

905 4706 1016 4744 νου
1045 4689 1114 4743 τὸ
1146 4689 1493 4756 πρόσωπον.

481 4785 705 4858 Παρίτω
733 4782 872 4854 μετὰ
908 4781 1170 4850 Ῥοδόπης
1184 4779 1472 4844 Ἐλπίδιος,
1503 4776 1599 4831 καὶ
1635 4777 1762 4841 τοὺς
1781 4777 1991 4848 ἀκροα-

413 4876 510 4939 τὰς
538 4873 770 4928 ἐστιάτω
819 4871 899 4942 τῷ
929 4868 1052 4923 κατ’
1080 4867 1245 4922 αὑτὸν
1275 4865 1439 4929 εὐθὺς
1465 4865 1766 4935 διηγήματι
1795 4881 1811 4896 ·
1847 4865 1995 4919 ἐστιν

415 4968 526 5037 γὰρ
553 4964 714 5019 τοῦτο
739 4962 861 5016 λίαν
911 4959 1095 5014 ίκανδν
1145 4958 1284 5030 πρὸς
1331 4956 1594 5023 ἑστίασιν,
1649 4958 1742 5009 καὶ
1773 4957 1996 5027 τρέφειν

415 5058 552 5120 etab;
598 5054 837 5117 εὐσεϐῶς
859 5053 982 5116 τοὺς
1015 5051 1340 5112 ἀκούοντας.
1362 5044 1528 5112 Οὗτος
1560 5049 1789 5119 ἐχθροὺς
1823 5048 1986 5118 ἔχων,

415 5150 491 5214 ὼς
520 5149 720 5212 ἐοικεν,
754 5144 843 5199 ἀεὶ
881 5143 1207 5214 μοχθηρίαις
1241 5140 1604 5210 συζήσαντας,
1636 5139 1729 5192 καὶ
1751 5138 1997 5208 παρανό-

419 5258 537 5313 μων
570 5238 746 5310 ἐργων
774 5236 1014 5306 ἐργάτας
1057 5233 1428 5304 τυγχάνοντας
1450 5271 1465 5296 ,
1498 5231 1822 5302 περιεργείᾳ
1861 5229 1998 5302 πρὸς

415 5331 598 5388 αὐτῶν
628 5327 1009 5389 ὑποϐάλλεται,
1027 5326 1088 5380 οὐ
1122 5325 1462 5396 μαγγανείαν
1483 5322 1726 5386 ὑποστὰς
1747 5323 1836 5376 διὰ
1863 5321 2000 5393 βρώ-

417 5439 578 5485 σεως,
613 5420 646 5490 ἦ
675 5416 1002 5488 δηλητήριον
1025 5413 1208 5468 λαϐὼν
1231 5414 1320 5467 διὰ
1340 5413 1576 5478 πόσεως,
1601 5411 1738 5466 ἀλλὰ
1764 5410 1998 5481 πληγεὶς

419 5513 654 5586 ἀφειδῶς
693 5509 782 5564 διὰ
828 5506 1102 5577 δαίμονος,
1162 5506 1259 5559 καὶ
1311 5502 1559 5574 μυσαροῦ
1626 5503 1724 5556 καὶ
1769 5502 2001 5572 μέγιστα

421 5607 750 5679 βλάπτοντος
778 5603 1088 5671 πνεύματος
1113 5618 1126 5632 ’
1159 5601 1246 5654 ἀεὶ
1285 5600 1395 5670 γάρ
1425 5597 1592 5652 αὐτοῦ
1625 5601 1736 5652 πᾶν
1769 5599 2002 5652 ἐδονεῖτο

419 5699 482 5751 τὸ
518 5698 806 5768 πρόσωπον
829 5711 843 5725 ο
883 5691 1004 5768 καθ’
1027 5688 1087 5746 οὗ
1116 5690 1211 5743 καὶ
1231 5690 1331 5759 τὴν
1367 5689 1577 5760 πληγὴν
1606 5688 1816 5759 ὑπῆρξε
1845 5688 2004 5754 δεξά-

429 5805 588 5862 μενος
625 5803 640 5820 ο
675 5788 811 5857 ὅπερ
843 5783 1109 5846 ἀκουσίως
1150 5782 1244 5835 καὶ
1275 5780 1464 5853 βιαίως
1500 5779 1777 5850 σειόμενον
1802 5779 2002 5852 ἐαυτῷ,

2014 4515 2070 4576 D

2079 3277 2272 3324 auctor
2307 3264 2432 3320 vitae
2493 3259 2674 3314 factus
2731 3257 2916 3319 homo,
2966 3251 3221 3324 quamvis
3268 3249 3538 3305 tertianus
3581 3262 3670 3303 re-

2028 3373 2311 3427 surgens
2379 3348 2805 3408 resurrectionis
2875 3344 3039 3399 nobis
3074 3343 3269 3399 arrhas
3333 3340 3668 3411 prmstiterit.

2081 3447 2258 3515 Surge
2294 3445 2499 3512 itaque,
2531 3439 2691 3501 vade,
2725 3447 2780 3492 et
2828 3435 2896 3490 ad
2949 3432 3173 3489 domum
3222 3431 3500 3502 propriam
3547 3443 3672 3500 pro-

2081 3538 2353 3601 ﬁciscere,
2387 3541 2678 3601 antequam
2711 3537 2763 3584 te
2798 3527 2993 3582 animae
3034 3540 3063 3579 a
3103 3538 3336 3593 corpore
3368 3521 3671 3591 disiunctio

2082 3629 2284 3698 capiat.
2331 3625 2396 3680 Et
2419 3625 2506 3680 his
2555 3620 2779 3694 quidem
2827 3618 3012 3682 dictis,
3041 3615 3219 3671 sancti
3245 3611 3671 3680 abicrunt.lpsa

2083 3733 2214 3773 vero
2246 3732 2407 3772 mane
2455 3713 2522 3768 ad
2569 3711 2842 3768 civitatem
2879 3709 3126 3780 profecta
3172 3716 3276 3770 est,
3313 3714 3366 3760 et
3409 3705 3529 3760 viro
3572 3703 3672 3757 mi-

2083 3807 2225 3864 ranti
2261 3803 2600 3862 reversionis
2633 3799 3042 3871 compendium,
3078 3795 3420 3864 prophetiam
3460 3799 3671 3862 marty-

2085 3913 2208 3954 rum
2245 3895 2519 3951 recitavit.
2568 3892 2637 3945 Et
2670 3906 2778 3945 non
2811 3895 2935 3958 post
2976 3886 3180 3940 multos
3228 3884 3347 3938 dies
3388 3883 3507 3938 dire
3549 3896 3674 3952 gra-

2088 3992 2340 4041 vescente
2371 3983 2655 4053 languore,
2689 3978 2757 4033 ad
2788 3977 2956 4030 Deum
2988 3972 3232 4044 profecta
3262 3977 3367 4037 est,
3399 3978 3458 4026 ut
3486 3987 3514 4023 a
3546 3984 3676 4024 san-

2086 4076 2192 4134 ctis
2217 4075 2505 4131 didicerat.
2537 4071 2647 4126 Nos
2675 4078 2857 4124 autem
2892 4067 3058 4123 etiam
3091 4064 3180 4118 hic
3218 4077 3384 4133 super
3412 4060 3676 4116 vaticinio

2089 4165 2285 4222 mortis
2326 4162 2643 4230 Rhodopes,
2671 4159 2797 4212 illos
2835 4156 2930 4226 qui
2975 4154 3340 4225 praedixerant
3390 4149 3674 4204 admiran-

2087 4265 2194 4323 tes,
2225 4263 2281 4313 et
2311 4253 2684 4309 uenationem
2714 4249 2782 4304 de
2812 4249 2928 4318 ipsa
2962 4247 3304 4310 deserentes,
3335 4245 3404 4297 ad
3449 4241 3677 4297 alterius

2090 4348 2494 4422 institutionem
2523 4341 2778 4400 miraculi
2812 4337 3198 4411 procedamus.

2091 4621 2280 4680 LXIII.
2314 4622 2392 4682 De
2431 4619 2679 4692 Helpidio
2720 4632 2788 4674 ea:
2838 4615 3104 4687 maleﬁcio
3147 4613 3340 4685 faciem
3385 4613 3676 4683 quatiente.

2164 4790 2373 4846 Pratsto
2407 4787 2482 4844 sit
2527 4791 2652 4856 post
2685 4781 2989 4852 Rhodopen
3028 4776 3337 4848 Helpidius,
3371 4782 3428 4830 et
3458 4789 3584 4829 mox
3612 4773 3683 4828 de

2096 4897 2157 4939 se
2186 4883 2332 4937 facta
2371 4880 2642 4934 relatione
2680 4874 2882 4930 rellciat
2929 4872 3244 4935 auditores;
3279 4875 3366 4924 est
3395 4869 3539 4922 enim
3578 4866 3682 4919 hoc

2097 4975 2234 5031 satis
2257 4973 2516 5028 idoneum
2544 4968 2613 5023 ad
2638 4964 3036 5037 epulationem,
3061 4975 3126 5016 ac
3147 4960 3234 5029 pie
3258 4959 3471 5013 nutrire
3498 4956 3682 5010 sciens

2098 5064 2404 5121 audientes.
2435 5060 2538 5114 llic
2575 5059 2842 5113 nimirum
2876 5053 3131 5109 inimicos
3167 5050 3396 5111 habens,
3429 5045 3521 5115 qui
3553 5057 3676 5098 cum

2099 5169 2318 5228 semper
2359 5151 2612 5221 nequiter
2660 5152 2931 5212 viverent,
2979 5155 3032 5201 et
3074 5143 3390 5212 iniquorum
3447 5151 3675 5207 operum

2099 5226 2330 5317 operarii
2372 5251 2580 5307 essent,
2615 5238 2886 5295 maleﬁcio
2926 5237 2994 5290 ab
3039 5235 3120 5288 eis
3168 5226 3675 5291 submittitur,‘non

2105 5339 2433 5395 maleﬁcium
2470 5351 2565 5406 per
2589 5348 2773 5390 escam
2807 5340 3124 5401 perpessus,
3157 5329 3253 5378 aut
3283 5332 3554 5376 venenum
3587 5331 3684 5406 su-

2103 5443 2260 5484 mens
2289 5427 2344 5480 in
2381 5404 2535 5496 pot—u,
2574 5421 2670 5477 sed
2710 5417 2885 5490 plagis
2922 5429 3032 5469 non
3075 5407 3434 5481 parcentibus
3464 5404 3682 5496 saucia-

2105 5526 2215 5579 tus,
2256 5531 2353 5586 per
2384 5495 2699 5569 idazmonem
2730 5517 2931 5562 tetrum
2965 5519 3029 5557 ac
3065 5501 3350 5555 laedentem
3383 5495 3680 5566 plurimum

2103 5607 2392 5678 spiritum;
2447 5619 2663 5673 semper
2700 5601 2847 5656 enim
2881 5605 2994 5652 tota
3035 5595 3202 5649 facies
3249 5589 3591 5652 movebatur,
3626 5586 3681 5640 in

2105 5677 2210 5766 qua
2261 5696 2472 5765 plagam
2523 5698 2868 5760 susceperat,
2905 5701 3029 5754 qua:
3079 5698 3187 5738 non
3240 5687 3456 5746 sponte,
3488 5678 3582 5734 sed
3631 5677 3682 5729 vi

2107 5784 2333 5855 agitata,
2367 5791 2540 5839 totum
2574 5794 2766 5838 secum
2802 5772 3184 5834 commovebat
3215 5777 3384 5847 caput
3420 5767 3585 5826 simul
3625 5774 3681 5823 et
