4060 6236
396 382 539 451 3643

1310 386 1372 448 8.
1408 384 1832 451 SOPHRONII
1869 384 2376 449 PATRIARCﬂ/E
2413 381 2818 445 HIEROSOL.

3523 371 3663 439 ιθιι

396 498 618 553 callum.
647 495 862 554 Etcum
896 496 1011 555 haec
1044 506 1345 569 pateretur,
1382 501 1597 557 cunctis
1630 502 1967 572 compassio-

2075 496 2395 552 συνεσάλευε
2426 496 2604 549 πᾶσαν
2635 492 2772 563 ὁμοῦ
2800 490 2897 561 τὴν
2929 486 3169 559 κεφαλὴν
3197 482 3293 551 καὶ
3325 486 3417 541 τὸν
3447 488 3661 560 τράχη-

396 592 481 646 nis
511 590 885 661 spectaculum
924 590 1232 661 adjacebat,
1263 592 1333 648 ad
1382 593 1794 649 miserationem
1828 608 1978 649 com-

400 696 625 737 movens
668 696 788 747 eos,
820 683 915 753 qui
950 683 1096 738 hunc
1147 683 1220 737 ita
1268 683 1478 739 moveri
1520 683 1811 750 videbam;
1842 684 1974 739 Cain

395 774 542 828 enim
588 773 743 827 illum
792 789 891 844 per
943 774 1217 845 inquietas
1268 774 1532 830 facierum
1584 777 1977 832 concussiones

397 863 594 933 partim
648 865 1044 936 imaginabant,
1070 866 1165 935 qui
1211 864 1567 923 fratricidalis
1605 882 1821 937 pcenam
1854 883 1978 937 pro—

397 954 587 1022 positi,
636 961 696 1008 ut
751 969 972 1025 semper
1016 962 1275 1011 tremeret
1322 957 1552 1011 sortitus
1586 965 1705 1022 est;
1739 967 1793 1012 et
1831 956 1977 1027 quod

400 1042 505 1096 hoc
557 1042 712 1112 peius
755 1051 857 1108 est,
902 1042 1098 1101 faciem
1143 1044 1396 1100 vibrabat
1438 1045 1742 1117 Helpidius,
1774 1056 1828 1103 et
1870 1058 1978 1103 tre.

396 1135 644 1189 moribus
676 1134 843 1190 nimis
869 1133 1230 1205 aﬂligebatur.
1276 1135 1342 1189 Et
1382 1135 1525 1192 Deus
1555 1137 1779 1207 quidem
1821 1136 1974 1191 illum

397 1223 834 1279 misericorditer
871 1224 1052 1293 poenis
1089 1224 1382 1290 alliciebat,
1410 1227 1621 1282 daemon
1655 1241 1784 1283 vero
1814 1226 1980 1283 mise-

394 1315 646 1370 rabiliter
701 1314 1030 1387 ﬂagellabat.
1087 1315 1179 1371 Sic
1232 1316 1572 1373 laborantem
1632 1316 1973 1388 Helpidium,

397 1421 591 1462 otnnes
652 1407 742 1473 qui
801 1406 951 1461 hunc
1006 1407 1365 1469 intuebantur
1420 1408 1691 1464 veraciter
1747 1409 1975 1478 dignum

396 1494 782 1551 misericordia
797 1485 812 1500 ⁸
828 1495 1226 1564 decernebant;
1262 1512 1581 1568 quanquam
1638 1498 1975 1554 medicorum

395 1584 582 1640 nullus
612 1586 761 1640 hunc
787 1586 1050 1655 adjuvare
1074 1595 1305 1643 conatus
1342 1588 1438 1653 sit,
1470 1589 1564 1644 sed
1594 1603 1695 1644 nec
1732 1588 1978 1661 aspicere

398 1676 623 1731 numino
674 1676 1123 1747 pra‘sumpserit;
1182 1692 1350 1747 super
1403 1684 1573 1735 artem
1620 1678 1766 1733 enim
1817 1693 1972 1733 suam

398 1774 518 1821 erat
548 1766 860 1831 inﬂrmitas,
893 1774 948 1821 et
980 1766 1084 1821 soli
1119 1765 1232 1822 Deo
1269 1781 1300 1820 a
1339 1765 1544 1823 divinis
1573 1765 1697 1836 ejus
1735 1766 1975 1833 famulis,

2072 588 2170 643 ’λον
2196 607 2214 620 ο
2255 588 2349 641 καὶ
2400 587 2570 639 ταῦτα
2608 585 2833 655 πάσχων
2881 582 3051 634 πᾶσιν
3096 579 3273 649 θέαμα
3318 579 3660 649 συμπαθείας

2079 679 2387 751 προέκειτο,
2429 676 2564 749 πρὸς
2603 670 2785 728 οἶκτον
2817 671 2984 726 κινῶν
3025 671 3153 734 τοὺς
3182 669 3506 740 κινούμενον
3538 671 3661 741 βλέο

2080 786 2283 832 ποντας
2310 786 2326 801 ο
2363 770 2567 822 ἐκεῖνον
2618 765 2729 835 γὰρ
2769 764 2861 817 τὸν
2893 763 3035 817 Κάἳν
3065 763 3130 815 ἐκ
3172 761 3374 833 μέρους
3403 761 3657 826 είκόνιζε,

2077 864 2199 923 ταῖς
2221 861 2330 913 τῶν
2353 857 2662 929 προσώπων
2685 854 2984 916 ἀπαύστοις
3007 853 3309 923 κινήσεσιν,
3334 851 3427 904 τὸν
3448 850 3663 921 ἀδελφοο

2079 953 2268 1008 κτόνου
2299 951 2467 1020 τιμὴν
2496 948 2869 1019 προαιρέσεως
2896 946 2959 998 τὺ
2985 946 3211 1016 τρέμειν
3236 944 3324 997 ἀεὶ
3352 947 3658 1014 κομισάμει

2077 1062 2167 1099 νον
2198 1062 2212 1075 ·
2251 1044 2344 1097 καὶ
2373 1042 2562 1097 τούτου
2601 1041 2659 1094 δὲ
2683 1039 2882 1110 χείρων
2925 1037 3198 1090 ἐκλονεῖτο
3222 1037 3319 1101 τὰς
3350 1034 3505 1105 ὄψεις
3540 1034 3661 1089 Ἕλο

2079 1136 2276 1199 πίδιος,
2320 1134 2417 1190 καὶ
2445 1136 2560 1195 τοῖς
2604 1132 2828 1203 τρόμοις
2862 1128 3309 1199 ὑπερϐαλλόντως
3351 1127 3613 1198 ἐτρύχετο
3642 1140 3657 1159 ·

2078 1228 2203 1280 ὅσον
2233 1225 2367 1288 Θεὸς
2396 1225 2495 1295 μὲν
2518 1226 2727 1278 ἐκεῖνον
2756 1219 3151 1293 φιλανθρώπως
3173 1219 3420 1283 ἐκόλαζε,
3449 1219 3661 1284 δαίμων

2077 1318 2134 1371 δέ
2156 1316 2343 1371 τοῦτον
2390 1311 2787 1386 μισανθρώπως
2824 1312 3138 1384 ἐμάστιζεν.
3194 1308 3352 1364 Οὕτω
3379 1309 3659 1377 κάμνοντα

2076 1410 2168 1463 τὸν
2215 1408 2517 1474 Ἐλπίδιον,
2559 1407 2655 1460 καὶ
2697 1405 2836 1476 πρὸς
2871 1404 3090 1459 πάντων
3138 1400 3393 1471 ὁρώντων
3443 1397 3659 1469 ἀληθῶς

2030 1494 2035 1500 ’
2079 1501 2419 1571 ἐλεούμενον,
2468 1499 2668 1570 ἰατρῶν
2721 1497 2820 1568 μὲν
2849 1497 3023 1558 οὐδεὶς
3044 1494 3261 1565 βοηθεῖν
3290 1493 3657 1562 ἐνεχείρησεν,

2077 1592 2193 1647 ἀλλ’
2211 1591 2330 1644 οὗδέ
2344 1590 2574 1662 ,βλέπειν
2596 1589 2759 1643 αὑτὸν
2779 1587 2918 1650 ὅλως
2940 1586 3243 1656 ἐτόλμησεν
3265 1601 3280 1614 ο
3301 1582 3445 1653 ὑπὲρ
3462 1582 3659 1651 τέχνην

2078 1681 2187 1751 γάρ
2223 1681 2324 1751 τὴν
2358 1680 2539 1734 αὐτῶν
2567 1675 2634 1750 ἦν
2659 1678 2720 1732 τὸ
2747 1678 3110 1749 ἀρρώστημα,
3152 1675 3294 1745 μόνῳ
3327 1674 3386 1728 δέ
3414 1673 3536 1740 Θεῷ
3563 1672 3663 1725 καὶ

2077 1775 2191 1835 τοῖς
2215 1771 2379 1825 ab???)
2420 1770 2585 1834 θείοις
2616 1769 2967 1841 θεράπουσιν,
3003 1763 3089 1831 οἷς
3123 1767 3396 1837 παρέσχεν
3439 1766 3541 1819 ὅσα
3569 1765 3659 1819 θέη

393 1858 602 1928 quibus
645 1857 879 1928 praebuit
926 1872 1274 1929 quaecunque
1313 1858 1523 1925 volunt,
1556 1859 1818 1915 sanabilis
1856 1866 1976 1915 erat

2080 1862 2234 1917 λουσι
2260 1859 2541 1927 δύνασθαι,
2569 1860 2630 1914 τὸ
2658 1860 2830 1922 πάθος
2858 1861 3105 1931 ὑπῆρχεν
3138 1859 3376 1928 ίάσιμον.

394 1948 605 2018 passio.

464 2036 603 2093 Cum
633 2043 816 2094 autem
840 2037 969 2110 Cyri
998 2046 1051 2095 et
1090 2037 1316 2100 Joannis
1360 2040 1629 2095 miracula
1677 2040 1974 2111 propinqui

396 2127 671 2195 audirent,
713 2136 768 2184 et
802 2144 913 2185 non
960 2130 1139 2187 solum
1191 2130 1469 2193 audirent.
1522 2130 1619 2187 sed
1657 2140 1714 2188 et
1767 2132 1976 2203 liquido

397 2218 621 2283 scirent,
657 2218 837 2274 vicina
865 2220 1011 2276 enim
1035 2230 1121 2277 est
1150 2222 1328 2294 regio,
1357 2231 1410 2279 et
1441 2222 1834 2281 Alexandrinis
1865 2240 1975 2282 non

396 2311 581 2369 minus
621 2327 745 2383 quae
785 2320 919 2371 sunt
946 2313 1452 2371 Alexandrinorum
1504 2315 1778 2381 ediscunt,
1830 2317 1978 2374 hunc

393 2408 674 2472 gestantes
720 2401 1046 2466 adveniunt,
1098 2409 1155 2457 et
1202 2403 1269 2458 ad
1310 2413 1625 2460 sanctorum
1678 2404 1979 2476 projiciunt

395 2502 838 2557 monumentum,
868 2494 1124 2549 auxiliari
1153 2509 1249 2550 eos
1293 2495 1554 2566 languido
1587 2495 1973 2567 deprecantes.

395 2585 466 2637 At
508 2584 583 2638 illi
634 2582 865 2654 llelpidii
920 2585 1085 2640 etiam
1123 2594 1253 2641 ante
1275 2586 1685 2655 pervcntionem
1743 2587 1975 2652 miserti,

393 2672 819 2745 da-monumque
861 2674 1195 2731 insidiarum
1246 2691 1356 2732 non
1403 2677 1602 2744 nescii,
1649 2687 1976 2748 apparentes

391 2764 453 2822 in
503 2766 714 2820 somnis
762 2772 1100 2821 sanaverunt
1135 2782 1152 2833 ;
1187 2766 1381 2822 ethoc
1436 2767 1617 2824 facere
1669 2767 1736 2823 ad
1794 2767 1979 2840 perfe-

393 2862 542 2911 ctam
573 2854 850 2925 passionis
898 2856 1226 2930 pmcipiunt
1276 2857 1567 2913 sanitatem
1597 2876 1613 2914 :
1644 2873 1840 2927 aquam
1883 2859 1978 2915 tle-

394 2945 528 3023 fey‘i
559 2948 627 3002 ab
650 2946 843 3017 Adytis
870 2946 1162 3017 jusserunt
1186 2965 1202 3014 ;
1225 2957 1309 3004 est
1332 2949 1477 3004 enim
1495 2957 1748 3020 stagnum
1774 2949 1974 3022 Adyta,

394 3035 727 3092 Alexandria
767 3037 1085 3108 quingentis
1112 3037 1307 3094 stadiis
1341 3037 1552 3093 distans
1601 3039 1669 3093 ad
1716 3040 1974 3095 occiden-

391 3135 524 3193 tem,
552 3126 843 3199 Libyaeque
873 3127 1140 3182 vicinum.
1172 3128 1248 3182 Ex
1285 3128 1391 3184 hoc
1442 3127 1648 3184 ﬂuento
1678 3128 1884 3195 afferri,
1919 3140 1975 3186 ct
2003 3169 2047 3227 ο

391 3218 465 3277 ad
500 3225 694 3287 potum
726 3217 846 3272 dari
895 3214 1122 3289 patienti
1169 3220 1516 3291 praecipiunt,
1561 3229 1726 3291 atque
1765 3221 1832 3276 ad
1878 3221 1974 3276 ab-

392 3306 656 3363 luendum
715 3317 880 3377 caput
908 3314 962 3363 et
1015 3306 1231 3364 faciem.
1279 3308 1445 3365 Facta
1475 3320 1660 3366 autem
1696 3311 1977 3385 sanctione

391 3404 739 3464 sanctorum,
791 3397 1019 3454 veniens
1061 3398 1127 3453 ad
1176 3397 1465 3465 ﬂuentum,
1517 3401 1656 3456 bibit
1690 3399 1977 3472 Helpidius

394 3494 450 3543 ct
477 3494 642 3557 caput
673 3486 807 3542 lavit
833 3496 888 3543 et
916 3487 1135 3555 faciem,
1170 3496 1225 3545 et
1257 3491 1445 3559 passio
1471 3492 1657 3547 statim
1696 3508 1974 3562 nusquam

394 3576 744 3648 comparuit;
776 3586 898 3632 erat
945 3588 1127 3633 autem
1169 3595 1256 3636 res
1296 3581 1461 3651 digna
1506 3582 1792 3648 miraculo,
1842 3599 1977 3653 quo-

397 3669 546 3724 niam
604 3668 871 3725 ﬂuentum
912 3670 1194 3737 instabile,
1253 3680 1400 3727 stare
1450 3671 1645 3729 faciem
1700 3683 1756 3729 et
1811 3681 1975 3744 caput

393 3760 528 3816 fecit
557 3762 849 3830 instabile;
878 3769 932 3817 et
963 3777 1106 3831 aqua
1143 3778 1265 3832 qua;
1318 3779 1535 3834 semper
1586 3764 1736 3819 ﬂuxu
1793 3781 1975 3821 move-

396 3862 509 3917 tur,
545 3854 810 3910 reddebat
835 3854 1173 3910 inturbabile
1217 3854 1442 3910 collum.
1488 3856 1659 3925 Igitur
1691 3854 1975 3926 Helpidius

393 3944 615 4016 quidem
649 3947 831 4003 taliter
861 3947 1147 4003 curatione
1193 3956 1432 4017 reperta,
1486 3956 1540 4002 et
1585 3948 1847 4018 languore
1877 3948 1974 4005 de-

395 4038 577 4109 pulso,
607 4039 817 4096 sanctis
862 4039 1191 4095 collaudatis
1249 4040 1539 4104 abscessit,
1586 4051 1642 4095 et
1675 4040 1744 4095 ad
1775 4041 1973 4096 civita-

393 4140 508 4186 tem
549 4146 707 4188 suam
741 4134 992 4202 pervenit
1036 4134 1353 4190 incolumis.
1385 4133 1535 4201 Quos
1556 4142 1612 4191 et
1645 4150 1747 4191 nos
1784 4134 1976 4191 condi-

390 4222 522 4291 gnis
551 4222 1103 4290 bonoriﬁcationibus
1151 4224 1519 4291 celebrantes,
1563 4224 1671 4281 alia
1724 4225 1974 4297 ipsorum

390 4312 815 4367 conscribamus
851 4312 1016 4368 fortia
1063 4310 1235 4368 facta.

916 4488 1105 4545 LXIV.
1158 4487 1236 4543 De
1282 4497 1449 4544 muto.

465 4576 587 4633 Non
626 4585 711 4634 est
740 4578 945 4634 bonum
979 4586 1132 4635 muto
1161 4580 1422 4650 injuriam
1460 4579 1667 4648 facere,
1704 4582 1841 4637 licet
1865 4595 1967 4639 nos

393 4668 731 4722 calumniari
801 4675 1061 4738 tanquam
1153 4669 1409 4740 iniuriam
1496 4671 1795 4728 inferentes
1859 4686 1969 4727 non

391 4759 592 4830 possit,
636 4775 813 4831 neque
840 4759 1117 4818 dimittere
1146 4762 1369 4818 silentio
1415 4765 1667 4828 tacitum,
1702 4762 1836 4835 quia
1866 4777 1971 4819 nec

392 4853 562 4908 istum
603 4851 828 4922 gloriosi
876 4861 1144 4923 martyres
1192 4867 1413 4922 semper
1466 4862 1737 4909 tacentem
1780 4854 1974 4909 dimit-

390 4953 512 4999 tere
539 4942 686 5013 passi
719 4951 868 5009 sunt,
913 4944 1012 5000 sed
1060 4944 1409 5015 eloquentem
1450 4960 1519 5001 ex
1568 4961 1675 5000 non
1727 4946 1971 5017 loquenti

391 5036 630 5106 operati,
671 5036 810 5092 bene
856 5036 1006 5106 loqui
1056 5037 1236 5108 largiti
1271 5044 1425 5101 sunt,
1457 5052 1527 5093 ne
1567 5037 1622 5093 in
1654 5032 1759 5094 bo‘c
1796 5038 1974 5109 perfe-

389 5127 595 5184 ctionis
640 5142 833 5183 eorum
893 5127 1036 5184 desit
1098 5131 1303 5184 donum
1358 5128 1684 5198 perfectum.
1740 5130 1973 5188 Sanctos

388 5232 522 5289 ergo
550 5225 606 5273 et
643 5232 747 5275 nos
778 5218 1079 5282 imitemur.
1112 5227 1169 5276 et
1206 5219 1355 5290 quod
1401 5220 1505 5288 ipsi
1550 5231 1678 5276 tunc
1710 5223 1971 5291 operibus

389 5317 706 5381 gesserunt,
763 5310 870 5366 hoc
942 5326 1091 5366 nunc
1155 5311 1502 5367 sermonibus
1552 5310 1856 5382 faciamus;
1917 5322 1973 5370 et

389 5415 539 5464 cum,
576 5401 672 5469 qui
724 5400 890 5456 semel
926 5402 1143 5457 locutus
1193 5410 1299 5467 est,
1350 5415 1556 5457 mutum
1612 5404 1810 5459 iterum
1862 5421 1969 5461 non

391 5506 684 5560 ponamus,
712 5494 1083 5548 narrationem
1117 5495 1183 5550 de
1215 5494 1336 5565 ipso
1377 5493 1708 5558 faciendam.
1747 5496 1972 5554 silentio

392 5588 768 5650 contegentes,
787 5599 857 5639 ne
882 5583 1027 5641 forte
1050 5585 1210 5642 nobis
1240 5586 1382 5655 apud
1417 5595 1691 5657 martyras
1720 5587 1969 5657 deroget,

395 5679 455 5722 et
492 5669 700 5725 silentii
746 5672 924 5729 nostri
968 5674 1337 5731 calumniator
1367 5673 1654 5733 ellieiatur.
1691 5689 1851 5730 usum
1893 5675 1974 5730 Io-

396 5758 601 5827 quandi
629 5760 698 5816 ab
730 5762 809 5820 eis
839 5765 1066 5835 adeptus
1114 5775 1166 5822 et
1196 5774 1377 5824 tacere
1414 5765 1499 5821 vel
1542 5768 1712 5822 taceri
1755 5767 1822 5823 de
1867 5785 1971 5825 cac-

1993 4508 2049 4571 D

2147 1953 2258 2016 Τὰς
2273 1952 2517 2007 Ἰωάννου
2531 1952 2692 2006 δὲκαὶ
2708 1951 2889 2023 Κύρου
2908 1949 3351 2019 θαυματουργίας
3370 1949 3420 2001 οἱ
3442 1947 3659 2013 προσόν,

2076 2062 2169 2109 τες
2193 2043 2501 2108 ἀκούοντες,
2523 2045 2618 2098 καὶ
2635 2044 2697 2097 οὐ
2719 2043 2878 2114 μόνον
2899 2042 3190 2105 ἀκούοντες
3206 2040 3341 2093 ἀλλὰ
3355 2039 3450 2092 καὶ
3467 2038 3656 2107 σαφῶς

2077 2135 2429 2206 ἐπιστάμενοι
2452 2149 2468 2165 ⁶
2519 2133 2718 2203 γείτων
2754 2131 2864 2204 γὰρ
2894 2133 2927 2201 ή
2969 2130 3121 2202 χώρα
3161 2128 3514 2197 καθέστηκεν,
3559 2128 3655 2179 καὶ

2076 2227 2146 2282 τά
2191 2228 2302 2281 τῶν
2351 2224 2749 2296 Ἀλεξανδρέων
2788 2224 2887 2293 οὐχ
2925 2218 3089 2293 ἦττον
3114 2221 3225 2275 τῶν
3263 2216 3656 2287 ’Δλεξανδρέων

2081 2316 2463 2388 μανθάνουσιν⁸
2506 2313 2696 2369 τοῦτον
2740 2312 2967 2381 ἄγοντες
3006 2309 3276 2381 ἔρχονται,
3316 2309 3411 2362 καὶ
3444 2306 3523 2376 τῷ
3550 2305 3659 2358 τῶν

2079 2409 2250 2478 ἁγίων
2301 2406 2706 2477 προσπίπτουσι
2766 2404 3030 2474 μνήματι,
3081 2400 3295 2471 βοηθεῖν
3340 2399 3539 2462 αὐτοὺς
3578 2398 3661 2467 τῷ

2077 2497 2322 2555 νοσοῦντι
2351 2496 2594 2566 δεόμενοι
2619 2511 2635 2527 ο
2663 2495 2714 2549 οἱ
2749 2493 2806 2547 δέ
2845 2492 2936 2546 τὸν
2980 2491 3249 2544 Ἐλπίδιον
3282 2490 3377 2543 καὶ
3414 2489 3519 2557 πρὸ
3560 2486 3660 2556 τῆς

2077 2591 2315 2660 ἀφίξεως
2357 2588 2699 2658 ἐλεήσαντες,
2735 2584 2831 2639 καὶ
2850 2584 2949 2655 τὴν
2994 2581 3102 2636 τῶν
3137 2581 3408 2652 δαιμόνων
3439 2578 3656 2632 ἐπιδουο

2076 2681 2174 2752 λήν
2200 2680 2301 2734 οὐκ
2342 2678 2708 2749 ἀγνοήσαντες
2730 2718 2745 2744 ,
2778 2676 2910 2747 δναρ
2953 2674 3211 2745 φανέντες
3255 2674 3472 2727 ίὰσαντο
3508 2687 3522 2700 ·
3565 2671 3660 2724 καὶ

2074 2773 2234 2827 τοῦτο
2286 2771 2461 2825 ποιεῖν
2494 2769 2633 2840 πρὸς
2687 2766 2900 2821 τελείαν
2930 2766 3023 2820 τοῦ
3055 2764 3260 2827 πάθους
3309 2762 3660 2826 θεσπίζουσιν

2078 2867 2223 2922 ῐασιν
2250 2880 2263 2895 ·
2294 2862 2438 2933 ὕδωρ
2467 2862 2690 2929 ἐνέγκαι
2727 2859 2836 2913 τῶν
2877 2857 3111 2911 Ἀδύτων
3147 2856 3441 2911 ἐκέλευσαν
3464 2871 3478 2886 ·
3510 2854 3661 2907 ἐστιν

2076 2954 2134 3008 δὲ
2161 2953 2327 3023 λίμνη
2376 2951 2449 3005 τὰ
2479 2950 2705 3014 ¹’Λδυτα,
2759 2947 3167 3018 Ἀλεξανδρείας
3201 2945 3445 3008 σταδίους
3467 2960 3661 2998 πεντα.

2079 3042 2291 3104 κοσίους
2331 3040 2635 3110 ἀπέχουσα,
2672 3036 2809 3108 πρὸς
2850 3035 3003 3090 δύσιν
3031 3036 3124 3089 καὶ
3172 3034 3368 3105 λίμνην
3415 3033 3513 3103 τὴν
3540 3034 3659 3100 γεί-
3700 3102 3717 3109 ἔ

2077 3152 2226 3189 τονα.
2253 3132 2471 3203 Ταύτης
2510 3129 2606 3185 τοῦ
2652 3129 2893 3201 νάματος
2923 3126 3207 3197 ἐνεχθῆναι
3235 3124 3658 3197 προστάττουσι,

2080 3226 2173 3282 καὶ
2200 3224 2335 3296 πρὸς
2385 3223 2543 3276 πόσιν
2567 3222 2788 3291 δοθῆναι
2818 3219 2898 3291 τῷ
2923 3219 3204 3288 πάσχοντι,
3231 3216 3324 3269 καὶ
3351 3215 3443 3269 τοῦ
3490 3229 3663 3283 προσ.

2081 3318 2234 3373 ώπου
2262 3315 2358 3370 καὶ
2386 3315 2487 3385 τῆς
2515 3305 2760 3383 κεφαλῆς
2787 3312 2886 3382 τὴν
2926 3309 3253 3364 ἀπόπλυσιν.
3285 3307 3579 3375 Γενομένου
3605 3304 3663 3356 5‘s

2076 3409 2171 3465 τοῦ
2198 3408 2307 3462 τῶν
2336 3406 2506 3477 ἁγίων
2537 3403 2927 3475 θεσπίσματος,
2952 3401 3152 3470 ήρχετο
3183 3398 3243 3450 τὸ
3267 3399 3437 3463 vina,
3464 3393 3617 3447 ἔπιεν
3636 3396 3663 3446 ὁ

2090 3499 2373 3561 Ἐλπίδιος,
2409 3497 2503 3551 καὶ
2523 3496 2621 3565 τὴν
2643 3493 2885 3565 κεφαλὴν
2915 3492 3110 3546 ἐπλυνε
3136 3492 3232 3545 καὶ
3253 3490 3320 3543 τὰ
3349 3491 3617 3557 πρόσωπα
3647 3505 3657 3518 ·

2078 3592 2173 3647 καὶ
2197 3590 2260 3643 τὸ
2285 3588 2456 3651 πάθος
2485 3586 2646 3650 εὐθὺς
2674 3585 2882 3655 ἀφανὲς
2923 3583 3019 3637 καὶ
3049 3580 3277 3653 φροῦδον
3310 3579 3521 3647 ἐγίνετο
3549 3594 3561 3607 ο
3596 3574 3664 3647 ἦν

2075 3683 2133 3739 δὲ
2160 3684 2220 3735 τὸ
2252 3681 2484 3752 πρᾶγμα
2505 3677 2783 3747 θαύματος
2814 3674 2983 3738 ἀξιον,
3016 3674 3097 3726 ὅτι
3128 3672 3187 3725 τδ
3214 3671 3363 3750 νάμα
3388 3669 3448 3722 τδ
3487 3667 3660 3721 ἄστα-
3720 3680 3723 3683 ‘

2076 3791 2168 3828 τον
2201 3774 2325 3841 ίστη
2365 3768 2607 3839 κεφαλὴν
2634 3768 2731 3822 καὶ
2761 3765 3050 3836 πρόσωπον
3079 3761 3312 3816 ἄστατον
3340 3776 3355 3791 ο
3388 3760 3483 3812 καὶ
3512 3757 3659 3827 ὕδωρ
3744 3813 3752 3821 _

2076 3867 2138 3920 τὺ
2165 3865 2253 3919 ἀεὶ
2284 3866 2352 3935 τῇ
2400 3859 2952 3934 ῥεύσεικινούμενον.
2997 3855 3294 3925 ἀκλόνητον
3348 3852 3520 3904 ἐποίει
3570 3849 3697 3902 τὸτ⁸

2077 3956 2168 4012 ἀεὶ
2217 3953 2578 4025 κλονούμενον
2611 3950 2905 4023 τράχηλον.
2944 3946 3213 4009 Ἐλπίδιος
3258 3944 3354 4017 μὶν
3394 3938 3490 3996 οὖν
3517 3939 3661 3994 οὕτω

2075 4049 2176 4122 τὴν
2210 4047 2512 4119 θεραπείαν
2553 4044 2873 4116 εὑράμενος,
2908 4040 3006 4095 καὶ
3031 4039 3128 4109 τὴν
3160 4037 3315 4099 νόσον
3344 4033 3656 4104 ἀποτριψά-

2079 4155 2259 4211 μενος,
2282 4135 2409 4201 τοὺς
2437 4136 2630 4205 ἀγίους
2667 4133 2913 4205 ὑμνήσας
2942 4128 3218 4201 ἀπῴχετο,
3245 4127 3341 4181 καὶ
3370 4126 3470 4196 τήν
3503 4128 3657 4190 ἐνεγο

2078 4227 2325 4300 καμένην
2399 4225 2715 4300 ἐρρωμένος
2776 4220 3073 4277 κατέλαϐεν
3117 4236 3132 4251 ο
3185 4217 3280 4283 οὓς
3346 4217 3445 4271 καὶ
3502 4218 3663 4287 ἡμεῖς

2074 4318 2316 4383 ἐπαξίως
2352 4317 2723 4388 γεραίροντες,
2755 4314 2948 4384 ἑτέραν
2983 4310 3163 4366 αὐτῶν
3203 4308 3488 4380 ἀριστείαν
3519 4325 3653 4377 συγ-

2073 4409 2398 4483 γράψωμεν·

2462 4499 2579 4556 ΞΝ.
2623 4496 2759 4567 Περὶ
2784 4498 2891 4552 τοῦ
2917 4495 3280 4567 μογιλάλον.

2149 4588 2225 4644 Οὐ
2256 4586 2423 4643 καλὸν
2453 4586 2711 4656 ἀδικῆσαι
2731 4585 2822 4640 τὸν
2845 4585 3063 4652 ἄλαλον,
3106 4585 3157 4639 εί
3195 4586 3291 4641 καὶ
3329 4584 3662 4654 κατηγορεῖν

2070 4679 2228 4752 ήμῶν
2261 4680 2336 4744 ώς
2363 4677 2693 4733 ἀδικούντων
2732 4679 2794 4732 οὐ
2823 4677 3065 4742 δύναται,
3099 4677 3211 4731 οὐδ’
3247 4676 3406 4731 ἐᾶσαί
3434 4693 3498 4744 γε
3529 4692 3661 4728 σιω-

2071 4771 2349 4842 πώμενον,
2391 4769 2513 4824 ἐπεὶ
2547 4769 2684 4841 μηδὲ
2720 4768 2911 4822 τοῦτον
2934 4769 2986 4823 oi
3025 4768 3229 4834 ἔνδοξοι
3271 4767 3547 4838 μάρτυρες
3570 4765 3661 4818 ἀεὶ

2073 4861 2315 4932 σιγῶντα
2341 4861 2656 4923 κατέλιπον,
2687 4861 2823 4915 ἀλλὰ
2849 4860 3010 4915 λάλον
3038 4861 3096 4928 ἐξ
3124 4860 3340 4914 ἁλάλων
3363 4857 3659 4930 είργάσαν⁸

2072 4972 2151 5023 το,
2187 4956 2281 5009 καὶ
2307 4954 2369 5008 τὸ
2393 4950 2452 5009 εὖ
2500 4954 2685 5008 λαλεέν
2710 4953 3053 5025 ἐχαρίσαντο,
3082 4952 3177 5005 ινα
3226 4950 3301 5021 μὴ
3330 4949 3430 5019 τῆς
3452 4952 3509 5002 ἐν
3533 4947 3659 5002 τού-

2072 5063 2150 5116 τῳ
2172 5045 2535 5115 τελειότητος,
2563 5044 2624 5098 τὸ
2652 5043 2859 5096 τέλειον
2896 5043 3077 5096 αὐτῶν
3120 5042 3331 5095 λίποιτο
3387 5040 3654 5110 χάρισμα.

2072 5135 2212 5199 Τοὺς
2256 5135 2448 5203 άγίθυς
2496 5132 2591 5187 οὖν
2621 5133 2717 5187 καὶ
2751 5134 2913 5203 ἡμεῖς
2956 5129 3343 5202 μιμησώμεθα,
3398 5129 3493 5182 καὶ
3522 5127 3659 5196 ὅπερ

2072 5226 2227 5282 αὐτοὶ
2253 5227 2373 5283 τότε
2399 5227 2512 5290 τοῖς
2550 5225 2733 5297 ἔργοις
2764 5223 3111 5294 δεδράκασιν,
3159 5221 3317 5277 τοῦτο
3363 5219 3457 5273 νῦν
3498 5221 3662 5289 ἡμεῖς

2071 5317 2187 5377 τοῖς
2239 5314 2422 5382 λόγοις
2456 5314 2797 5383 ποιήσωμεν,
2856 5312 2951 5366 καὶ
2997 5311 3091 5365 τὸν
3124 5310 3271 5377 ams
3313 5309 3658 5381 λαλήσαντα.

2077 5405 2242 5459 πάλιν
2267 5405 2460 5458 ἄλαλον
2493 5404 2567 5475 μὴ
2594 5402 2894 5475 τιθῶμεθα,
2925 5402 3023 5472 τήν
3057 5401 3183 5455 κατ’
3212 5399 3375 5454 αὑτὸν
3412 5395 3662 5452 σιωπῶν’

2073 5510 2165 5557 τες
2196 5494 2468 5564 διήγησιν,
2517 5494 2712 5563 μήπως
2756 5494 2907 5563 ἡμᾶς
2952 5491 3181 5561 διαϐάλῃ
3223 5492 3337 5554 τοῖς
3367 5489 3658 5558 μάρτυσιν,

2074 5585 2169 5640 καὶ
2198 5584 2299 5653 τῆς
2325 5584 2601 5655 ἡμετέρας
2644 5584 2802 5654 σιγῆς
2833 5584 3138 5655 κατήγορος
3178 5582 3424 5652 γένηται,
3468 5579 3530 5634 τὸ
3560 5579 3663 5633 λαφ

2074 5673 2185 5726 λεῖν
2208 5673 2346 5744 πρὸς
2382 5672 2561 5726 αὐτῶν
2602 5672 2993 5744 κομισάμενος,
3024 5671 3121 5726 καὶ
3146 5672 3308 5741 σιγᾷν
3336 5668 3371 5740 ἢ
3403 5667 3664 5737 σιγᾶσθαι

2074 5765 2199 5827 τοὺς
2235 5762 2454 5828 λοιποὺς
2485 5763 2560 5834 μὴ
2589 5762 2932 5835 βουλόμενος,
2962 5763 3050 5817 ἴνα
3075 5761 3151 5834 μὴ
3172 5764 3285 5824 τοῖς
3311 5760 3472 5814 λάλον
3497 5756 3666 5837 αὑτὸν
