4060 6236
382 365 523 434 3645

1396 370 1499 432 SS.
1528 370 1702 433 CYBI
1740 370 1837 433 ET
1874 367 2196 433 JOANNIS
2228 372 2655 440 MIRACULA'

3501 363 3640 433 3645

383 478 725 546 ἀναδείξασιν
764 475 1035 550 ἀγνώμων
1060 479 1300 551 κρίνοιτο
1334 481 1428 537 καὶ
1452 483 1769 556 ἀχάριστος,
1801 484 1959 556 σιγᾷν

2085 500 2180 538 ero
2229 486 2456 552 nolens;
2491 500 2557 541 nc
2600 484 2686 543 lus
2718 484 2811 555 qui
2860 482 3206 553 cloquentem
3264 479 3412 535 hunc
3456 490 3643 539 osten-

384 572 568 628 αὐτῶν
599 572 699 634 τὰς
727 571 936 643 δωρεάς
971 573 1364 643 ἀνασχόμενος.

454 751 637 818 Φοίνιξ
685 752 929 824 ὑπῆρχεν
955 754 983 805 6
1026 752 1222 816 ἄλαλος
1240 793 1256 818 ,
1288 753 1383 807 καὶ
1408 753 1587 825 Τύρου
1617 756 1716 826 τῆς
1756 756 1966 820 πόλεως

385 848 633 918 ὥρμητο,
669 844 905 915 ἐλέγχων
939 844 1080 917 τάχα
1108 845 1284 922 ταύτῃ
1312 847 1440 909 τοὺς
1466 846 1757 918 Ἕλληνας,
1781 845 1877 900 καὶ
1899 846 1967 904 τά

384 935 553 1011 ψευδῆ
574 933 778 986 τούτων
801 934 893 986 καὶ
926 934 1145 1005 γραώδη
1184 935 1652 1004 μυθάρια.Ἔνθεν
1679 936 1789 1006 γὰρ
1820 930 1966 989 οὗτοι

384 1026 476 1080 τὸν
500 1026 719 1093 Κάδμον
744 1024 1062 1095 μυθεύονται
1088 1025 1303 1094 πρῶτον
1346 1028 1689 1098 γραμμάτων
1711 1027 1967 1096 γενέσθαι

387 1118 710 1187 γεννήτορα,
740 1116 834 1169 καὶ
861 1115 1069 1181 τούτοις
1086 1116 1310 1171 Ἐλλάδα
1334 1118 1541 1184 ξενίσαι
1573 1119 1672 1191 τὴν
1702 1122 1964 1191 ἄμουσον,

389 1210 481 1278 ἀφ’
533 1202 594 1262 οὗ
642 1208 736 1262 νῦν
799 1207 1108 1280 βλαστήσας
1166 1211 1195 1263 6
1239 1210 1432 1275 ἄλαλος
1456 1251 1470 1276 ,
1530 1212 1705 1284 σαφὴς
1749 1213 1969 1285 ἔλεγχος

390 1298 547 1369 ὤφθη
595 1297 689 1352 τοῦ
752 1299 1068 1370 πλάσματος
1112 1316 1125 1333 ·
1170 1300 1230 1355 ὃν
1276 1301 1540 1373 Ἕλληνες
1580 1303 1794 1377 ἀμαθίᾳ
1838 1323 1972 1360 κατ⁸

393 1392 698 1460 έκρυπτον,
765 1390 1032 1461 πρεσϐεῖα
1091 1391 1336 1459 Μωσέως
1388 1393 1450 1448 οὐ
1515 1394 1826 1464 βλέποντες,
1876 1397 1971 1451 καὶ

394 1482 619 1553 Κάδμου
645 1482 870 1553 χρόνους
893 1483 1173 1548 παντελῶς
1197 1484 1256 1538 ού
1290 1483 1673 1554 γινώσκοντες,
1700 1485 1795 1551 οὓς
1834 1489 1973 1558 πρὸς

395 1573 616 1644 ἔλεγχον
678 1574 1077 1645 παρατίθεσθαι
1150 1576 1407 1646 μείζονα,
1474 1578 1567 1631 καὶ
1630 1578 1973 1648 σαφεστέραν

398 1666 573 1719 ποιεῖν
612 1665 709 1735 τὴν
747 1665 956 1736 πλάνην
987 1668 1099 1730 τοῖς
1122 1665 1386 1731 θέλουσιν,
1428 1667 1457 1719 6
1495 1666 1696 1731 σκοπὸς
1724 1669 1753 1721 6
1783 1666 1974 1737 παρῲν

397 1758 497 1812 οὐκ
526 1732 759 1829 ἀφίησι,
789 1732 925 1829 πρὸς
969 1757 1161 1811 ἑαυτὸν
1192 1758 1577 1829 ἐφελκόμενος,
1611 1761 1702 1814 καὶ
1733 1732 1974 1831 πληροξῖν

398 1852 560 1905 αὐτδν
589 1851 915 1920 ἀναγκάζων
939 1852 1031 1905 τὸν
1059 1851 1326 1922 κάλαμον.
1360 1852 1558 1924 Τύριος
1582 1849 1669 1926 ἦν,
1704 1855 1780 1918 ὡς
1811 1855 1973 1926 ἔφην,

399 1943 428 1996 6
460 1941 677 2008 ἄλαλος,
721 1943 816 1996 καὶ
850 1942 1111 2011 σύγγονον
1158 1943 1283 2014 ἔσχε
1329 1945 1389 1998 τὸ
1419 1946 1653 2017 νόσημα,
1702 1946 1763 1999 ού
1798 1947 1977 2018 χρόνῳ

400 2033 504 2086 τινὶ
535 2032 748 2103 συμϐάν
773 2033 869 2087 ἀπ’
890 2033 1049 2091 ἄλλου
1083 2035 1405 2109 νοσήματος,
1443 2037 1559 2090 ἀλλ’
1589 2037 1648 2102 ἐξ
1676 2038 1846 2108 αὐτῆς
1876 2039 1978 2093 αὗ·-

400 2123 476 2192 τῷ
503 2123 789 2194 συντεχθὲν
818 2125 916 2196 τῆς
938 2128 1188 2194 κυήσεως
1211 2142 1224 2157 ⁸
1251 2127 1345 2187 καὶ
1367 2127 1525 2182 τοῦτο
1556 2129 1735 2201 λαχὼν
1768 2129 1830 2184 τὸ
1866 2131 1976 2186 πά·-

404 2214 492 2275 θος
540 2215 605 2267 ὲκ
648 2215 863 2284 φύσεως
890 2256 905 2281 ,
944 2216 1003 2269 ού
1053 2216 1310 2285 γλυκεῖαν
1358 2218 1572 2289 ἀφῆκεν
1613 2221 1799 2289 φωνὴν
1844 2222 1978 2295 πρὸς

403 2307 528 2369 τοὺς
557 2306 853 2376 φύσαντας,
890 2306 950 2360 ού
996 2310 1209 2379 μητέρα
1244 2309 1373 2363 ποτὲ
1409 2310 1714 2380 τραυλίξων
1746 2313 1979 2386 ἠγόρευ-

406 2394 515 2463 σεν,
541 2400 600 2451 οὐ
628 2399 840 2471 πατέρα
872 2399 1138 2469 ψελλίζων
1168 2401 1426 2456 ἐκάλεσεν
1458 2419 1471 2434 ν
1496 2399 1579 2470 οἷς
1608 2405 1695 2459 ἀεὶ
1720 2405 1829 2459 τῶν
1852 2406 1980 2461 παίο

402 2490 509 2544 δων
555 2493 603 2544 οί
642 2495 817 2559 γονεῖς
861 2492 1336 2562 ὲπευφραίνονται,
1385 2493 1490 2548 κᾶν
1554 2493 1862 2570 ἅναρθραῇ
1911 2499 1980 2553 τά

401 2582 777 2652 τραυλίσματα
807 2585 898 2637 καὶ
922 2582 1262 2653 ψελλίσματα
1289 2601 1304 2614 ο
1350 2586 1426 2649 ὡς
1462 2585 1734 2658 Ἀθηναῖοι
1765 2587 1826 2641 τὸ
1852 2589 1981 2663 πρὶν

403 2672 492 2726 ἐπ’
543 2673 769 2745 Αἰσχίνῃ
802 2676 896 2727 καὶ
945 2674 1278 2745 Δημοσθένει
1314 2677 1426 2740 τοῖς
1466 2678 1694 2751 ῥήτορσι
1730 2680 1825 2734 καὶ
1867 2682 1982 2746 τοῖς

402 2763 607 2819 τούτων
635 2764 960 2834 εὐγλὼττοις
992 2765 1389 2840 στομύλμασιν.

490 2941 650 3013 Ἀνὴρ
692 2941 784 2995 οὖν
816 2942 1074 3011 γεγονὼς,
1118 2945 1217 3015 τὴν
1259 2944 1504 3015 γλῶτταν
1546 2944 1691 3018 εἶχεν
1728 2949 1982 3021 ἀκίνητον

406 3034 632 3097 καὶτοῖς
653 3033 861 3095 λοιποῖς
895 3035 954 3088 οὗ
991 3036 1389 3108 συντρέχουσαν
1428 3039 1646 3110 μέλεσιν
1670 3058 1684 3072 ·
1713 3042 1808 3095 καὶ
1839 3044 1981 3112 τάχα

2068 576 2285 640 derunt,
2316 577 2498 631 minus
2534 576 2766 630 devotus
2794 589 2918 630 esse
2950 573 3297 643 judicaretur
3341 570 3548 641 pariter
3587 580 3644 626 et

2069 668 2341 737 ingratus,
2378 666 2508 721 dum
2540 667 2683 721 dona
2716 681 2905 721 eorum
2958 674 3142 720 tacere
3180 661 3481 733 pateretur.

2137 756 2369 812 thnix
2407 767 2524 812 erat
2555 766 2759 820 mutus,
2796 764 2851 810 et
2883 754 3011 826 Tyri
3066 754 3307 810 civitatis
3351 753 3640 819 oriundus,

2067 848 2407 919 redarguens
2435 846 2574 903 forte
2608 848 2697 903 hic
2726 846 2968 910 Graecos,
3015 851 3069 900 et
3127 845 3295 899 falsas
3340 844 3537 899 horum
3589 856 3643 899 et

2069 940 2244 996 aniles
2271 939 2516 995 fabellas.
2545 938 2682 1012 Hinc
2728 940 2874 996 enim
2909 939 2943 995 ii
2986 937 3229 993 Cadmon
3258 936 3498 992 fatentur
3530 937 3644 1008 pri-

2069 1048 2216 1087 mum
2246 1032 2549 1087 litterarum
2586 1032 2760 1086 fuisse
2788 1030 3137 1102 magistrum,
3167 1038 3221 1084 et
3254 1028 3340 1084 his
3375 1028 3640 1083 Graeciam

2069 1134 2414 1179 muneratum
2449 1122 2730 1178 indoctam
2765 1121 2908 1195 [cod.
2952 1119 3254 1193 miratam].
3282 1121 3327 1174 Δ
3356 1135 3466 1190 quo
3500 1136 3645 1175 ntmc

2071 1215 2389 1285 germinans
2426 1226 2632 1281 mutus,
2673 1212 2999 1269 manifestus
3056 1212 3294 1267 fictionis
3330 1211 3490 1266 index
3544 1224 3644 1283 ap-

2072 1306 2274 1378 paruit,
2313 1322 2494 1378 .quem
2545 1304 2722 1362 ϐπ·ωοὶ
2784 1302 3296 1375 indisciplinatione
3340 1301 3645 1357 absconde-

2071 1399 2225 1465 bant,
2283 1398 2579 1468 primatum
2636 1395 2810 1469 Moysi
2865 1409 2976 1450 non
3040 1392 3304 1459 videntes,
3362 1402 3417 1446 et
3457 1391 3645 1446 Cadmi

2073 1498 2318 1559 tempori
2352 1488 2531 1543 modis
2571 1487 2829 1543 omnibus
2869 1484 3222 1550 nescientes;
3271 1498 3409 1555 quos
3451 1483 3517 1535 ad
3560 1496 3649 1535 re-

2044 1581 2453 1661 ‘dargutionem
2512 1580 2775 1649 majorem
2828 1577 3254 1641 commendare,
3306 1573 3650 1629 manifestio-

2074 1686 2299 1740 remque
2345 1671 2432 1726 his
2481 1670 2574 1741 qui
2630 1670 2825 1724 volunt
2874 1683 3117 1724 errorem
3166 1666 3366 1731 facere,
3418 1667 3649 1721 intentio

2077 1777 2317 1832 praesens
2347 1777 2456 1817 non
2493 1762 2649 1825 sinit,
2676 1760 2742 1815 ad
2770 1776 2829 1816 se
2869 1774 2970 1816 nos
3000 1758 3309 1822 attrahens,
3341 1764 3395 1813 et
3423 1757 3650 1827 implere

2078 1869 2239 1911 suum
2287 1853 2558 1908 calamum
2596 1866 2820 1922 cogens.
2851 1849 3053 1924 Tyrius
3105 1857 3243 1915 erat,
3295 1856 3355 1903 ut
3382 1849 3516 1915 dixi,
3559 1839 3651 1904 ille

2078 1954 2282 2009 mutus,
2330 1954 2385 1999 et
2422 1943 2732 2013 passionem
2768 1941 3003 1998 habebat
3031 1942 3305 2013 cognitam
3354 1956 3463 1995 non
3508 1947 3651 1995 tem-

2078 2053 2212 2109 pore
2250 2037 2435 2109 aliquo
2474 2036 2543 2091 ab
2585 2036 2693 2090 alio
2747 2034 3084 2091 accidentem
3132 2035 3413 2103 languore,
3453 2031 3548 2089 sed
3582 2048 3647 2088 ex

2077 2131 2199 2203 ipso
2230 2144 2417 2187 secum
2449 2136 2607 2201 partu
2668 2133 3010 2182 nascentem.
3054 2123 3120 2179 Et
3152 2126 3295 2180 hanc
3338 2141 3403 2181 ex
3450 2132 3647 2180 natura

2079 2222 2324 2286 sortitus,
2361 2236 2467 2276 non
2504 2218 2721 2277 dulcem
2783 2216 2848 2271 ad
2899 2224 3155 2286 parentes
3203 2215 3386 2271 emisit
3437 2229 3649 2282 vocem,

2081 2330 2189 2370 non
2234 2320 2464 2369 matrem
2516 2308 2813 2382 aliquando
2843 2306 3155 2363 balbutiens
3199 2306 3509 2378 appellavit,
3541 2321 3649 2361 non

2080 2412 2288 2478 patrem
2333 2404 2485 2459 claro
2525 2402 2719 2459 saltem
2761 2406 2934 2454 multo
2979 2398 3077 2471 [ita
3114 2396 3284 2471 cod.],
3317 2399 3529 2453 vocavit
3560 2413 3653 2454 su-

2080 2511 2177 2567 per
2205 2492 2405 2565 quibus
2429 2507 2645 2563 semper
2672 2506 2966 2563 puerorum
2995 2500 3248 2559 parentes
3280 2487 3650 2555 laetiticantur,

2082 2588 2212 2642 licet
2241 2586 2361 2641 sine
2408 2582 2661 2639 articulis
2700 2582 2814 2639 sint
2860 2580 3153 2635 muttiendi
3204 2586 3261 2635 et
3315 2577 3651 2634 balbutiendi

2083 2693 2274 2735 eorum
2339 2675 2601 2742 affectus;
2662 2674 2806 2731 sicut
2853 2672 3214 2727 Athenienses
3249 2670 3457 2742 pridem
3492 2685 3657 2741 super

2082 2768 2347 2826 Aischine
2375 2768 2460 2823 vel
2508 2765 2674 2822 etiam
2727 2765 3091 2820 Demosthene
3125 2762 3436 2817 rhetoribus
3465 2767 3520 2817 et
3559 2763 3655 2816 ho-

2082 2877 2202 2919 rum
2229 2858 2494 2915 versutiis
2539 2855 2949 2928 eloquentibus.

2152 2951 2250 3008 Vir
2272 2965 2404 3022 ergo
2433 2948 2611 3004 factus
2635 2947 2878 3017 linguam
2912 2946 3249 3001 immobilem
3288 2945 3499 3009 habuit,
3531 2957 3657 2998 cum

2087 3042 2314 3114 reliquis
2345 3040 2604 3098 membris
2634 3039 2860 3094 minime
2900 3045 3316 3097 concurrentem
3358 3053 3373 3090 :
3425 3043 3479 3091 et
3518 3032 3658 3089 forte

408 3126 476 3181 ἂν
503 3126 600 3196 τῆς
625 3126 907 3198 παρούσης
931 3127 1077 3197 ζωῆς
1098 3127 1239 3182 οὕτω
1260 3129 1615 3202 ὲξεδήμησεν,
1644 3135 1693 3187 εί
1720 3132 1796 3206 μὴ
1830 3134 1983 3203 φιλό-

2086 3136 2164 3192 sie
2199 3151 2229 3189 a
2263 3132 2516 3206 praesenti
2550 3132 2659 3186 vita
2704 3130 3015 3202 migrasset,
3073 3128 3177 3183 nisi
3226 3128 3446 3200 quidam
3495 3126 3655 3181 amici

407 3216 618 3287 χριστοί
648 3233 794 3281 τινες
831 3218 924 3271 καλ¹
959 3217 1330 3290 φιλάνθρωποι
1370 3220 1555 3293 Κύρου
1585 3226 1681 3277 καὶ
1738 3225 1982 3280 Ἰωάννου

408 3307 506 3375 τὴν
539 3309 699 3378 χάριν
732 3309 1153 3377 γιγνώσκοντες,
1200 3312 1294 3365 καὶ
1336 3312 1406 3365 τὰ
1440 3313 1509 3367 δι’
1540 3314 1718 3369 αὐτῶν
1751 3319 1863 3381 τοῖς
1891 3335 1985 3371 πι-

412 3401 556 3462 στοῖς
582 3400 934 3470 παρεχόμενα
974 3401 1229 3471 θαύματα
1262 3402 1337 3466 ὡς
1377 3405 1561 3459 πιστοὶ
1588 3406 1986 3478 συμπαθήσαν-

410 3506 523 3553 τες,
554 3490 741 3544 τοῦτον
774 3491 910 3562 πρὸς
941 3493 1065 3557 τοὺς
1099 3493 1383 3566 μάρτυρας
1399 3497 1605 3571 ἤγαγον
1637 3513 1650 3527 ·
1676 3498 1805 3552 ἔνθα
1833 3501 1989 3567 γενό-

415 3598 575 3651 μενος
601 3626 618 3653 ,
661 3583 755 3635 καὶ
795 3581 892 3656 τὴν
938 3583 1118 3642 πίστιν
1153 3585 1258 3638 τῶν
1295 3587 1612 3656 ἀγαγόντων
1653 3587 1794 3660 ἔχων
1850 3607 1987 3662 πρε-

413 3671 731 3738 σϐεύουσαν,
768 3674 860 3726 καὶ
899 3667 1081 3727 οἶκτον
1104 3674 1196 3727 τδν
1245 3676 1434 3729 ἑαυτοῦ
1474 3678 1610 3749 πρὸς
1645 3674 1825 3735 οἵκτον
1861 3681 1988 3747 τοὺς

415 3762 598 3831 ἁγίους
627 3763 935 3834 ἐγείραντα,
969 3764 1125 3828 λάλος
1151 3765 1394 3836 γλώττης
1421 3768 1702 3839 ἐπέτυχεν,
1726 3770 1787 3823 οὐ
1811 3770 1989 3838 γλῶτ-

318 3938 325 3941 ﬁ
413 3871 513 3908 ταν
570 3854 737 3926 ἄλλην
792 3854 1153 3927 κτησάμενος,
1206 3857 1321 3910 ἀλλ’
1360 3852 1428 3929 ἧς
1470 3854 1614 3931 εἶχεν
1661 3861 1755 3915 τὸν
1792 3862 1992 3934 δεσμὸν

416 3942 769 4015 ἀποθέμενος.
834 3945 1061 4010 Πάντως
1113 3947 1170 4001 δὲ
1214 3947 1273 4001 τὸ
1308 3950 1596 4023 φάρμακον
1637 3951 1815 4021 λέγειν
1863 3953 1992 4008 ἀκό-

413 4032 623 4103 λουθον,
652 4035 720 4088 δι’
742 4030 802 4090 οὗ
829 4037 890 4089 τὸ
911 4040 1008 4107 τῆς
1027 4036 1270 4109 γλώττης
1297 4038 1464 4101 πάθος
1488 4040 1772 4112 ἐξέφυγεν.
1806 4044 1991 4117 ’Υδωρ

416 4125 564 4196 αύτῷ
592 4128 768 4181 πίνειν
794 4127 1107 4183 καθεύδοντι
1139 4132 1188 4183 oi
1220 4131 1364 4200 ἅγιοι
1390 4133 1647 4200 φανέντες
1673 4134 1988 4191 ἐκέλευσαν·

417 4218 479 4269 οὐ
510 4218 688 4286 λόγοις
727 4217 886 4273 τοῦτο
920 4219 1267 4286 θεσπίζοντες
1298 4222 1381 4297 (οὐ
1424 4223 1532 4297 γάρ
1571 4225 1811 4299 ἠκουεν),
1850 4227 1988 4282 ἀλλὰ

418 4306 672 4375 νεύμασι,
722 4308 939 4361 καὶτοῦ
983 4308 1225 4378 νάματος
1268 4311 1485 4376 δείξεσι.
1534 4313 1592 4368 '0
1618 4315 1675 4368 δὲ
1704 4316 1992 4387 γενόμενος

419 4395 666 4461 ἔξυπνος,
702 4398 763 4450 τὸ
782 4398 931 4470 νάμα
965 4399 1150 4471 φέρειν
1188 4399 1431 4461 ὲνένευεν
1465 4420 1480 4435 ο
1509 4404 1851 4477 ἐμεμαθήκει
1884 4407 1991 4480 γὰρ

2087 3222 2289 3278 Christi
2331 3230 2384 3278 et
2428 3221 2709 3276 hominum
2767 3228 3040 3275 amatores
3067 3259 3081 3284 ,
3126 3219 3250 3291 Cyri
3310 3234 3373 3273 ac
3433 3216 3662 3273 Joannis

2088 3314 2318 3385 gratiam
2354 3322 2408 3368 et
2436 3311 2702 3365 miracula
2735 3326 2857 3380 qua:
2891 3325 2987 3380 per
3018 3326 3112 3366 eos
3154 3316 3484 3379 praestantur
3525 3310 3660 3365 [ideo

2087 3404 2233 3459 libus
2284 3411 2715 3473 cognoscentes,
2791 3407 3054 3471 tanquam
3112 3401 3301 3457 fideles
3351 3400 3661 3471 compassi,

2088 3494 2236 3549 hunc
2274 3493 2340 3548 ad
2371 3499 2642 3564 martyras
2698 3491 3090 3558 adduxissent;
3141 3491 3233 3546 ubi
3285 3490 3444 3546 fidem
3493 3489 3663 3545 dedu-

2090 3587 2335 3643 centium
2369 3584 2604 3649 habens,
2633 3599 2757 3639 cum
2788 3584 3048 3652 venisset,
3082 3582 3530 3647 intercedentem,
3563 3597 3663 3637 nec

2090 3694 2200 3734 non
2236 3685 2291 3732 et
2323 3676 2732 3731 miserationem
2758 3675 2866 3741 sui,
2901 3674 2969 3729 ad
3003 3673 3408 3730 miserationem
3442 3674 3662 3729 sanctos

2091 3769 2443 3835 excitantem,
2476 3766 2782 3837 eloquentis
2816 3765 3059 3836 linguam
3113 3763 3344 3834 adeptus
3392 3770 3496 3828 est,
3550 3777 3659 3818 non
3742 3825 3755 3840 ι

2092 3861 2254 3917 aliam
2292 3862 2536 3933 linguam
2567 3856 2879 3930 acquirens,
2912 3857 3008 3914 sed
3037 3857 3314 3911 vinculum
3346 3854 3467 3925 ejus
3497 3869 3660 3925 quam

2091 3951 2329 4006 habebat
2386 3950 2686 4020 deponens.
2736 3946 2941 4003 Verum
2997 3954 3049 4001 et
3102 3946 3423 4001 medicinam
3478 3944 3663 3999 dicere.

2093 4042 2438 4113 c'onsequens
2470 4048 2577 4106 est,
2626 4056 2721 4111 per
2753 4055 2917 4111 quam
2968 4039 3164 4110 linguae
3214 4036 3528 4106 passionem
3561 4033 3665 4089 dif-

2095 4132 2250 4204 fugit.
2281 4132 2489 4204 Aquam
2531 4131 2579 4185 ei
2632 4129 2817 4185 bibere
2853 4128 3146 4189 dormienti
3188 4131 3509 4199 apparentes
3539 4138 3666 4179 san-

2094 4225 2169 4281 cti
2214 4224 2526 4294 jusserunt,
2587 4236 2696 4276 non
2750 4219 2934 4275 verbis
2973 4219 3076 4273 hoc
3126 4216 3503 4281 decernentes,
3554 4229 3666 4268 non

2094 4314 2240 4370 enim
2271 4312 2549 4375 audiebat,
2585 4309 2681 4364 sed
2708 4309 2934 4364 nutibus
2974 4314 3028 4362 et
3070 4305 3303 4377 lymphae
3331 4302 3666 4359 ostensioni-

2093 4402 2220 4461 bus.
2284 4403 2388 4471 Qui
2443 4384 2860 4474 expergefactus
2925 4407 2987 4453 ut
3044 4396 3309 4451 ﬂuentum
3379 4390 3721 4449 afferretur'

418 4484 507 4540 διὰ
540 4487 826 4556 νεύματος,
856 4466 899 4542 *ὅ
923 4466 1064 4543 ira;
1113 4491 1209 4545 ῐδοι
1245 4466 1791 4565 κοιμώμενοςίτοῢτο
1818 4466 1984 4555 ποὶεῖέ

2097 4466 2393 4560 innuebat;
2428 4466 2696 4548 didicerat
2735 4490 2880 4545 enim
2928 4502 3027 4558 per
3068 4494 3260 4542 nutum
3298 4493 3357 4539 ut
3402 4482 3670 4553 quidquid

420 4579 778 4646 ἀνιστάμενος
810 4595 824 4608 ·
860 4580 953 4635 καὶ
980 4579 1223 4645 δοθέντος
1251 4582 1399 4655 αύτῷ
1427 4584 1619 4641 θᾶττον
1652 4587 1746 4641 τοῦ
1779 4587 1991 4656 ὕδατος,

419 4672 712 4741 δεξάμενος
752 4672 930 4727 έπιεν.
959 4673 1071 4727 Καὶ
1120 4674 1258 4728 πιὼν
1297 4675 1498 4742 εὐθέως
1551 4676 1815 4746 ἐλάλησεν
1851 4696 1865 4712 ο
1901 4681 1997 4735 καὶ

420 4762 721 4817 λαλούντων
773 4761 1079 4833 ἀνθρώπων
1114 4765 1419 4835 ἐπήκουσεν
1457 4783 1472 4797 ·
1537 4767 1631 4820 καὶ
1672 4768 1784 4822 τῶν
1825 4769 1996 4838 ἁγίων

420 4851 734 4923 ἀπήγγελλε
796 4850 1113 4922 θέσπισμα,
1182 4853 1276 4906 τὸν
1340 4855 1551 4926 ὄνειρον
1625 4856 1806 4926 λόγοις
1862 4874 1997 4930 τρασ-

422 4943 539 4997 νέσι
577 4940 934 5013 διηγούμενος
975 4940 1067 4995 καὶ
1107 4941 1216 4996 τῶν
1253 4942 1527 5013 ὀφθέντων
1580 4945 1854 5020 γεραίρων
1897 4949 1996 5020 τὴν

346 5039 352 5046 ’
423 5033 679 5104 δύναμιν.
721 5036 725 5041 ’

495 5131 682 5196 οὕτως
726 5134 755 5187 6
787 5132 970 5202 κωφὸς
1015 5131 1347 5205 ἠκροάσατο,
1394 5128 1488 5187 καὶ
1521 5128 1683 5199 λόγον
1727 5129 1756 5182 6
1804 5130 2000 5195 άλαλος

425 5224 823 5294 ἀπεφθέγξατο,
841 5224 900 5277 οὐ
931 5224 1031 5296 τῆς
1047 5221 1358 5285 Κασταλίας
1384 5220 1717 5290 γευσάμενος
1739 5219 1998 5292 νάματος,

426 5316 525 5388 οὐχ
549 5315 692 5386 ὕδωρ
719 5315 856 5368 πιὼν
878 5315 985 5368 ἀπὸ
1004 5314 1208 5383 Στυγὸς
1240 5311 1629 5381 κατειϐόμενον
1649 5354 1666 5381 ,
1695 5314 1755 5366 οὐ
1787 5312 2001 5384 ῥεῖθρον

426 5405 776 5463 Καυκάσειον
804 5404 1164 5474 ἀρυσάμενος,
1210 5402 1492 5477 εὐφημοῦν
1519 5404 1724 5476 ἀρετὴν
1755 5404 2003 5474 Πυθαγό-

429 5514 596 5570 ρειον,
619 5498 694 5560 ὡς
731 5496 994 5568 Ἑλλήνων
1020 5498 1068 5549 οἱ
1097 5495 1256 5565 μῦθοι
1279 5496 1650 5564 θεσπίζουσιν,
1670 5499 1764 5552 καὶ
1788 5498 1896 5553 τῶν
1911 5516 2004 5570 γε·

428 5587 713 5657 γραφότων
746 5588 780 5659 ἡ
808 5584 943 5656 πρὸς
988 5585 1245 5657 ἀλήθειαν
1271 5584 1445 5639 ἔνδεια
1478 5602 1493 5617 ο
1541 5586 1657 5639 ἀλλ’
1694 5587 2004 5659 εὐτυχήσας

443 5678 689 5733 Ἰωάννου
715 5746 719 5751 ι
750 5678 843 5732 καὶ
898 5676 1082 5750 Κύρου
1142 5674 1241 5746 τὴν
1288 5676 1538 5730 κέλευσιν
1583 5678 2004 5751 ἁναπληροῦσαν

432 5767 581 5844 αὐτῷ
620 5769 763 5842 άπερ
793 5770 826 5842 ἠ
862 5767 1023 5841 φύσις
1059 5768 1408 5840 δημιουργεῖν
1437 5768 1619 5833 αὐτοῖς
1673 5767 2000 5844 παρεχώρη-

2096 4586 2307 4644 videret
2336 4584 2637 4650 dormiens,
2682 4582 2947 4652 evigilans
2978 4578 3223 4645 faceret;
3267 4583 3322 4631 et
3351 4576 3529 4631 datam
3563 4574 3668 4630 sibi

2095 4676 2367 4733 maturius
2396 4688 2592 4746 aquam
2641 4669 2884 4740 suscepit
2931 4677 2985 4723 et
3033 4665 3191 4733 bibit,
3243 4670 3297 4720 et
3331 4663 3525 4746 bibens
3553 4669 3672 4717 sla-

2086 4756 2196 4825 Vtim
2224 4741 2573 4832 locutus-cst,
2606 4772 2662 4820 et
2725 4761 2978 4818 homines
3017 4759 3307 4830 loquentes
3347 4741 3578 4818 au'divit,
3614 4761 3669 4807 et

2099 4867 2414 4917 sanctorum
2468 4856 2656 4913 retulit
2715 4851 3051 4909 sanctionem
3079 4888 3096 4917 ,
3159 4848 3432 4904 somnium
3486 4842 3672 4898 verbis

2097 4948 2373 5019 expressis
2396 4960 2685 5010 enarrans,
2725 4952 2779 4999 et
2802 4955 2993 4998 eorum
3039 4938 3133 5010 qui
3164 4942 3531 5010 apparuerant
3564 4934 3672 4986 vir-

2098 5048 2267 5095 tutem
2295 5036 2689 5093 concelebraris

2171 5128 2379 5185 Taliter
2412 5125 2616 5183 surdus
2682 5122 2909 5189 audivit,
2940 5131 2995 5177 et
3041 5118 3266 5175 verbum
3319 5121 3507 5179 mutus
3543 5124 3670 5181 pro-

2100 5219 2396 5285 nuntiavit,
2442 5232 2550 5271 non
2605 5213 2860 5270 Castaliae
2927 5218 3156 5282 gustans
3210 5206 3493 5269 fluentum,
3559 5214 3671 5255 non

2102 5325 2299 5383 aquam
2348 5309 2545 5364 bibens
2578 5321 2609 5361 a
2640 5305 2806 5379 Styge
2834 5302 3280 5362 descendentem,
3313 5311 3421 5350 non
3450 5291 3670 5348 laticem

2101 5401 2431 5458 Caucasium
2486 5392 3118 5460 hauriens,laudantem
3155 5388 3408 5442 virtutem
3463 5383 3669 5454 Pytha-

2103 5490 2367 5563 goricam,
2402 5496 2461 5542 ut
2496 5486 2777 5558 gentilium
2805 5480 3001 5537 fabula:
3039 5477 3313 5539 sanciunt,
3347 5485 3401 5530 et
3430 5473 3668 5543 scripto-

2103 5599 2226 5638 rum
2285 5589 2551 5652 quantum
2612 5570 2807 5631 attinet
2846 5571 2915 5626 ad
2968 5569 3253 5625 veritatem
3313 5567 3518 5638 inopia,
3573 5564 3670 5619 sed

2102 5675 2336 5730 Joannis
2396 5679 2451 5729 et
2498 5670 2627 5753 Cyri
2681 5666 2933 5739 jussione
2979 5661 3355 5734 potitus,quaa
3393 5657 3672 5729 suppleret

2109 5766 2187 5823 illi
2224 5763 2367 5846 quod
2402 5772 2595 5819 natura
2652 5759 2831 5815 facere
2871 5755 3239 5813 concessisset
3268 5770 3283 5821 ;
3311 5767 3419 5825 quo
3449 5762 3672 5825 apuare~
3712 5758 3722 5766 '
