4060 6236
374 401 514 469 3647

1297 412 1357 473 S.
1403 411 1825 475 SOPHRONII
1861 404 2367 475 PAT'RIARCH/E
2394 410 2797 473 HlEROSOL.

3477 415 3650 507 acts

376 522 500 568 rent
532 520 802 588 martyres
846 516 1042 573 abinde
1094 514 1625 588 sanitates'donare,
1651 530 1706 577 et
1757 537 1823 577 ea
1854 537 1975 593 quae

2080 540 2224 576 σεννθ
2275 523 2361 576 ἵνα
2401 522 2643 592 φανῶσιν
2677 522 2726 575 οἱ
2768 521 3043 595 μάρτυρες
3079 521 3286 575 ἐκεῖθεν
3329 521 3427 587 τὰς
3478 525 3652 592 ίάσεις

376 608 447 664 ad
478 608 868 679 perfectionem
897 612 1216 670 hominibus
1247 615 1477 670 deerant
1515 616 1961 682 accommodare,

376 704 522 759 unde
542 714 594 759 et
618 705 932 776 aprineipio
964 709 1305 764 nativitatem
1341 710 1520 765 sortiti
1556 719 1705 767 sunt.
1730 708 1964 779 Propter

376 793 523 865 quod
559 805 610 850 et
652 812 751 850 nos
787 811 883 852 eos
909 808 1175 867 quantum
1221 814 1517 871 possumus
1562 802 1960 867 collaudantes,

375 894 431 940 et
455 886 574 942 dari
607 888 831 943 verbum
868 888 920 943 in
948 890 1233 959 apertione
1291 893 1403 947 oris
1453 893 1848 963 supplicantes,
1886 893 1964 949 si-

375 986 469 1031 cut
499 977 660 1033 etiam
691 992 839 1032 nunc
894 980 1147 1048 praesenti
1206 991 1357 1036 muto
1386 982 1677 1047 dederunt,
1730 984 1795 1036 ad
1831 981 1964 1037 reli-

378 1082 616 1138 quorum
679 1069 1070 1124 miraculorum
1112 1073 1486 1128 narrationem
1534 1072 1792 1129 alacriter
1821 1088 1966 1144 pro-

376 1174 655 1230 peremus.

452 1269 614 1329 LXV.
644 1273 723 1330 De
752 1275 1022 1332 Theodoro
1058 1292 1195 1333 meo
1215 1288 1265 1334 et
1297 1277 1520 1336 habente
1552 1278 1901 1335 daemonium.

451 1431 533 1486 Ad
583 1440 800 1504 tempus
833 1432 998 1489 nobis
1019 1433 1160 1489 Cilix
1200 1436 1437 1493 accessit
1484 1436 1826 1507 Theodorus,
1857 1440 1975 1495 du-‘

382 1523 542 1592 plicis
572 1532 627 1578 et
656 1525 775 1594 ipse
823 1524 1163 1581 inﬁrmitatis
1189 1525 1374 1596 fugam
1425 1543 1712 1595 enarraus,
1740 1538 1795 1585 et
1832 1546 1965 1585 con-

383 1614 550 1668 scribi
586 1629 710 1669 cum
744 1616 1092 1687 praecedenti,
1120 1617 1216 1687 qui
1268 1630 1451 1674 mutus
1484 1627 1538 1674 et
1567 1621 1769 1677 surdus
1793 1623 1963 1678 exsu-

386 1711 550 1769 terat,
613 1707 800 1763 volens
846 1725 860 1773 ;
917 1707 1277 1780 duplicisque
1328 1712 1611 1783 languoris
1687 1712 1962 1785 duplicem

385 1797 618 1853 sortitus
669 1805 755 1854 est
784 1801 1099 1856 sanitatem.
1140 1801 1260 1868 Quo
1292 1802 1527 1877 benigne
1560 1814 1806 1877 recepto,
1837 1823 1966 1878 pro-

384 1897 506 1957 pter
534 1889 969 1946 benevolentiam
1007 1909 1169 1963 quam
1201 1893 1349 1950 circa
1377 1904 1647 1968 martyras
1696 1899 1881 1966 habet,
1912 1909 1966 1957 et

383 1980 630 2053 linguam
654 1983 729 2038 illi
754 1984 819 2039 ad
850 1985 1015 2041 breve
1043 1993 1260 2056 tempus
1289 1988 1639 2059 donabimus,
1664 1998 1718 2045 et
1744 2007 1969 2048 manum

390 2076 957 2144 accommodabimus,
987 2086 1042 2132 et
1078 2088 1330 2134 mutuum
1376 2082 1759 2151 praestabimus
1819 2086 1964 2140 cala-

386 2182 560 2233 mum,
606 2168 816 2224 sanctis
850 2168 1070 2224 laudem
1100 2171 1326 2238 texenti,
1353 2181 1406 2227 et
1461 2173 1719 2230 virtutem
1775 2191 1970 2231 eorum

390 2258 562 2314 ardue
614 2261 921 2330 praedicare
948 2263 1213 2319 studenti.
1252 2264 1586 2335 Incipiamus
1620 2281 1752 2336 ergo
1785 2267 1853 2323 de
1877 2267 1971 2325 illo

387 2348 612 2416 referre,
640 2351 896 2407 alacriter
924 2353 974 2406 ei
1009 2352 1193 2408 omnia
1249 2354 1406 2422 facti,
1468 2371 1666 2413 manus
1694 2358 1968 2427 videlicet,

387 2439 597 2510 lingua,
626 2449 680 2495 et
705 2439 952 2498 calamus
977 2442 1223 2527 scribere
1260 2443 1522 2501 velociter
1548 2455 1603 2501 et
1631 2448 1972 2519 amplissime

387 2527 734 2585 adhortatus.
1704 2599 1713 2607 _

458 2620 598 2676 Cilix
631 2629 750 2677 erat
773 2620 1102 2680 Theodorus
1131 2642 1195 2681 ex
1219 2626 1555 2684 Anazarbeis
1583 2639 1831 2697 exortus,
1854 2647 1978 2703 pas-

388 2712 747 2785 sionibusque
783 2716 999 2772 duabus
1017 2717 1328 2776 diﬁieilibus
1359 2729 1699 2789 eoarctatus,
1736 2740 1969 2795 quarum

389 2807 561 2861 altera
591 2807 919 2863 daemonium
978 2819 1093 2864 erat
1144 2812 1569 2881 nequissimum,
1608 2812 1782 2870 ferina
1813 2817 1973 2871 saevi-

390 2897 466 2951 tia
493 2900 913 2969 superveniens,
941 2911 997 2956 et
1028 2900 1350 2970 dirumpens
1384 2914 1604 2974 semper
1636 2921 1801 2960 omne
1824 2906 1969 2977 quod

391 2988 733 3058 invenisset;
791 2993 1071 3049 multoties
1138 2995 1307 3061 enim,
1374 3002 1436 3049 at
1476 2997 1752 3065 quondam
1819 3010 1972 3068 pater

391 3080 724 3135 danuonium
790 3083 1053 3151 patientis
1116 3084 1172 3139 in
1219 3083 1533 3156 Evangeliis
1581 3089 1645 3145 ad
1681 3091 1969 3147 Dominum

393 3167 555 3233 dixit,
575 3168 632 3223 in
686 3168 868 3241 ignem
917 3187 1041 3227 eum
1074 3178 1129 3228 et
1159 3188 1359 3243 aquam
1405 3175 1674 3245 iactabat,
1719 3181 2040 3248 occiderec

393 3257 543 3313 hunc
584 3274 694 3313 non
732 3274 966 3329 parcens
997 3277 1063 3317 ac
1093 3262 1323 3334 perdere
1372 3266 1565 3323 volens
1598 3285 1614 3336 ;
1646 3269 1817 3324 altera
1843 3286 1973 3327 vero

393 3352 686 3405 oculorum
712 3353 930 3409 caecitas
957 3367 1093 3424 erat,
1112 3371 1223 3411 non
1244 3355 1558 3414 inﬁrmitate
1578 3359 1722 3415 facta
1742 3370 1970 3430 naturae,

394 3439 493 3496 sed
524 3443 846 3510 operatione
861 3444 1127 3502 daemonis
1155 3456 1602 3518 praeparatamec
1628 3467 1694 3508 ex
1713 3454 1976 3525 languore

395 3534 670 3603 corporali
721 3536 1061 3607 superillata,
1123 3540 1218 3595 sed
1253 3555 1317 3596 ex
1356 3542 1597 3615 feritate
1624 3538 1974 3615 spiritus—in-

395 3624 602 3693 ducta;
634 3628 716 3682 sic
751 3628 1048 3700 malignum
1096 3638 1219 3687 erat
1247 3633 1603 3702 daemonium,
1655 3643 1708 3693 et
1754 3649 1979 3708 propter

395 3717 793 3773 abundantiam
853 3718 1025 3776 rabiei
1080 3722 1448 3780 malevoluml
1500 3725 1696 3782 Verum
1744 3743 1869 3783 cum
1921 3729 1978 3784 in

395 3806 484 3864 his
513 3819 662 3865 esset
692 3807 1041 3878 Theodorus,
1070 3800 1134 3870 et.
1165 3815 1301 3870 nihil
1330 3818 1572 3875 salutare
1595 3829 1861 3889 speraret,
1885 3831 1981 3877 aut

401 3897 470 3953 ab
508 3898 594 3955 bis
627 3909 756 3956 ante
786 3901 1191 3974 liberationem,
1218 3923 1341 3977 qua:
1384 3908 1444 3965 ﬁt
1477 3925 1575 3980 per
1604 3920 1858 3976 mortem,
1891 3911 1979 3967 fu-

399 4004 529 4059 gere
543 3991 894 4061 passionibus
908 4003 1252 4066 exspectaret
1273 4014 1289 4064 ;
1310 4013 1456 4053 mors
1483 4003 1629 4054 enim
1655 4015 1843 4056 revera
1862 4000 1979 4057 viro

400 4078 641 4150 requies,
661 4088 720 4135 ut
736 4081 837 4139 Job
852 4084 944 4154 qui
962 4085 1379 4158 philosophatus
1406 4098 1492 4145 est
1518 4089 1573 4144 in
1601 4091 1976 4160 passionibus.

394 4178 483 4226 est
536 4170 756 4237 aﬂatus,
814 4187 1030 4230 omnem
1096 4175 1354 4234 auferens
1423 4179 1608 4234 saeculi
1646 4179 1812 4250 hujus
1842 4179 1982 4235 diﬁi—

395 4258 685 4326 cultatem,
712 4263 1110 4334 praesentisque
1140 4264 1263 4321 vitae
1295 4266 1524 4320 multam
1558 4266 1895 4336 passionem,
1923 4275 1979 4322 et

398 4351 637 4407 multum
664 4354 907 4409 laborem
942 4355 1161 4427 ;Cyrus
1205 4368 1262 4413 et
1309 4353 1548 4414 Joannes
1577 4360 1978 4414 annuntiantur

397 4458 430 4498 a
461 4443 576 4499 Deo
603 4444 791 4499 donati
817 4446 1130 4503 damonum
1184 4447 1533 4519 expulsorcs,
1574 4457 1628 4506 et
1655 4452 1974 4520 passionum

2066 614 2418 685 δωρούμενοι,
2469 616 2564 667 καὶ
2590 615 2660 669 τά
2707 614 2843 686 πρὸς
2871 614 3153 668 τελείωσιν
3187 616 3299 678 τοῖς
3344 614 3653 687 ἀνθρώποις

2066 707 2408 772 ἐλλείποντα,
2435 707 2556 760 ὅθεν
2595 707 2654 774 ἐξ
2688 707 2866 777 ἀρχῆς
2892 707 2988 760 καὶ
3029 708 3128 778 τὴν
3167 706 3383 775 γένεσιν
3407 706 3601 778 έλαχον
3624 728 3642 744 ο

2064 799 2146 852 διὸ
2176 798 2270 851 καὶ
2304 800 2470 868 ἡμεῖς
2500 797 2576 861 ώς
2602 797 2827 851 δυνατὸν
2861 798 3061 861 αὐτοὺς
3091 796 3532 868 εύφημήσαντεςν
3559 799 3656 852 καὶ
3762 824 3769 833 '

2063 888 2247 943 δοῦναι
2276 889 2432 958 λόγον
2463 890 2521 942 έν
2553 888 2754 954 ἀνοίξει
2788 887 2880 942 τοῦ
2930 889 3200 959 στόματος
3241 888 3654 952 ἱκετεύσαντες,

2062 981 2135 1045 ὡς
2174 982 2266 1034 καὶ
2292 979 2369 1051 τῷ
2396 980 2622 1052 παρόντι
2668 979 2764 1036 νῦν
2795 980 2977 1052 ἀλάλῳ
3006 979 3326 1048 δεδώκασιν,
3356 979 3657 1052 προθύμως

2065 1073 2202 1145 πρὸς
2232 1073 2331 1146 τὴν
2353 1073 2460 1128 τῶν
2486 1072 2826 1145 λειπομένων
2846 1070 3140 1143 θαυμάτων
3161 1071 3413 1145 διήγησιν
3436 1069 3657 1142 ἐπειγό-

2069 1164 2232 1236 μεθα.
2392 1158 2395 1159 ν

2064 1273 2183 1330 ΞΕι.
2243 1276 2385 1345 Περὶ
2431 1274 2755 1399 Θεοδώρουὲ
2775 1275 2882 1330 τοῦ
2925 1276 3163 1347 τυφλοῦ
3206 1278 3308 1333 καὶ
3345 1278 3658 1349 δαιμόνιοι·

2218 1380 2225 1385 -
2479 1363 2489 1372 ι
2761 1362 2996 1399 γοντοο.

2218 1380 2225 1385 —
2479 1363 2489 1372 '
2723 1362 2996 1415 εχοντος.

2138 1434 2231 1503 Εἰς
2254 1438 2445 1510 καιρὸν
2477 1439 2611 1507 ἡμῖν
2638 1437 2667 1491 δ
2694 1434 2851 1505 Κίλιξ
2885 1440 3111 1510 ἀφῖκται
3131 1439 3405 1512 Θεόδωρος
3427 1482 3443 1506 ,
3470 1440 3656 1511 διττῆς

2067 1526 2160 1581 καὶ
2186 1527 2347 1591 αὐτὸς
2374 1527 2657 1591 ἀσθενείας
2689 1531 2881 1597 φυγεῖν
2902 1530 3275 1601 διηγούμενος,
3305 1531 3395 1584 καὶ
3424 1530 3501 1601 τῷ
3524 1549 3656 1603 προ-

2064 1618 2282 1673 λαϐόντι
2311 1618 2482 1672 θέλων
2508 1619 2920 1687 συντάττεσθαι,
2955 1620 3203 1690 γλώττης
3228 1621 3427 1689 δεσμὸν
3453 1638 3655 1690 πεφευ-

2064 1712 2183 1780 γότι
2217 1711 2311 1766 καὶ
2341 1709 2620 1782 κώφωσιν,
2646 1712 2747 1789 καῖ
2792 1712 2971 1766 διττοῦ
3012 1714 3317 1783 νοσήματος
3342 1712 3524 1782 διττὴν
3552 1711 3652 1765 λα-

2067 1803 2212 1874 χόντι
2242 1802 2341 1874 τὴν
2380 1802 2543 1857 ἴασιν.
2602 1805 2699 1857 ’ον
2743 1804 3080 1874 φιλοφρόνως
3108 1805 3409 1874 δεξάμενοι,
3441 1804 3527 1858 διά
3558 1804 3656 1876 τὴν

2071 1893 2207 1965 πρὸς
2229 1894 2357 1957 τοὺς
2390 1893 2676 1966 μάρτυρας
2705 1892 2943 1958 εὔνοιαν,
2976 1896 3071 1949 καὶ
3099 1895 3196 1965 τὴν
3226 1896 3472 1964 γλῶτταν
3503 1895 3655 1968 αὐτῷ

2072 1984 2209 2057 πρὸς
2236 1985 2409 2057 βραχὺ
2439 1984 2814 2056 χαρισώμεθα,
2850 1985 2943 2039 καὶ
2977 1986 3075 2057 τὴν
3105 1990 3264 2056 χεῖρα
3291 1986 3648 2057 δανείσωμεν,

2072 2078 2167 2131 καὶ
2191 2076 2284 2131 τδν
2310 2078 2555 2149 κάλαμον
2582 2064 2898 2151 χρήσωμεν,
2923 2080 3038 2144 τοῖς
3059 2078 3232 2143 ἁγίοις
3256 2078 3354 2148 τὴν
3381 2079 3655 2150 εὐφημίαν

2073 2169 2372 2239 ὑφαίνοντι,
2403 2170 2499 2223 καὶ
2538 2170 2637 2242 τὴν
2670 2168 2850 2226 αὐτῶν
2885 2171 3059 2242 ἀλκὴν
3085 2169 3423 2241 διαπρυσίως
3450 2171 3656 2242 κηρύτ-

2072 2279 2186 2316 τειν
2215 2262 2566 2328 σπουδάζοντι
2603 2279 2618 2294 ο
2670 2262 2965 2334 ἀρξώμεθα
2996 2262 3128 2333 γοῦν
3177 2263 3279 2333 τῆς
3332 2263 3453 2318 κατ’
3490 2264 3655 2319 αὐτὸν

2071 2355 2399 2426 διηγήσεως,
2451 2354 2747 2424 προθύμως
2780 2355 2929 2425 αύτῷ
2963 2355 3143 2410 πάντα
3184 2355 3517 2425 γιγνόμενοι,
3559 2356 3655 2409 καὶ

2073 2447 2193 2516 χεὶρ
2225 2446 2320 2501 καὶ
2348 2444 2563 2515 γλῶττα
2597 2447 2692 2502 καὶ
2723 2446 2986 2518 κάλαμος,
3011 2450 3038 2501 ό
3066 2446 3403 2517 ξυγγράφειν
3437 2448 3655 2519 εὐφυῶς

2072 2534 2446 2606 ἐπειγόμενος.

2143 2629 2302 2695 Κίλιξ
2342 2624 2410 2701 ἦν
2443 2631 2472 2683 ὀ
2500 2629 2777 2700 Θεόδωρος
2805 2628 2907 2698 τῆς
2963 2629 3343 2700 Ἀναζαρόέων
3398 2630 3653 2703 όρρώμεο·

2072 2738 2162 2785 νος
2191 2722 2415 2788 πόλεως,
2452 2722 2545 2774 καὶ
2575 2720 2773 2774 πάθεσι
2798 2720 2892 2775 δύο
2922 2721 3212 2794 δυσχερέσι
3243 2721 3614 2792 κρατούμενος
3636 2738 3650 2754 ο

2071 2805 2146 2868 ὧν
2200 2814 2260 2867 τὸ
2299 2814 2397 2885 μὲν
2437 2814 2709 2884 δαιμόνιον
2759 2807 2828 2883 ἦν
2889 2796 3274 2884 πονηρότερον,
3317 2811 3656 2882 ἀγριώτερόν

2074 2921 2193 2968 πως
2215 2904 2583 2977 ἐπερχόμενον
2613 2905 2707 2959 καὶ
2733 2904 2934 2975 ρἦσον
2963 2903 3053 2958 ἀεὶ
3080 2903 3219 2975 πρὸς
3253 2905 3362 2967 πᾶν
3404 2903 3655 2975 εὑρισκό-

2077 3010 2284 3067 μενον·
2319 2995 2579 3059 πολλάκις
2611 2994 2717 3066 γὰρ
2748 2995 2823 3058 ὡς
2845 2995 2873 3048 ὁ
2917 2993 3011 3056 τοῦ
3056 2993 3440 3066 δαιμονιῶντος
3474 2993 3655 3065 πατὴρ

2074 3082 2133 3139 ὲν
2163 3085 2520 3156 Εὑαγγελίοις
2545 3086 2681 3156 πρὸς
2710 3085 2802 3140 τὸν
2828 3084 3035 3158 Κύριον
3058 3086 3280 3156 ἔφησεν,
3306 3086 3387 3149 εἰς
3414 3085 3526 3157 πῦρ
3557 3086 3657 3138 ait»

2072 3173 2164 3230 τὸν
2190 3175 2284 3229 καὶ
2308 3174 2453 3247 ὕδωρ
2473 3175 2714 3239 ἐνέϐαλε,
2736 3175 2968 3231 κτείνειν
2991 3176 3225 3247 ἀφειδῶς
3251 3177 3345 3231 καὶ
3367 3175 3655 3232 ἀπολλύειν

2078 3262 2397 3336 βουλόμενον
2430 3280 2446 3294 °
2482 3264 2542 3319 τὸ
2586 3266 2643 3320 δὲ
2672 3262 2778 3321 τῶν
2803 3267 3067 3338 ὀμμάτων
3097 3266 3343 3339 ὑπῆρχεν
3374 3269 3406 3336 ἠ
3438 3266 3655 3337 τύφλω-

2078 3373 2182 3422 σις,
2228 3357 2330 3410 οὐκ
2358 3355 2612 3429 ἀσθενείᾳ
2645 3358 2911 3429 γενομένη
2955 3358 3054 3429 τῆς
3085 3357 3322 3427 φύσεως,
3360 3356 3476 3414 ἀλλ’
3505 3359 3657 3431 svsp-

2076 3446 2200 3518 γείᾳ.
2232 3446 2612 3518 σχεδιασθεῖσα
2633 3447 2728 3503 τοῦ
2753 3449 3030 3519 δαίμονος,
3059 3450 3159 3505 οὐκ
3185 3450 3250 3503 ὲκ
3275 3450 3429 3503 νόσου
3463 3453 3656 3521 σωμα-

2078 3539 2235 3610 τικῆλς
2278 3540 2719 3613 ὲπεισφρήσασα,
2750 3540 2869 3595 ἀλλ’
2907 3540 2968 3609 ἐξ
2996 3541 3319 3613 ἀγριότητος
3347 3541 3660 3613 πνεύματος

2078 3630 2435 3701 ἑνδημήσασα
2467 3648 2481 3661 ·
2510 3630 2653 3685 οὕτω
2677 3633 2912 3703 πονηρὸν
2940 3627 3010 3704 ἦν
3040 3632 3099 3686 τὸ
3123 3632 3428 3704 δαιμόνιον.
3469 3634 3563 3688 καὶ
3590 3633 3659 3687 δι’

2078 3721 2384 3794 ὑπερϐολὴν
2406 3721 2604 3794 λύττης
2643 3722 3050 3796 μισάνθρωπον.
3091 3723 3231 3777 Ἀλλ’
3260 3725 3317 3778 ὲν
3348 3723 3558 3787 τούτοις
3580 3724 3659 3795 τῷ

2078 3811 2337 3886 Θεοδώρῳ
2371 3815 2712 3884 τυγχάνοντι,
2749 3817 2842 3869 καὶ
2881 3815 3047 3884 μηδὲν
3075 3813 3415 3885 ωτηριῶδες
3445 3814 3536 3867 διά
3568 3814 3658 3867 τὸν

2078 3904 2270 3976 χρόνον
2294 3903 2589 3971 ἐλπίζοντι,
2621 3904 2654 3976 ἢ
2684 3904 2911 3960 τουτωνὶ
2938 3905 3047 3959 τῶν
3072 3905 3262 3960 παθῶν
3289 3905 3659 3976 προσδοκῶντι

2079 3996 2271 4062 φυγεῖν
2296 3994 2404 4065 πρὸ
2431 3994 2531 4066 τῆς
2560 3996 2624 4048 ὲκ
2659 3995 2890 4050 θανάτου
2914 3994 3257 4067 λυτρώσεωςο
3289 3995 3519 4059 θάνατος
3549 3997 3683 4068 γὰρ,

2079 4070 2249 4147 ὅντως
2293 4084 2451 4156 ἀνδρὶ
2518 4084 2849 4149 ἀνάπαυσις,
2886 4085 2962 4149 ὡς
2993 4087 3022 4139 ὁ
3046 4074 3428 4156 ’φιλοσοφήσας
3466 4087 3526 4139 έν
3553 4087 3662 4140 πά-

2080 4170 2226 4227 θεσιν
2270 4172 2390 4226 Ἰὼϐ
2420 4174 2818 4244 ἀπεφθέγξατο,
2856 4175 3034 4228 πᾶσαν
3066 4174 3307 4246 ἀναιρῶν
3356 4175 3454 4246 τὴν
3479 4175 3538 4229 ὲν
3559 4174 3661 4246 βίῳ

2076 4261 2416 4334 δυσχέρειαν,
2463 4265 2557 4318 κα)⁸
2592 4266 2693 4335 τῆς
2733 4263 3016 4335 παρούσης
3060 4264 3209 4336 ζωῆς
3240 4262 3302 4316 τὸ
3347 4263 3661 4328 πολυπαθὲς

2077 4353 2172 4408 καὶ
2223 4352 2562 4425 πολύμοχθον
2590 4369 2606 4384 ⁸
2657 4353 2840 4425 Κῦρος
2890 4354 2987 4407 καὶ
3041 4350 3293 4423 Ἰωάννης
3332 4352 3658 4421 ἠγγέλλοντο

2078 4443 2348 4516 δαιμόνων
2379 4444 2568 4500 ὲλαταὶ
2590 4444 2935 4517 θεοδώρητοι,
2974 4444 3071 4499 καὶ
3115 4443 3302 4499 παθῶν
3329 4445 3658 4514 σωματικῶν

399 4535 775 4605 corporalium
811 4538 927 4594 veri
977 4539 1429 4608 propulsatores;
1465 4549 1521 4598 et
1571 4542 1804 4599 credens
1862 4540 1975 4599 Deo

2080 4536 2299 4608 ἀληθεῖς
2343 4534 2658 4603 ἀλεξίκακοι
2689 4552 2704 4568 ι
2747 4539 2843 4592 καὶ
2891 4536 3188 4602 πιστεύσας
3240 4536 3361 4608 Θεῷ
3409 4538 3505 4591 καὶ
3548 4541 3660 4601 τοῖς

400 4632 458 4681 et
484 4626 820 4697 martyribus
855 4627 1247 4684 Alexandriam
1278 4632 1450 4699 venit,
1481 4642 1535 4688 et
1565 4632 1633 4689 ad
1659 4643 1977 4690 sanctorum

404 4720 654 4788 pervenit
680 4716 998 4789 ecclesiam,
1029 4736 1090 4778 re
1132 4720 1464 4782 denuntians
1506 4724 1630 4781 ﬁdei
1668 4741 1797 4796 erga
1824 4726 1977 4781 illum

402 4810 864 4868 immobilitatem.
883 4812 1050 4879 Quem
1071 4812 1278 4869 Christi
1302 4816 1669 4887 suscipientes
1682 4815 1893 4882 famuli,
1925 4823 1982 4874 et

405 4916 437 4955 a
460 4901 622 4957 malis
666 4902 868 4973 quibus
899 4901 1235 4960 adiciebatur
1266 4906 1593 4975 liberarunt,
1621 4917 1676 4964 et
1707 4910 1832 4965 vita:
1866 4908 1977 4966 Deo

404 4991 658 5047 amabilis
681 4992 994 5064 operarium
1042 4994 1419 5052 reddiderunt.

479 5082 814 5154 Apparentes
831 5083 977 5140 enim
1006 5085 1058 5140 ei
1089 5100 1199 5140 non
1227 5085 1398 5140 multo
1418 5096 1539 5156 post
1568 5088 1652 5144 sui
1688 5084 1979 5146 adventum

405 5187 518 5231 non
569 5172 845 5244 vigilanti,
877 5173 976 5232 sed
1028 5188 1196 5245 super
1225 5183 1401 5232 strata
1461 5177 1775 5246 dormienti,
1824 5192 1983 5252 pacta

405 5276 534 5318 cum
564 5277 629 5319 eo
658 5270 713 5319 et
762 5263 1041 5333 jussiones
1075 5264 1341 5331 inierunt,
1376 5273 1433 5322 et
1461 5266 1545 5323 sic
1592 5283 1716 5324 eum
1752 5270 1979 5341 dignum

409 5352 619 5409 faciunt
650 5354 961 5411 valetudine
993 5373 1010 5423 ;
1050 5364 1208 5425 pacta
1251 5363 1432 5414 autem
1488 5366 1542 5415 et
1574 5359 1857 5429 jnssiones
1889 5378 1986 5432 per

409 5442 537 5497 illos
567 5441 744 5512 facta,
777 5446 1133 5502 tumultuosa:
1190 5448 1314 5504 vitae
1372 5450 1730 5522 requirebant
1767 5454 1986 5526 deposi-

408 5536 642 5606 tionem,
673 5549 728 5596 et
756 5542 882 5597 vitae
912 5543 1235 5600 monasticae
1268 5546 1620 5618 tranquillam
1677 5550 1986 5622 susceptio-

412 5643 563 5684 nem.
591 5629 716 5687 llzec
735 5632 883 5688 enim
931 5634 1044 5692 illis
1072 5651 1105 5690 a
1131 5636 1341 5694 sanatis
1363 5645 1451 5694 est
1476 5652 1691 5695 merces
1723 5648 1805 5697 ter
1835 5656 1985 5696 ama-

338 5752 346 5760 -
414 5716 570 5780 bilis,
598 5722 724 5776 vitae
756 5725 1055 5782 correctio.
1104 5725 1260 5785 Unde
1292 5728 1431 5785 tales
1488 5737 1545 5786 et
1591 5731 1891 5802 recipiunt,
1931 5742 1986 5788 et

419 5813 644 5864 sanatos
677 5810 860 5869 statim
890 5812 1197 5875 dissolvunt
1229 5835 1245 5886 ;
1275 5824 1330 5875 et
1359 5817 1464 5874 hoc
1530 5817 1878 5876 manifestum
1902 5825 1986 5877 est

2085 4630 2377 4703 μάρτυσιν,
2404 4632 2484 4695 είς
2526 4629 2932 4702 Ἀλεξάνδρειαν
2961 4629 3201 4701 ἔρχεται,
3233 4629 3327 4687 καὶ
3355 4628 3464 4681 τῶν
3488 4630 3661 4699 ἁγίων

2082 4721 2491 4793 καταλαμϐάνει
2527 4720 2588 4775 τδ
2628 4723 2857 4793 τέμενος
2879 4761 2896 4790 ,
2943 4721 3090 4794 ἔργῳ
3122 4721 3408 4793 κηρύττων
3435 4722 3536 4791 τῆς
3578 4722 3662 4784 εις

2081 4813 2245 4867 αὐτὸν
2272 4812 2510 4878 πίστεως
2530 4812 2595 4868 τὸ
2617 4812 2973 4882 ἀκράδαντον·
2997 4812 3056 4867 δν
3082 4811 3383 4884 οἱΧριστοῦ
3403 4811 3661 4876 λαϐόντες

2082 4900 2434 4975 θεράποντες,
2457 4902 2555 4956 καὶ
2578 4901 2685 4957 τῶν
2712 4903 3043 4974 συνεχόντων
3066 4902 3252 4957 δεινῶν
3280 4901 3662 4972 ἠλευθέρωσαν

2081 4993 2177 5047 καὶ
2217 4991 2332 5064 βίου
2363 4992 2643 5062 θεοφιλοῦς
2677 4995 2912 5065 ἐργάτην
2939 4992 3235 5058 ἀνέδειξαν.

2151 5083 2415 5148 Φανέντες
2443 5084 2552 5157 γὰρ
2580 5083 2728 5154 αύτῷ
2774 5084 2893 5154 μετ’
2918 5084 2978 5136 ού
3006 5083 3141 5137 πολὺ
3169 5083 3268 5154 τῆς
3297 5080 3531 5150 ἀφίξεως
3549 5119 3565 5145 ,
3593 5080 3658 5134 ού

2083 5177 2463 5248 γρηγορούντι,
2512 5175 2626 5230 ἀλλ’
2653 5177 2748 5230 ἐπὶ
2789 5162 2901 5230 τῶν
2935 5176 3270 5247 στρωμάτων
3322 5174 3656 5239 καθεύδοντι,

2086 5268 2362 5339 συνθήκας
2420 5268 2555 5341 πρὸς
2583 5268 2745 5321 αὐτὸν
2777 5268 2869 5321 καὶ
2925 5271 3326 5338 προστάγματα
3374 5266 3655 5321 τίθενται·

2086 5359 2182 5413 καὶ
2204 5352 2308 5413 εἶθ’
2335 5358 2506 5424 οὕτως
2524 5360 2685 5413 αὐτὸν
2716 5357 2923 5423 ἀξιοῦσι
2955 5359 3054 5429 τῆς
3081 5358 3300 5430 ῥώσεως
3320 5375 3333 5388 ·
3360 5359 3417 5413 αἱ
3450 5357 3508 5412 δὲ
3530 5374 3660 5412 συνη

2086 5450 2273 5521 θῆκαι,
2317 5452 2413 5505 καὶ
2440 5451 2509 5506 τά
2542 5452 2610 5505 δι’
2648 5451 2829 5506 αὐτῶν
2857 5451 3119 5521 γεγονότα
3150 5448 3525 5521 συντάγματα,
3557 5450 3662 5520 τῆς

2085 5540 2432 5614 ταραχώδους
2472 5542 2619 5614 ζωῆς
2668 5542 2910 5615 ἀπῄτουν
2958 5542 3241 5608 ἀπόθεσιν,
3271 5542 3366 5595 καὶ
3404 5539 3520 5611 βίον
3558 5557 3659 5611 μορ

2085 5633 2150 5703 νή
2161 5650 2285 5703 ρους
2310 5632 2652 5704 γαληνιῶσαν
2683 5633 2945 5706 ἀνάληψιν
2975 5648 2991 5664 ·
3014 5631 3153 5705 αὕτη
3174 5633 3284 5704 γὰρ
3310 5633 3491 5695 αὐτοῖς
3524 5632 3662 5704 πρὸς

2087 5726 2195 5779 τῶν
2258 5725 2615 5796 ῥωννυμένων
2691 5725 3019 5795 μισθοπορία
3075 5724 3426 5795 τριπόθητος,
3488 5725 3522 5795 ή
3564 5723 3659 5777 τοῦ

2090 5816 2206 5886 βίου
2254 5816 2506 5886 τυγχάνει
2559 5814 2861 5887 διόρθωσις.
2903 5814 3066 5869 Ὅθεν
3095 5817 3222 5877 τοὺς
3259 5812 3529 5878 τοιούτους
3563 5812 3662 5884 καὶ
