4060 6236
419 295 560 361 3649

1420 294 1524 354 SS.
1559 291 1736 354 CYRI
1787 290 1883 352 ῙσιΤ
1915 288 2239 352 ΙΟΛΝΝΙΞ
2272 291 2687 353 MIRACULA.

3556 293 3702 362 36.50

419 405 715 478 γεγηθότες
764 403 1173 476 προσδέχονται,
1205 401 1297 456 καὶ
1329 401 1641 474 ρωσθέντας
1668 400 1830 463 εὐθὺς
1871 400 2009 452 ἀπο-

2130 414 2176 454 :x
2238 399 2426 454 multis
2481 401 2703 470 quidem
2762 399 2909 464 aliis,
2952 415 3060 456 non
3086 403 3270 460 minus
3331 411 3514 460 autem
3552 416 3607 461 et
3635 425 3698 461 ex

417 500 637 552 λύουσιν
669 513 682 527 ·
717 496 811 549 καί
857 495 1015 548 τοῦτο
1042 495 1198 565 δῆλον
1228 496 1293 548 ὲκ
1336 494 1546 548 πολλῶν
1580 494 1678 564 μὲν
1712 492 1808 545 καὶ
1830 491 2004 546 ἄλλων

420 588 785 658 καθέστηκεν,
843 588 942 656 οὐχ
987 580 1150 658 ἧττον
1193 585 1248 639 δὲ
1279 586 1371 638 καί.
1411 585 1507 638 τοῦ
1549 585 1814 655 παρόντος
1850 583 2007 662 ἡμῶν

418 679 1073 754 διηγήματος.Ἐλθόντες
1101 679 1229 749 γὰρ,
1257 678 1332 742 ὡς
1363 677 1532 748 ἔφθην
1563 676 1754 742 εἰπὼν,
1773 678 1852 739 εἰς
1881 675 2008 728 Θεό-

421 775 614 846 δωρον,
642 773 852 837 Θέλεις,
879 772 1086 841 ἔλεγον,
1115 770 1272 841 ὑγιὴς
1303 769 1579 838 γενέσθαι,
1608 769 1885 839 Θεόδωρε;
1913 766 2007 820 τοῦ

419 869 477 923 δὲ
499 866 931 929 κατανεύσαντος
965 865 1058 918 καὶ
1101 863 1180 928 τὸ,
1226 863 1355 928 Ναὶ,
1399 861 1475 933 τῷ
1502 860 1731 932 στόματι
1760 859 2010 925 λέξαντος

424 959 499 1019 (τί
537 960 646 1032 γὰρ
687 959 786 1012 οὐκ
825 957 1051 1028 ἔμελλεν
1094 956 1152 1008 ὲν
1187 954 1426 1026 τοσούτῳ
1454 953 1610 1024 κακῷ
1647 952 2008 1023 πιεζόμενος),

425 1053 585 1105 πάλιν
624 1053 671 1102 οἱ
721 1050 994 1121 μάρτυρες
1047 1047 1286 1117 ἔφασκον
1321 1062 1334 1075 ·
1374 1047 1436 1099 Εἰ
1487 1045 1652 1116 βούλῃ
1693 1045 1876 1114 τυχεῖν
1914 1044 2011 1111 τῆς

427 1149 624 1209 ἰάσεως
657 1143 752 1198 καὶ
787 1146 981 1212 φυγεῖν
1014 1144 1114 1213 τῆς
1139 1141 1427 1205 ἀσθενείας
1465 1140 1557 1193 τὸν
1589 1137 1855 1204 κίνδυνον,
1886 1137 2013 1188 σύν-

426 1239 519 1293 θου
549 1239 680 1309 ήμίν
709 1237 782 1300 ὡς
808 1235 1112 1306 σωζόμενος
1147 1236 1314 1299 οἰκεῖς
1331 1234 1596 1306 Ἰορδάνου
1622 1231 1715 1287 τοῦ
1743 1232 1887 1285 θείου
1919 1248 2014 1283 πο-

423 1330 601 1402 ταμοῦ
629 1329 727 1401 τὴν
756 1329 1010 1400 οὐράνιον
1058 1327 1286 1400 ἔρημον,
1325 1327 1453 1382 ἔνθα
1484 1326 1718 1398 Χριστὸς
1751 1329 1779 1379 ὁ
1823 1325 2014 1396 Σωτὴρ

427 1424 681 1479 ἁπάντων
703 1421 1089 1493 βεϐάπτισται,
1114 1422 1207 1474 καὶ
1219 1421 1424 1491 ταύτης
1445 1421 1684 1490 οἰκήτωρ
1706 1419 2011 1489 γινόμενος,

429 1517 616 1588 σχῆμα
643 1514 912 1583 μοναστοῦ
944 1516 1038 1568 καὶ
1065 1515 1302 1586 τρόπους
1323 1513 1680 1578 ὲνδείκνυσαι,
1697 1512 1789 1566 τὸν
1818 1513 2019 1566 Barm-

429 1609 560 1678 στὴν
602 1608 856 1679 Ἰωάννην
888 1607 1226 1678 μιμούμενος
1249 1647 1264 1672 ,
1290 1607 1382 1659 τὸν
1412 1603 1616 1676 ταύτης
1642 1605 1892 1674 οἰκιστὴν
1922 1602 2018 1657 καὶ

427 1700 652 1768 πολίτην
677 1698 996 1768 γενόμενον·
1031 1698 1123 1750 καὶ
1160 1698 1258 1768 τὴν
1296 1697 1463 1769 ρὦιν
1495 1695 1562 1749 δι’
1585 1695 1740 1768 ήμῶν
1767 1694 1899 1758 Θεός
1936 1712 2018 1751 σοι

427 1791 732 1864 χαρίζεται,
772 1790 869 1842 καὶ
893 1787 1182 1858 λυτροῦται
1215 1789 1314 1857 τῆς
1361 1786 1472 1839 τῶν
1516 1786 1800 1858 παρόντων
1834 1785 2013 1839 κινδύ-
2041 1772 2089 1831 Β

428 1901 534 1937 νων
561 1882 857 1946 κολάσεως.

501 1972 842 2042 Συνθεμένου
871 1971 927 2024 δὲ
955 1971 1149 2026 θᾶττον
1180 1969 1272 2024 τοῦ
1305 1971 1621 2042 πάσχοντος,
1651 1967 1744 2022 καὶ
1774 1964 2015 2036 πλτςροῦν

428 2057 608 2110 αὐτῶν
659 2053 1012 2126 ὀμωμοκότος
1065 2053 1162 2126 τὴν
1196 2055 1478 2118 κὲλευσιν,
1517 2051 1719 2115 εὐθέως
1765 2051 1815 2103 οί
1869 2050 2017 2117 ἆγιοι

431 2149 527 2202 καὶ
554 2149 616 2202 τὸ
660 2148 939 2219 δαιμόνιον
981 2147 1057 2210 ὼς
1099 2147 1394 2217 μαστιγίαν
1435 2145 1560 2210 τινὰ
1601 2145 1696 2198 καὶ
1735 2143 2017 2216 δραπέτην

431 2239 747 2293 ἐλαύνουσιν
776 2279 790 2301 ,
840 2239 935 2291 καὶ
979 2237 1079 2308 τὴν
1132 2238 1237 2290 τῶν
1289 2235 1582 2307 ὀφθαλμῶν
1619 2235 2017 2306 θεραπεύουσιν

429 2331 726 2401 τύφλωσιν,
760 2331 827 2401 ἢν
861 2330 1042 2400 ἐαυτῷ
1080 2328 1140 2382 τὸ
1171 2329 1450 2398 δαιμόνιον
1473 2327 1891 2397 συνεισήγαγεν,
1923 2326 2020 2378 αὐ-

433 2425 523 2476 τὸν
547 2422 647 2494 μὲν
661 2419 992 2490 κελεύσματι
1022 2419 1481 2489 φυγαδεύσαντες,
1512 2417 1718 2487 ταύτην
1746 2416 1802 2470 δὲ
1827 2418 1893 2487 τῇ
1923 2415 2019 2486 τῆς

434 2512 688 2582 κηρωτῆς
719 2511 958 2564 ἐπιθέσει
977 2509 1286 2576 διώξαντες.
1340 2507 1614 2578 Θεόδωρος
1636 2506 1692 2560 δὲ
1724 2506 1821 2576 τὴν
1845 2503 2021 2574 φυγὴν

434 2601 540 2652 τῶν
573 2599 849 2653 άνιώντων
882 2597 1182 2669 εὑράμενος
1209 2636 1223 2659 ,
1261 2600 1356 2650 καὶ
1396 2595 1494 2666 τήν
1531 2595 1699 2666 ρώσιν
1726 2594 1818 2647 ἐπὶ
1847 2591 2021 2664 ταύτῃ

435 2692 797 2762 δρεψάμενος,
833 2690 1237 2760 εὐχαριστήσας
1280 2689 1403 2742 ὅσον
1438 2681 1548 2752 οἷός
1578 2703 1638 2738 τε
1669 2681 1739 2757 ἦν
1773 2685 1867 2738 κοιλ⁸
1897 2684 2023 2754 ἠδύ-

437 2801 587 2849 νατο,
620 2781 1032 2852 καταλαμϐάνει
1060 2781 1159 2850 τὴν
1187 2780 1413 2850 ἔρημον,
1442 2779 1665 2832 κάκεῖσε
1697 2777 1898 2848 πληροῖ
1923 2776 2022 2844 τὴν

435 2877 544 2930 τῶν
576 2874 745 2942 ἁγίων
795 2873 1020 2942 θεοφιλῆ
1065 2873 1161 2925 καί⁵
1211 2869 1517 2940 σεδασμίαν
1545 2867 1788 2934 διάταξιν
1817 2882 1831 2896 ο
1866 2868 2023 2936 ἡμεῖς

438 2967 496 3020 δὲ
543 2965 768 3028 τούτους
813 2964 1220 3034 θαυμάσαντες,
1296 2962 1390 3014 καὶ
1432 2963 1530 3032 τῆς
1577 2961 1658 3022 είς
1702 2957 2026 3028 ἀνθρώπους

440 3058 590 3121 θείας
616 3057 793 3111 αὐτῶν
836 3055 1114 3128 κηδαινίας
1147 3055 1251 3128 [ita
1280 3053 1423 3126 emt]
1456 3053 1618 3126 χάριν
1658 3050 2020 3121 ὑμνήσαντες,

441 3151 634 3221 ἑτέρας
665 3149 843 3202 αὐτῶν
869 3149 946 3211 είς
963 3149 1108 3220 ἡμᾶς
1127 3147 1252 3210 τοὺς
1277 3145 1594 3218 ἀνθρώπους
1617 3141 2024 3214 ἀναγράφωμεν

443 3231 695 3313 χάριτας.

444 3357 580 3425 Ξςν.
613 3353 753 3424 Περὶ
782 3352 968 3425 Μηνᾶ
1012 3352 1118 3407 τοῦ
1174 3353 1401 3425 Λυκίου
1451 3351 1540 3417 εἰς
1584 3348 1776 3403 νόσον
1815 3345 2033 3415 ὕδερον

781 3423 788 3430 ”
880 3423 885 3424 ⁷
1018 3423 1459 3492 περιελθόντος.

517 3519 584 3572 Τί
618 3518 678 3572 δὲ
709 3518 803 3572 καὶ
831 3518 1026 3589 Μηνᾶν
1064 3513 1171 3568 ὑπὸ
1227 3513 1454 3585 ψάμμον
1503 3509 1882 3585 κρυπτόμενον
1931 3507 2032 3561 οὐκ

449 3610 792 3680 ὲκφέρωμεν,
816 3609 911 3662 καὶ
933 3607 1091 3678 δῆλον
1114 3605 1277 3660 αὑτὸν
1307 3607 1418 3665 τοῖς
1439 3600 1694 3671 ἀγνοοῦσι
1710 3596 2028 3668 ποιώμεθα;

453 3703 675 3774 Γραφῆς
725 3701 836 3772 γὰρ
881 3698 977 3752 καὶ
1021 3697 1091 3751 τὰ
1140 3695 1261 3750 κατ’
1296 3695 1460 3747 αὑτὸν
1508 3691 1844 3760 καθέστηκεν
1882 3688 2027 3754 ἄξια,

451 3794 548 3848 καὶ
577 3795 639 3846 ού
667 3792 894 3862 ψάμμου
921 3790 1013 3844 καί
1043 3789 1214 3859 λήθης
1245 3786 1632 3854 σκεπάσματπ
1661 3798 1674 3812 ·
1719 3781 1792 3844 ὡς
1823 3781 2032 3836 Μενουο

453 3885 554 3956 θῆς
587 3884 650 3937 τὸ
684 3881 980 3953 δαιμόνιον,
1025 3879 1121 3932 καί⁵
1149 3876 1353 3947 ταύτης
1383 3877 1438 3931 αἰ
1477 3872 1692 3927 τελεταί
1721 3873 1815 3924 καὶ
1858 3868 2034 3954 βωμοὶ

453 3979 548 4031 καὶ
571 3976 631 4030 τὸ
669 3977 914 4045 τέμενος,
943 3968 1017 4026 ὧν
1071 3971 1349 4040 ὠφέλιμος
1383 3969 1482 4038 μὲν
1513 3969 1545 4038 ή
1579 3966 1718 4038 λήθη
1758 3965 2031 4034 καθέστη-

453 4085 569 4131 κεν,
619 4069 714 4121 καὶ
765 4067 851 4120 διὰ
881 4064 1039 4117 τοῦτο
1077 4066 1189 4126 τοῖς
1232 4063 1469 4132 μάρτυσι
1508 4059 1840 4129 πέπρακται.
1884 4055 2034 4108 Ἐπιο

455 4161 657 4232 ϐλαὸὴς
694 4161 750 4212 δὲ
786 4159 906 4212 λίαν
936 4161 969 4230 ή
997 4157 1093 4211 θέα
1123 4159 1235 4219 τοῖς
1284 4153 1592 4225 βλέπουσιν,
1641 4150 1734 4205 καὶ
1763 4150 1851 4204 διὰ
1878 4147 2036 4201 τοῦτο

454 4255 668 4324 ψάμμῳ
718 4250 979 4325 θαλαττίᾳ
1035 4247 1388 4314 καλύπτεται,
1435 4243 1701 4313 ἀνελούσῃ
1743 4239 2036 4302 ’παντελῶς

458 4343 628 4412 αὐτῆς
668 4342 731 4394 τὸ
759 4340 1124 4413 μνημόσυνον,
1151 4338 1245 4392 καὶ
1271 4333 1681 4408 δημιουργούσῃ
1710 4331 1810 4403 τὴν
1829 4330 1938 4384 τῶν
1973 4329 2035 4382 ού

458 4435 748 4505 θεωμένων
771 4433 1061 4502 ὠφέλειαν.
1099 4429 1310 4484 Ἠκὲτω
1360 4427 1538 4480 τοίνυν
1584 4427 1614 4478 ό
1645 4422 1844 4484 Λύκιος
1881 4421 2036 4491 διαρ-

464 4527 631 4598 βήξας
660 4527 760 4596 τῆς
807 4525 1034 4596 ψάμμου
1081 4525 1143 4577 τὸ
1177 4523 1464 4592 κάλυμμα,
1514 4519 1610 4573 καὶ
1641 4516 1872 4588 φανερὸν
1903 4517 2034 4586 ήμῖν

459 4621 520 4671 τὸ
560 4617 677 4672 κατ’
711 4617 873 4670 αὑτὸν
909 4616 1131 4670 ποιείτω
1159 4613 1460 4686 τεράστιον,
1504 4611 1598 4664 καὶ
1633 4608 1712 4681 μὴ
1751 4607 2040 4679 κρυπτέτω

465 4710 649 4773 κακῶς
689 4711 794 4763 ὑπὸ
829 4709 1016 4779 κλίνην
1045 4709 1138 4762 καὶ
1171 4707 1370 4778 μόδιον,
1399 4705 1458 4759 τὸ
1491 4701 1672 4764 καλῶς
1703 4702 1794 4754 ἐπὶ
1817 4699 2041 4770 λυχνίαν

466 4805 676 4872 φαίνειν
708 4806 754 4856 εἰ
779 4801 959 4872 τεθείη
989 4801 1305 4872 δυνάμενον.

539 4982 736 5045 Λύκιος
772 4983 867 5052 μὲν
907 4983 934 5033 ὁ
970 4981 1161 5050 Μηνᾶς
1211 4977 1558 5049 ἐγνωρίζετο,
1621 4975 1713 5028 καὶ
1778 4973 2044 5042 Πατάρων

471 5073 743 5146 ὁρμᾶσθαι
789 5073 888 5142 τῆς
949 5072 1155 5134 πόλεως
1191 5070 1412 5138 ἔλεγενο
1470 5067 1638 5130 πάθος
1686 5066 1743 5120 δὲ
1786 5059 1931 5134 εἶχεν
1982 5063 2042 5116 ού

471 5166 623 5236 ψιλὸν
648 5164 783 5219 ἀλλὰ
815 5165 1097 5234 μέγιστον,
1133 5162 1225 5215 καὶ
1250 5161 1373 5215 οὐδὲ
1405 5160 1602 5232 ῥᾳδίως
1630 5158 1879 5228 ἰώμενον,
1912 5155 2048 5210 ἀλλὰ

473 5259 725 5328 δυσχερὲς
766 5256 860 5310 καὶ
889 5255 1157 5319 δυσίατον,
1191 5256 1393 5324 ἰατροῖς
1422 5253 1486 5324 δὴ
1518 5253 1618 5322 τῆς
1651 5252 1895 5322 σήμερον,
1925 5250 2044 5303 ὅσοι

475 5353 540 5403 ἐκ
562 5350 755 5420 τέχνης
789 5348 1026 5412 ἀνίατον,
1066 5347 1116 5398 εἰ
1151 5345 1223 5416 μὴ
1262 5345 1393 5407 Θεὸς
1442 5341 1838 5414 συμμαχοῦσαν
1867 5343 2050 5405 αὐτοῖς

476 5439 754 5511 χαρίσοιτο
789 5437 1038 5506 δύναμιν.
1077 5437 1169 5498 Εἰς
1201 5435 1390 5505 ὕδερον
1419 5434 1529 5504 γὰρ
1555 5430 1736 5485 πεσὼν
1757 5431 2050 5502 άνιάτρευ-

476 5549 588 5596 τον,
635 5530 732 5582 καὶ
784 5529 1036 5600 χρονίσας
1089 5528 1147 5581 ὲν
1194 5526 1344 5595 αὐτῷ
1385 5525 1462 5596 τῷ
1513 5526 1803 5597 νοσήματι,
1866 5525 2052 5589 δεινῶς

480 5623 785 5677 ἐκινδύνευε
805 5623 921 5684 ταῖς
945 5619 1200 5691 ἀλγηδόσι
1224 5621 1334 5673 τῶν
1355 5617 1677 5686 σπλάγχνων
1695 5617 2052 5689 ὀδυνώμενος,

483 5713 577 5766 καὶ
614 5714 734 5775 ταῖς
765 5710 858 5765 τοῦ
890 5711 1090 5775 παντὸς
1143 5711 1392 5781 σώματος
1437 5711 1704 5779 ὀγκώσεσι
1747 5714 2056 5783 συμπνιγόο

2113 501 2378 561 praesente
2443 503 2632 550 nostra
2684 494 3024 552 narratione.
3074 494 3370 553 Venientes
3418 497 3586 564 enim,
3643 511 3702 552 ut

2105 587 2216 654 jam
2255 587 2388 653 dixi,
2426 588 2492 642 ad
2513 585 2887 656 Theodorum,
2920 586 3034 655 Vis,
3057 588 3335 656 dicebant,
3367 605 3538 647 sanus
3563 589 3702 658 ﬁeri,

2111 675 2559 734 Theodore'Hllo
2595 696 2728 735 vero
2781 690 3079 746 annuente,
3130 691 3184 738 et
3210 683 3446 739 maxime
3493 698 3589 739 ore
3615 681 3702 736 di-

2111 777 2270 824 ct-ute
2303 786 2318 836 ;
2360 770 2493 840 quid
2533 771 2678 826 enim
2712 780 2868 827 tanto
2903 772 3045 826 malo
3092 788 3389 843 oppressus
3450 772 3707 828 diceret?

2115 864 2312 916 iterum
2340 872 2613 934 martyres
2641 864 2899 919 dicebant
2933 885 2946 920 :
2983 865 3040 918 Si
3083 866 3168 920 vis
3201 866 3453 919 obtinere
3493 866 3704 919 sanita-

2115 967 2244 1023 tem,
2269 966 2322 1012 et
2357 956 2542 1029 fugere
2572 958 2962 1014 imbecillitatis
3025 958 3352 1029 periculum.
3386 958 3524 1012 inito
3572 971 3705 1012 con-

2113 1051 2448 1114 ventionem,
2491 1050 2635 1120 quod
2692 1060 2918 1106 sanatus
2969 1050 3187 1104 habitas
3219 1048 3482 1104 Iordanis
3533 1047 3704 1102 divini

2116 1142 2360 1198 fluminis
2392 1144 2672 1198 caelestem
2709 1161 2978 1212 eremum,
3019 1144 3111 1199 ubi
3141 1143 3393 1200 Christus
3451 1141 3706 1198 Salvator

2116 1237 2357 1292 omnium
2387 1236 2694 1307 baptizatus
2717 1247 2818 1292 est.
2854 1237 2919 1291 Et
2956 1238 3119 1307 hujus
3148 1237 3423 1292 habitator
3477 1236 3705 1291 effectus

2119 1334 2350 1389 formam
2381 1336 2663 1401 monachi,
2700 1348 2755 1392 et
2775 1353 2954 1392 mores
2994 1338 3366 1402 demonstras,
3401 1336 3701 1407 Baptistain

2116 1427 2386 1482 Joannem
2431 1429 2652 1484 imitans
2685 1428 2850 1498 hujus
2892 1429 3258 1485 habitatorem
3284 1437 3338 1484 et
3364 1429 3538 1482 civem
3569 1428 3699 1483 olim

2119 1521 2521 1586 cxsistentem;
2573 1532 2628 1576 et
2666 1522 3099 1576 incolumitatem
3134 1518 3275 1574 Deus
3318 1520 3413 1574 tibi
3461 1535 3554 1589 per
3604 1535 3707 1574 nos

2121 1614 2314 1676 donat,
2372 1623 2427 1669 et
2457 1614 2655 1668 libcrat
2681 1629 2711 1668 a
2741 1613 3094 1684 pra-sentiunt
3137 1611 3507 1683 periculorum
3541 1612 3708 1682 puni-

2123 1710 2291 1762 uone.

2187 1976 2563 2032 Convenicnte
2598 1989 2778 2032 autem
2813 1987 2866 2032 et
2928 1979 3040 2034 cito
3097 1982 3359 2050 patiente,
3409 1995 3715 2051 eorumque

2123 2067 2440 2122 mandatum
2469 2067 2769 2139 adimplere
2796 2069 3038 2136 jurante,
3075 2070 3258 2125 Statim
3295 2071 3472 2125 sancti
3516 2071 3711 2126 daemo-

2119 2161 2266 2214 nium
2292 2176 2391 2215 ceu
2420 2161 2726 2230 mastigiam
2779 2160 3068 2228 quemdam
3099 2169 3155 2215 et
3184 2160 3428 2232 fugacem
3457 2161 3714 2230 eliciunt,

2123 2262 2178 2307 et
2208 2254 2495 2305 oculorum
2553 2259 2750 2305 sanant
2824 2251 3274 2317 obcaecationem,
3313 2267 3478 2320 quam
3521 2267 3708 2306 secum

2120 2345 2456 2400 daemonium
2482 2342 2892 2406 eontulit,illud
2926 2343 3146 2413 quidem
3182 2344 3397 2398 visione
3432 2344 3706 2413 fugantes,

2122 2437 2266 2492 hanc
2329 2452 2462 2492 vero
2499 2437 2671 2490 cerati
2714 2436 3098 2506 suppositione
3136 2435 3492 2506 expellentes.
3527 2433 3709 2489 Theo-

2121 2528 2295 2583 dorus
2319 2543 2449 2582 vero
2481 2525 2664 2597 fugam
2705 2527 3153 2596 illorum,‘quiad
3197 2541 3256 2580 se
3308 2534 3575 2580 venerant
3625 2525 3710 2579 iu-

2124 2620 2376 2685 veniens,
2408 2629 2461 2673 et
2512 2619 2748 2673 sanitate
2795 2631 2962 2687 super
3021 2617 3170 2670 illam
3225 2618 3454 2686 potitus,
3497 2618 3712 2686 gratias

2125 2727 2315 2782 agens,
2346 2721 2612 2781 quantum
2643 2709 2788 2778 potis
2827 2718 2947 2764 erat
2974 2718 3028 2762 et
3079 2709 3314 2772 valebat,
3346 2709 3594 2778 pervenit
3641 2708 3714 2764 ad

2125 2822 2396 2870 eremum,
2433 2806 2623 2874 ibique
2655 2812 2975 2858 sanctorum
3000 2805 3219 2874 jussum
3268 2804 3504 2859 amabile
3542 2811 3596 2859 et
3621 2820 3711 2858 ve-

2125 2897 2430 2952 nerandum
2465 2895 2745 2965 adimplet.
2778 2892 2889 2950 Nos
2933 2911 3086 2958 vero,
3137 2895 3236 2948 hos
3271 2894 3628 2958 admirantes,
3659 2905 3714 2948 et

2133 2997 2360 3059 propter
2436 2987 2679 3042 divinam
2754 2987 2978 3041 illorum
3044 3000 3175 3056 erga
3230 2985 3480 3040 homines
3521 3001 3715 3042 curam

2127 3081 2436 3146 laudantes,
2471 3080 2609 3136 alias
2653 3079 2872 3136 illorum
2915 3091 3042 3150 erga
3093 3093 3195 3135 nos
3221 3078 3470 3135 homines
3500 3078 3712 3134 descri-

2132 3175 2328 3232 bamus
2360 3175 2590 3246 gratias.

2133 3352 2321 3411 LXVI.
2351 3353 2430 3410 De
2451 3354 2610 3410 Mena
2642 3354 2804 3435 Lycio
2960 3353 3200 3477 morbum
3230 3369 3383 3426 aqua:
3438 3354 3717 3409 intercutis

2765 3441 2872 3477 met
2903 3443 2973 3477 en
3000 3441 3046 3477 e.

2765 3441 3046 3478 meta—eme.

2203 3517 2344 3584 Quid
2417 3531 2546 3573 vero
2616 3525 2670 3572 et
2726 3515 2940 3571 Menam
3007 3515 3110 3570 sub
3167 3531 3333 3569 arena
3380 3515 3719 3570 occultatum

2135 3625 2246 3665 non
2307 3610 2360 3664 in
2418 3610 2660 3664 medium
2719 3606 3024 3673 aﬂ‘erimus,
3069 3623 3306 3678 eumque
3364 3607 3720 3663 manifestum

2137 3703 2515 3758 nescientibus
2553 3717 2662 3756 non
2702 3700 2985 3756 facimus?
3036 3699 3319 3770 Scriptura
3375 3715 3608 3769 namque
3661 3709 3716 3754 et

2136 3809 2260 3865 qua:
2293 3793 2361 3848 de
2395 3793 2489 3848 illo
2518 3799 2818 3847 narrantur
2868 3791 3032 3862 digna
3070 3798 3200 3846 sunt
3222 3800 3276 3846 et
3309 3805 3418 3844 non
3461 3805 3639 3844 arena:
3663 3799 3718 3844 et

2142 3885 2442 3941 oblivionis
2481 3885 2774 3950 velamine,
2829 3891 2887 3937 ut
2936 3881 3225 3938 “Menuthes
3279 3880 3631 3945 da'monium,
3663 3890 3720 3937 et

2133 3977 2284 4032 illius
2331 3975 2692 4041 caeremoniae,
2725 3982 2775 4028 et
2805 3973 3024 4038 altaria,
3064 3979 3118 4029 et
3142 3973 3453 4038 delubrum,
3482 3988 3718 4043 quorum

2135 4069 2289 4124 utilis
2315 4069 2538 4140 quidem
2567 4067 2773 4122 oblivio
2811 4073 2895 4121 est
2923 4083 2938 4131 ;
2969 4073 3025 4121 et
3073 4065 3281 4120 idcirco
3324 4080 3352 4118 a
3385 4065 3721 4136 martyribus

2136 4158 2345 4214 factum
2374 4167 2460 4213 est
2497 4175 2514 4224 ;
2541 4166 2595 4212 et
2646 4157 2972 4212 damnosum
3027 4156 3192 4211 nimis
3223 4165 3308 4211 est
3337 4156 3719 4226 spectaculum

2145 4251 2574 4322 inspicientibus
2603 4268 2620 4318 ;
2653 4260 3000 4322 quapmpter_
3044 4263 3214 4304 arena
3273 4249 3485 4304 marina
3522 4264 3720 4320 coepe-

2138 4345 2283 4400 ritur
2316 4343 2638 4401 destruente
2666 4356 2900 4412 prorsus
2948 4341 3098 4396 illius
3130 4341 3478 4407 memoriam,
3525 4349 3580 4395 et
3631 4355 3722 4395 re-

2067 4442 2372 4525 DpararJe
2428 4435 2788 4490 invisibilium
2850 4448 3034 4488 rerum
3113 4432 3428 4488 utilitatem.
3481 4431 3722 4488 Accedat

2143 4529 2315 4600 igitur
2343 4527 2546 4598 Lycius
2578 4527 2906 4598 dirumpens
2970 4539 3152 4580 arenae
3198 4525 3467 4590 velamen,
3498 4532 3552 4580 et
3605 4540 3722 4578 ma-

2142 4620 2401 4675 nifestum
2432 4619 2485 4673 in
2522 4634 2582 4674 se
2607 4625 2822 4691 gestum
2888 4615 3056 4671 faciat
3089 4615 3250 4671 nobis
3305 4616 3634 4687 prodigium,
3667 4624 3725 4669 et

2141 4726 2250 4765 non
2275 4711 2584 4765 occultetur
2624 4710 2766 4766 male
2791 4707 2894 4764 sub
2925 4708 3064 4762 lecto
3095 4707 3175 4762 vel
3203 4706 3306 4763 sub
3346 4707 3550 4772 modio,
3575 4709 3724 4778 quod

2141 4801 2280 4856 bene
2330 4800 2512 4855 lucere
2551 4814 2716 4870 super
2744 4798 3150 4865 candelabrum,
3189 4796 3234 4851 si
3269 4797 3506 4867 positum
3559 4798 3724 4854 fuerit

2145 4893 2370 4962 poterit.

2218 4983 2420 5056 Lycius
2447 5000 2580 5054 ergo
2620 4986 2812 5042 Menas
2841 5001 2963 5042 esse
3003 4989 3356 5052 noscebatur,
3378 4995 3432 5042 et
3461 4985 3724 5040 Patareu-

2147 5081 2289 5136 sium
2325 5096 2385 5136 se
2439 5096 2563 5136 esse
2605 5081 2826 5137 dicebat
2863 5083 3106 5139 civitatis
3139 5081 3431 5138 oriundum
3467 5097 3481 5146 ;
3512 5081 3724 5152 passio-

2147 5187 2275 5228 nem
2313 5181 2497 5230 autem
2529 5172 2770 5228 habebat
2801 5173 2946 5229 haud
2971 5175 3166 5238 levem,
3222 5173 3316 5228 sed
3351 5171 3640 5242 pessimam
3670 5178 3726 5224 et

2153 5263 2220 5318 ad
2275 5263 2583 5320 sanandum
2616 5262 2922 5331 dillieilem;
2955 5279 3120 5334 porro
3173 5262 3401 5316 medicis
3440 5259 3533 5330 qui
3568 5259 3727 5313 hodie

2152 5361 2282 5408 sunt
2316 5361 2582 5424 quantum
2617 5368 2681 5408 ex
2731 5365 2848 5408 arte
2905 5351 3288 5416 insanabilem,
3315 5349 3421 5405 nisi
3451 5348 3594 5404 Deus
3625 5363 3728 5401 au-

2155 5445 2436 5500 xiliantem
2503 5443 2609 5499 sibi
2659 5443 2886 5498 donaret
2946 5444 3249 5508 virtutem;
3312 5443 3366 5496 in
3426 5439 3728 5510 hydropem

2154 5537 2300 5590 enim
2361 5534 2723 5590 incurabilem
2784 5535 2989 5589 cadens
3035 5543 3091 5589 et
3143 5542 3387 5589 moratus
3437 5532 3492 5587 in
3537 5531 3729 5587 eodem

2160 5627 2425 5696 languore
2451 5626 2883 5696 periclitabatur,
2911 5628 3192 5682 doloribus
3226 5627 3496 5682 viscerum
3538 5625 3734 5695 fatiga-

2162 5726 2274 5783 tus,
2340 5717 2622 5787 totiusque
2675 5717 2923 5785 corporis
2976 5719 3212 5775 molibus
3258 5717 3578 5776 suffocatus.
3625 5715 3735 5776 Sed
