  <div class='ocr_page' id='page_1' title='image "/cluster/home/n/w/nwhite01/storage/ocr_20150623/87 pt.3 1965/mdp.39015012172931/463.png"; bbox 0 0 4060 6236; ppageno 0'>
   <div class='ocr_carea' id='block_1_1' title="bbox 375 282 511 353">
    <p class='ocr_par' dir='ltr' id='par_1_1' title="bbox 375 282 511 353">
     <span class='ocr_line' id='line_1_1' title="bbox 375 282 511 353; baseline -0.015 0"><span class='ocrx_word' id='word_1_1' title='bbox 375 282 511 353; x_wconf 76' lang='grc'><strong>3651</strong></span> 
     </span>
    </p>
   </div>
   <div class='ocr_carea' id='block_1_2' title="bbox 1280 272 2769 344">
    <p class='ocr_par' dir='ltr' id='par_1_2' title="bbox 1280 272 2769 344">
     <span class='ocr_line' id='line_1_2' title="bbox 1280 272 2769 344; baseline 0 0"><span class='ocrx_word' id='word_1_2' title='bbox 1280 282 1343 344; x_wconf 94' lang='lat' dir='ltr'><strong>S.</strong></span> <span class='ocrx_word' id='word_1_3' title='bbox 1384 278 1802 342; x_wconf 81' lang='lat' dir='ltr'><strong>SOPHRONII</strong></span> <span class='ocrx_word' id='word_1_4' title='bbox 1831 272 2341 340; x_wconf 78' lang='lat' dir='ltr'><strong>PATRIARCH/E</strong></span> <span class='ocrx_word' id='word_1_5' title='bbox 2364 278 2769 344; x_wconf 81' lang='lat' dir='ltr'><strong>HIEROSOL.</strong></span> 
     </span>
    </p>
   </div>
   <div class='ocr_carea' id='block_1_3' title="bbox 3515 274 3662 344">
    <p class='ocr_par' dir='ltr' id='par_1_3' title="bbox 3515 274 3662 344">
     <span class='ocr_line' id='line_1_3' title="bbox 3515 274 3662 344; baseline -0.014 0"><span class='ocrx_word' id='word_1_6' title='bbox 3515 274 3662 344; x_wconf 65' lang='lat'><strong>3652</strong></span> 
     </span>
    </p>
   </div>
   <div class='ocr_carea' id='block_1_4' title="bbox 375 376 1950 470">
    <p class='ocr_par' dir='ltr' id='par_1_4' title="bbox 375 388 1950 470">
     <span class='ocr_line' id='line_1_4' title="bbox 375 388 1950 470; baseline -0.01 -14"><span class='ocrx_word' id='word_1_7' title='bbox 375 398 507 470; x_wconf 86' lang='lat' dir='ltr'><strong>quid</strong></span> <span class='ocrx_word' id='word_1_8' title='bbox 533 394 847 469; x_wconf 84' lang='lat' dir='ltr'><strong>passionem</strong></span> <span class='ocrx_word' id='word_1_9' title='bbox 875 393 1003 450; x_wconf 85' lang='lat' dir='ltr'><strong>huic</strong></span> <span class='ocrx_word' id='word_1_10' title='bbox 1033 392 1155 447; x_wconf 89' lang='lat' dir='ltr'><strong>volo</strong></span> <span class='ocrx_word' id='word_1_11' title='bbox 1196 390 1586 447; x_wconf 90' lang='lat' dir='ltr'><strong>commendare</strong></span> <span class='ocrx_word' id='word_1_12' title='bbox 1620 388 1910 459; x_wconf 66' lang='lat' dir='ltr'><strong>scripturae</strong></span> <span class='ocrx_word' id='word_1_13' title='bbox 1936 429 1950 455; x_wconf 94' lang='lat'><strong>,</strong></span> 
     </span>
    </p>
   </div>
   <div class='ocr_carea' id='block_1_5' title="bbox 2053 376 3752 470">
    <p class='ocr_par' dir='ltr' id='par_1_5' title="bbox 2063 376 3752 460">
     <span class='ocr_line' id='line_1_5' title="bbox 2063 376 3752 460; baseline 0.001 -19"><span class='ocrx_word' id='word_1_14' title='bbox 2063 405 2225 460; x_wconf 87' lang='grc' dir='ltr'>μενος</span> <span class='ocrx_word' id='word_1_15' title='bbox 2254 402 2270 419; x_wconf 80' lang='grc' dir='ltr'><strong>ο</strong></span> <span class='ocrx_word' id='word_1_16' title='bbox 2316 389 2412 443; x_wconf 70' lang='grc' dir='ltr'><strong>καὶ</strong></span> <span class='ocrx_word' id='word_1_17' title='bbox 2448 388 2502 443; x_wconf 89' lang='grc' dir='ltr'><strong>τί</strong></span> <span class='ocrx_word' id='word_1_18' title='bbox 2552 388 2614 443; x_wconf 79' lang='grc' dir='ltr'>τὸ</span> <span class='ocrx_word' id='word_1_19' title='bbox 2638 388 2813 452; x_wconf 90' lang='grc' dir='ltr'>πάθος</span> <span class='ocrx_word' id='word_1_20' title='bbox 2847 376 3200 459; x_wconf 72' lang='grc' dir='ltr'>παραστῆσαι</span> <span class='ocrx_word' id='word_1_21' title='bbox 3235 386 3314 459; x_wconf 87' lang='grc' dir='ltr'>τῷ</span> <span class='ocrx_word' id='word_1_22' title='bbox 3364 390 3655 459; x_wconf 50' lang='grc' dir='ltr'>γράμματι</span> <span class='ocrx_word' id='word_1_23' title='bbox 3746 422 3752 427; x_wconf 80' lang='grc'><strong>-</strong></span> 
     </span>
    </p>
   </div>
   <div class='ocr_carea' id='block_1_6' title="bbox 374 482 1965 553">
    <p class='ocr_par' dir='ltr' id='par_1_6' title="bbox 374 482 1965 553">
     <span class='ocr_line' id='line_1_6' title="bbox 374 482 1965 553; baseline -0.008 -8"><span class='ocrx_word' id='word_1_24' title='bbox 374 505 499 545; x_wconf 89' lang='lat' dir='ltr'><strong>cum</strong></span> <span class='ocrx_word' id='word_1_25' title='bbox 541 487 775 544; x_wconf 81' lang='lat' dir='ltr'><strong>sulllciat</strong></span> <span class='ocrx_word' id='word_1_26' title='bbox 824 486 1083 542; x_wconf 89' lang='lat' dir='ltr'><strong>omnibus</strong></span> <span class='ocrx_word' id='word_1_27' title='bbox 1118 484 1185 540; x_wconf 89' lang='lat' dir='ltr'><strong>ad</strong></span> <span class='ocrx_word' id='word_1_28' title='bbox 1233 483 1484 539; x_wconf 72' lang='lat' dir='ltr'><strong>notitiam</strong></span> <span class='ocrx_word' id='word_1_29' title='bbox 1517 483 1635 553; x_wconf 91' lang='lat' dir='ltr'><strong>ipse</strong></span> <span class='ocrx_word' id='word_1_30' title='bbox 1680 482 1826 536; x_wconf 80' lang='lat' dir='ltr'><strong>illius</strong></span> <span class='ocrx_word' id='word_1_31' title='bbox 1871 482 1965 550; x_wconf 88' lang='lat' dir='ltr'><strong>qui</strong></span> 
     </span>
    </p>
   </div>
   <div class='ocr_carea' id='block_1_7' title="bbox 372 572 1965 649">
    <p class='ocr_par' dir='ltr' id='par_1_7' title="bbox 372 572 1965 649">
     <span class='ocr_line' id='line_1_7' title="bbox 372 572 1965 649; baseline -0.005 -13"><span class='ocrx_word' id='word_1_32' title='bbox 372 581 554 637; x_wconf 88' lang='lat' dir='ltr'><strong>dictus</strong></span> <span class='ocrx_word' id='word_1_33' title='bbox 577 588 661 636; x_wconf 90' lang='lat' dir='ltr'><strong>est</strong></span> <span class='ocrx_word' id='word_1_34' title='bbox 686 581 914 649; x_wconf 76' lang='lat' dir='ltr'><strong>languor</strong></span> <span class='ocrx_word' id='word_1_35' title='bbox 936 578 1102 633; x_wconf 59' lang='lat' dir='ltr'><strong>illo:</strong></span> <span class='ocrx_word' id='word_1_36' title='bbox 1135 576 1281 631; x_wconf 90' lang='lat' dir='ltr'><strong>enim</strong></span> <span class='ocrx_word' id='word_1_37' title='bbox 1308 575 1400 647; x_wconf 88' lang='lat' dir='ltr'><strong>qui</strong></span> <span class='ocrx_word' id='word_1_38' title='bbox 1434 574 1600 645; x_wconf 83' lang='lat' dir='ltr'><strong>hujus</strong></span> <span class='ocrx_word' id='word_1_39' title='bbox 1637 572 1965 645; x_wconf 86' lang='lat' dir='ltr'><strong>appellatio-</strong></span> 
     </span>
    </p>
   </div>
   <div class='ocr_carea' id='block_1_8' title="bbox 372 662 1963 736">
    <p class='ocr_par' dir='ltr' id='par_1_8' title="bbox 372 662 1963 736">
     <span class='ocr_line' id='line_1_8' title="bbox 372 662 1963 736; baseline -0.005 -10"><span class='ocrx_word' id='word_1_40' title='bbox 372 686 494 726; x_wconf 87' lang='lat' dir='ltr'><strong>nem</strong></span> <span class='ocrx_word' id='word_1_41' title='bbox 550 669 809 736; x_wconf 88' lang='lat' dir='ltr'><strong>audiunt,</strong></span> <span class='ocrx_word' id='word_1_42' title='bbox 858 668 1071 724; x_wconf 87' lang='lat' dir='ltr'><strong>doloris</strong></span> <span class='ocrx_word' id='word_1_43' title='bbox 1124 667 1366 721; x_wconf 78' lang='lat' dir='ltr'><strong>formant</strong></span> <span class='ocrx_word' id='word_1_44' title='bbox 1396 666 1581 719; x_wconf 88' lang='lat' dir='ltr'><strong>animo</strong></span> <span class='ocrx_word' id='word_1_45' title='bbox 1623 662 1963 735; x_wconf 79' lang='lat' dir='ltr'><strong>magnitudi-</strong></span> 
     </span>
    </p>
   </div>
   <div class='ocr_carea' id='block_1_9' title="bbox 374 754 1963 817">
    <p class='ocr_par' dir='ltr' id='par_1_9' title="bbox 374 754 1963 817">
     <span class='ocr_line' id='line_1_9' title="bbox 374 754 1963 817; baseline -0.003 -1"><span class='ocrx_word' id='word_1_46' title='bbox 374 778 518 817; x_wconf 87' lang='lat' dir='ltr'><strong>nem.</strong></span> <span class='ocrx_word' id='word_1_47' title='bbox 558 758 759 816; x_wconf 75' lang='lat' dir='ltr'><strong>Verum</strong></span> <span class='ocrx_word' id='word_1_48' title='bbox 796 761 970 816; x_wconf 83' lang='lat' dir='ltr'><strong>donec</strong></span> <span class='ocrx_word' id='word_1_49' title='bbox 1024 759 1212 816; x_wconf 77' lang='lat' dir='ltr'><strong>Menas</strong></span> <span class='ocrx_word' id='word_1_50' title='bbox 1272 759 1325 813; x_wconf 90' lang='lat' dir='ltr'><strong>in</strong></span> <span class='ocrx_word' id='word_1_51' title='bbox 1370 754 1614 813; x_wconf 76' lang='lat' dir='ltr'><strong>exordiis</strong></span> <span class='ocrx_word' id='word_1_52' title='bbox 1657 764 1801 812; x_wconf 90' lang='lat' dir='ltr'><strong>esset</strong></span> <span class='ocrx_word' id='word_1_53' title='bbox 1848 756 1963 811; x_wconf 86' lang='lat' dir='ltr'><strong>latt-</strong></span> 
     </span>
    </p>
   </div>
   <div class='ocr_carea' id='block_1_10' title="bbox 373 846 1963 923">
    <p class='ocr_par' dir='ltr' id='par_1_10' title="bbox 373 846 1963 923">
     <span class='ocr_line' id='line_1_10' title="bbox 373 846 1963 923; baseline -0.003 -16"><span class='ocrx_word' id='word_1_54' title='bbox 373 852 583 923; x_wconf 84' lang='lat' dir='ltr'><strong>guoris,</strong></span> <span class='ocrx_word' id='word_1_55' title='bbox 620 861 672 907; x_wconf 90' lang='lat' dir='ltr'><strong>et</strong></span> <span class='ocrx_word' id='word_1_56' title='bbox 700 868 888 907; x_wconf 86' lang='lat' dir='ltr'><strong>curam</strong></span> <span class='ocrx_word' id='word_1_57' title='bbox 924 854 1010 907; x_wconf 88' lang='lat' dir='ltr'><strong>sui</strong></span> <span class='ocrx_word' id='word_1_58' title='bbox 1043 852 1269 923; x_wconf 89' lang='lat' dir='ltr'><strong>gerebat</strong></span> <span class='ocrx_word' id='word_1_59' title='bbox 1298 857 1352 904; x_wconf 87' lang='lat' dir='ltr'><strong>et</strong></span> <span class='ocrx_word' id='word_1_60' title='bbox 1388 849 1631 904; x_wconf 87' lang='lat' dir='ltr'><strong>medicos</strong></span> <span class='ocrx_word' id='word_1_61' title='bbox 1688 846 1963 903; x_wconf 89' lang='lat' dir='ltr'><strong>accersie-</strong></span> 
     </span>
    </p>
   </div>
   <div class='ocr_carea' id='block_1_11' title="bbox 373 939 1961 1018">
    <p class='ocr_par' dir='ltr' id='par_1_11' title="bbox 373 939 1961 1018">
     <span class='ocr_line' id='line_1_11' title="bbox 373 939 1961 1018; baseline -0.003 -18"><span class='ocrx_word' id='word_1_62' title='bbox 373 945 465 1000; x_wconf 85' lang='lat' dir='ltr'><strong>bat</strong></span> <span class='ocrx_word' id='word_1_63' title='bbox 487 943 507 1016; x_wconf 88' lang='lat'>[</span> <span class='ocrx_word' id='word_1_64' title='bbox 526 947 599 997; x_wconf 77' lang='lat' dir='ltr'><strong>ita</strong></span> <span class='ocrx_word' id='word_1_65' title='bbox 629 943 798 1018; x_wconf 55' lang='lat' dir='ltr'><strong>cum],</strong></span> <span class='ocrx_word' id='word_1_66' title='bbox 823 951 877 998; x_wconf 79' lang='lat' dir='ltr'><strong>el</strong></span> <span class='ocrx_word' id='word_1_67' title='bbox 911 943 1190 1014; x_wconf 86' lang='lat' dir='ltr'><strong>jussiones</strong></span> <span class='ocrx_word' id='word_1_68' title='bbox 1214 957 1403 998; x_wconf 84' lang='lat' dir='ltr'><strong>eorum</strong></span> <span class='ocrx_word' id='word_1_69' title='bbox 1442 940 1624 997; x_wconf 83' lang='lat' dir='ltr'><strong>facere</strong></span> <span class='ocrx_word' id='word_1_70' title='bbox 1646 939 1961 996; x_wconf 79' lang='lat' dir='ltr'><strong>festinabat.</strong></span> 
     </span>
    </p>
   </div>
   <div class='ocr_carea' id='block_1_12' title="bbox 372 1034 1963 1108">
    <p class='ocr_par' dir='ltr' id='par_1_12' title="bbox 372 1034 1963 1108">
     <span class='ocr_line' id='line_1_12' title="bbox 372 1034 1963 1108; baseline -0.001 -17"><span class='ocrx_word' id='word_1_71' title='bbox 372 1035 511 1103; x_wconf 83' lang='lat' dir='ltr'><strong>Quia</strong></span> <span class='ocrx_word' id='word_1_72' title='bbox 556 1052 689 1092; x_wconf 80' lang='lat' dir='ltr'><strong>vero</strong></span> <span class='ocrx_word' id='word_1_73' title='bbox 722 1038 979 1108; x_wconf 91' lang='lat' dir='ltr'><strong>passione</strong></span> <span class='ocrx_word' id='word_1_74' title='bbox 1035 1034 1375 1107; x_wconf 68' lang='lat' dir='ltr'><strong>proﬁt-iebat,</strong></span> <span class='ocrx_word' id='word_1_75' title='bbox 1413 1042 1467 1088; x_wconf 91' lang='lat' dir='ltr'><strong>et</strong></span> <span class='ocrx_word' id='word_1_76' title='bbox 1505 1034 1690 1088; x_wconf 87' lang='lat' dir='ltr'><strong>nullus</strong></span> <span class='ocrx_word' id='word_1_77' title='bbox 1737 1041 1963 1089; x_wconf 86' lang='lat' dir='ltr'><strong>vocatus</strong></span> 
     </span>
    </p>
   </div>
   <div class='ocr_carea' id='block_1_13' title="bbox 374 1122 1961 1195">
    <p class='ocr_par' dir='ltr' id='par_1_13' title="bbox 374 1122 1961 1195">
     <span class='ocr_line' id='line_1_13' title="bbox 374 1122 1961 1195; baseline -0.003 -16"><span class='ocrx_word' id='word_1_78' title='bbox 374 1124 630 1182; x_wconf 80' lang='lat' dir='ltr'><strong>inedicus</strong></span> <span class='ocrx_word' id='word_1_79' title='bbox 681 1125 957 1189; x_wconf 70' lang='lat' dir='ltr'><strong>veniebat,</strong></span> <span class='ocrx_word' id='word_1_80' title='bbox 992 1126 1174 1182; x_wconf 90' lang='lat' dir='ltr'><strong>sciens</strong></span> <span class='ocrx_word' id='word_1_81' title='bbox 1233 1124 1594 1179; x_wconf 83' lang='lat' dir='ltr'><strong>insanabilem</strong></span> <span class='ocrx_word' id='word_1_82' title='bbox 1629 1122 1961 1195; x_wconf 79' lang='lat' dir='ltr'><strong>passionem,</strong></span> 
     </span>
    </p>
   </div>
   <div class='ocr_carea' id='block_1_14' title="bbox 371 1213 1963 1287">
    <p class='ocr_par' dir='ltr' id='par_1_14' title="bbox 371 1213 1963 1287">
     <span class='ocr_line' id='line_1_14' title="bbox 371 1213 1963 1287; baseline -0.002 -17"><span class='ocrx_word' id='word_1_83' title='bbox 371 1225 602 1272; x_wconf 91' lang='lat' dir='ltr'><strong>mortem</strong></span> <span class='ocrx_word' id='word_1_84' title='bbox 638 1217 900 1287; x_wconf 78' lang='lat' dir='ltr'><strong>consequi</strong></span> <span class='ocrx_word' id='word_1_85' title='bbox 938 1217 1213 1287; x_wconf 89' lang='lat' dir='ltr'><strong>cupiebat,</strong></span> <span class='ocrx_word' id='word_1_86' title='bbox 1248 1224 1307 1270; x_wconf 93' lang='lat' dir='ltr'><strong>ut</strong></span> <span class='ocrx_word' id='word_1_87' title='bbox 1359 1216 1553 1271; x_wconf 83' lang='lat' dir='ltr'><strong>saltem</strong></span> <span class='ocrx_word' id='word_1_88' title='bbox 1613 1214 1694 1270; x_wconf 85' lang='lat' dir='ltr'><strong>sic</strong></span> <span class='ocrx_word' id='word_1_89' title='bbox 1734 1213 1963 1285; x_wconf 79' lang='lat' dir='ltr'><strong>languo-</strong></span> 
     </span>
    </p>
   </div>
   <div class='ocr_carea' id='block_1_15' title="bbox 374 1308 1963 1381">
    <p class='ocr_par' dir='ltr' id='par_1_15' title="bbox 374 1308 1963 1381">
     <span class='ocr_line' id='line_1_15' title="bbox 374 1308 1963 1381; baseline -0.002 -17"><span class='ocrx_word' id='word_1_90' title='bbox 374 1325 487 1365; x_wconf 92' lang='lat' dir='ltr'><strong>rem</strong></span> <span class='ocrx_word' id='word_1_91' title='bbox 512 1309 804 1381; x_wconf 70' lang='lat' dir='ltr'><strong>effugeret.</strong></span> <span class='ocrx_word' id='word_1_92' title='bbox 838 1308 945 1365; x_wconf 84' lang='lat' dir='ltr'><strong>Sed</strong></span> <span class='ocrx_word' id='word_1_93' title='bbox 983 1326 1108 1365; x_wconf 90' lang='lat' dir='ltr'><strong>cum</strong></span> <span class='ocrx_word' id='word_1_94' title='bbox 1143 1319 1197 1365; x_wconf 85' lang='lat' dir='ltr'><strong>et</strong></span> <span class='ocrx_word' id='word_1_95' title='bbox 1229 1310 1335 1364; x_wconf 82' lang='lat' dir='ltr'><strong>hoc</strong></span> <span class='ocrx_word' id='word_1_96' title='bbox 1366 1310 1689 1365; x_wconf 87' lang='lat' dir='ltr'><strong>desiderans</strong></span> <span class='ocrx_word' id='word_1_97' title='bbox 1719 1322 1829 1363; x_wconf 89' lang='lat' dir='ltr'><strong>non</strong></span> <span class='ocrx_word' id='word_1_98' title='bbox 1856 1308 1963 1361; x_wconf 86' lang='lat' dir='ltr'><strong>im-</strong></span> 
     </span>
    </p>
   </div>
   <div class='ocr_carea' id='block_1_16' title="bbox 372 1400 1963 1474">
    <p class='ocr_par' dir='ltr' id='par_1_16' title="bbox 372 1400 1963 1474">
     <span class='ocr_line' id='line_1_16' title="bbox 372 1400 1963 1474; baseline -0.003 -16"><span class='ocrx_word' id='word_1_99' title='bbox 372 1411 677 1473; x_wconf 66' lang='lat' dir='ltr'><strong>petrassu,</strong></span> <span class='ocrx_word' id='word_1_100' title='bbox 699 1404 765 1456; x_wconf 90' lang='lat' dir='ltr'><strong>ad</strong></span> <span class='ocrx_word' id='word_1_101' title='bbox 799 1401 1003 1474; x_wconf 82' lang='lat' dir='ltr'><strong>Cyrum</strong></span> <span class='ocrx_word' id='word_1_102' title='bbox 1038 1412 1091 1459; x_wconf 89' lang='lat' dir='ltr'><strong>et</strong></span> <span class='ocrx_word' id='word_1_103' title='bbox 1125 1402 1391 1458; x_wconf 81' lang='lat' dir='ltr'><strong>Joannem</strong></span> <span class='ocrx_word' id='word_1_104' title='bbox 1424 1409 1699 1473; x_wconf 79' lang='lat' dir='ltr'><strong>martyras</strong></span> <span class='ocrx_word' id='word_1_105' title='bbox 1738 1400 1963 1456; x_wconf 87' lang='lat' dir='ltr'><strong>ducitur</strong></span> 
     </span>
    </p>
   </div>
   <div class='ocr_carea' id='block_1_17' title="bbox 370 1491 1962 1558">
    <p class='ocr_par' dir='ltr' id='par_1_17' title="bbox 370 1491 1962 1558">
     <span class='ocr_line' id='line_1_17' title="bbox 370 1491 1962 1558; baseline -0.001 -11"><span class='ocrx_word' id='word_1_106' title='bbox 370 1509 434 1547; x_wconf 81' lang='lat' dir='ltr'><strong>ex</strong></span> <span class='ocrx_word' id='word_1_107' title='bbox 500 1494 718 1549; x_wconf 87' lang='lat' dir='ltr'><strong>duobus</strong></span> <span class='ocrx_word' id='word_1_108' title='bbox 772 1494 1002 1550; x_wconf 80' lang='lat' dir='ltr'><strong>alterius</strong></span> <span class='ocrx_word' id='word_1_109' title='bbox 1066 1508 1257 1558; x_wconf 90' lang='lat' dir='ltr'><strong>causa,</strong></span> <span class='ocrx_word' id='word_1_110' title='bbox 1315 1492 1529 1548; x_wconf 90' lang='lat' dir='ltr'><strong>scilicet</strong></span> <span class='ocrx_word' id='word_1_111' title='bbox 1576 1500 1635 1546; x_wconf 85' lang='lat' dir='ltr'><strong>ut.</strong></span> <span class='ocrx_word' id='word_1_112' title='bbox 1688 1491 1834 1545; x_wconf 85' lang='lat' dir='ltr'><strong>hunc</strong></span> <span class='ocrx_word' id='word_1_113' title='bbox 1867 1499 1962 1545; x_wconf 87' lang='lat' dir='ltr'><strong>aut</strong></span> 
     </span>
    </p>
   </div>
   <div class='ocr_carea' id='block_1_18' title="bbox 370 1583 1961 1653">
    <p class='ocr_par' dir='ltr' id='par_1_18' title="bbox 370 1583 1961 1653">
     <span class='ocr_line' id='line_1_18' title="bbox 370 1583 1961 1653; baseline -0.004 -12"><span class='ocrx_word' id='word_1_114' title='bbox 370 1585 548 1641; x_wconf 82' lang='lat' dir='ltr'><strong>sancti</strong></span> <span class='ocrx_word' id='word_1_115' title='bbox 590 1587 800 1642; x_wconf 87' lang='lat' dir='ltr'><strong>miserti</strong></span> <span class='ocrx_word' id='word_1_116' title='bbox 832 1594 1121 1647; x_wconf 88' lang='lat' dir='ltr'><strong>curarent,</strong></span> <span class='ocrx_word' id='word_1_117' title='bbox 1178 1593 1273 1639; x_wconf 91' lang='lat' dir='ltr'><strong>aut</strong></span> <span class='ocrx_word' id='word_1_118' title='bbox 1338 1592 1488 1639; x_wconf 89' lang='lat' dir='ltr'><strong>certe</strong></span> <span class='ocrx_word' id='word_1_119' title='bbox 1541 1583 1751 1637; x_wconf 76' lang='lat' dir='ltr'><strong>viscere</strong></span> <span class='ocrx_word' id='word_1_120' title='bbox 1795 1596 1961 1653; x_wconf 87' lang='lat' dir='ltr'><strong>super</strong></span> 
     </span>
    </p>
   </div>
   <div class='ocr_carea' id='block_1_19' title="bbox 371 1671 1956 1742">
    <p class='ocr_par' dir='ltr' id='par_1_19' title="bbox 371 1671 1956 1742">
     <span class='ocr_line' id='line_1_19' title="bbox 371 1671 1956 1742; baseline -0.003 -13"><span class='ocrx_word' id='word_1_121' title='bbox 371 1692 497 1730; x_wconf 85' lang='lat' dir='ltr'><strong>eum</strong></span> <span class='ocrx_word' id='word_1_122' title='bbox 547 1684 721 1742; x_wconf 90' lang='lat' dir='ltr'><strong>moto,</strong></span> <span class='ocrx_word' id='word_1_123' title='bbox 753 1674 822 1731; x_wconf 86' lang='lat' dir='ltr'><strong>de</strong></span> <span class='ocrx_word' id='word_1_124' title='bbox 858 1685 1037 1731; x_wconf 85' lang='lat' dir='ltr'><strong>morte</strong></span> <span class='ocrx_word' id='word_1_125' title='bbox 1070 1672 1505 1729; x_wconf 85' lang='lat' dir='ltr'><strong>misericorditer</strong></span> <span class='ocrx_word' id='word_1_126' title='bbox 1531 1671 1956 1728; x_wconf 82' lang='lat' dir='ltr'><strong>intercederent.</strong></span> 
     </span>
    </p>
   </div>
   <div class='ocr_carea' id='block_1_20' title="bbox 2071 478 3655 552">
    <p class='ocr_par' dir='ltr' id='par_1_20' title="bbox 2071 478 3655 552">
     <span class='ocr_line' id='line_1_20' title="bbox 2071 478 3655 552; baseline 0.001 -18"><span class='ocrx_word' id='word_1_127' title='bbox 2071 478 2334 552; x_wconf 87' lang='grc' dir='ltr'>βούλομαι</span> <span class='ocrx_word' id='word_1_128' title='bbox 2353 498 2373 548; x_wconf 66' lang='grc'><strong>“;</strong></span> <span class='ocrx_word' id='word_1_129' title='bbox 2427 479 2589 551; x_wconf 84' lang='grc' dir='ltr'>ἀρκεῖ</span> <span class='ocrx_word' id='word_1_130' title='bbox 2629 481 2736 552; x_wconf 83' lang='grc' dir='ltr'>γὰρ</span> <span class='ocrx_word' id='word_1_131' title='bbox 2784 482 2952 535; x_wconf 77' lang='grc' dir='ltr'>πᾶσιν</span> <span class='ocrx_word' id='word_1_132' title='bbox 3010 479 3147 552; x_wconf 77' lang='grc' dir='ltr'>πρὸς</span> <span class='ocrx_word' id='word_1_133' title='bbox 3202 480 3411 551; x_wconf 85' lang='grc' dir='ltr'>εῖδησιν</span> <span class='ocrx_word' id='word_1_134' title='bbox 3463 479 3655 551; x_wconf 74' lang='grc' dir='ltr'>λεχθὲν</span> 
     </span>
    </p>
   </div>
   <div class='ocr_carea' id='block_1_21' title="bbox 2067 571 3651 645">
    <p class='ocr_par' dir='ltr' id='par_1_21' title="bbox 2067 571 3651 645">
     <span class='ocr_line' id='line_1_21' title="bbox 2067 571 3651 645; baseline 0 -17"><span class='ocrx_word' id='word_1_135' title='bbox 2067 572 2235 628; x_wconf 83' lang='grc' dir='ltr'>αὑτοῦ</span> <span class='ocrx_word' id='word_1_136' title='bbox 2265 573 2360 627; x_wconf 74' lang='grc' dir='ltr'><strong>καὶ</strong></span> <span class='ocrx_word' id='word_1_137' title='bbox 2389 573 2549 644; x_wconf 88' lang='grc' dir='ltr'>μόνον</span> <span class='ocrx_word' id='word_1_138' title='bbox 2568 573 2629 627; x_wconf 81' lang='grc' dir='ltr'>τὸ</span> <span class='ocrx_word' id='word_1_139' title='bbox 2653 574 2845 645; x_wconf 72' lang='grc' dir='ltr'>ὄνομα.</span> <span class='ocrx_word' id='word_1_140' title='bbox 2875 571 3090 638; x_wconf 77' lang='grc' dir='ltr'>Εὐθέως</span> <span class='ocrx_word' id='word_1_141' title='bbox 3114 572 3223 643; x_wconf 85' lang='grc' dir='ltr'><strong>γὰρ</strong></span> <span class='ocrx_word' id='word_1_142' title='bbox 3257 575 3307 626; x_wconf 81' lang='grc' dir='ltr'><strong>οι</strong></span> <span class='ocrx_word' id='word_1_143' title='bbox 3333 573 3427 642; x_wconf 80' lang='grc' dir='ltr'><strong>τῆς</strong></span> <span class='ocrx_word' id='word_1_144' title='bbox 3458 574 3651 628; x_wconf 81' lang='grc' dir='ltr'>τούτου</span> 
     </span>
    </p>
   </div>
   <div class='ocr_carea' id='block_1_22' title="bbox 2069 656 3651 739">
    <p class='ocr_par' dir='ltr' id='par_1_22' title="bbox 2069 656 3651 739">
     <span class='ocr_line' id='line_1_22' title="bbox 2069 656 3651 739; baseline -0.001 -20"><span class='ocrx_word' id='word_1_145' title='bbox 2069 664 2441 739; x_wconf 82' lang='grc' dir='ltr'><strong>προσηγορίας</strong></span> <span class='ocrx_word' id='word_1_146' title='bbox 2470 663 2825 729; x_wconf 73' lang='grc' dir='ltr'>ἀκούσαντες,</span> <span class='ocrx_word' id='word_1_147' title='bbox 2860 664 2955 734; x_wconf 85' lang='grc' dir='ltr'><strong>τῆς</strong></span> <span class='ocrx_word' id='word_1_148' title='bbox 2983 663 3175 735; x_wconf 79' lang='grc' dir='ltr'><strong>ὀδύνης</strong></span> <span class='ocrx_word' id='word_1_149' title='bbox 3205 656 3651 739; x_wconf 80' lang='grc' dir='ltr'>ἑντυποῢνταιτῇ</span> 
     </span>
    </p>
   </div>
   <div class='ocr_carea' id='block_1_23' title="bbox 2066 753 3652 830">
    <p class='ocr_par' dir='ltr' id='par_1_23' title="bbox 2066 753 3652 830">
     <span class='ocr_line' id='line_1_23' title="bbox 2066 753 3652 830; baseline 0.001 -19"><span class='ocrx_word' id='word_1_150' title='bbox 2066 756 2279 829; x_wconf 76' lang='grc' dir='ltr'>διανοίᾳ</span> <span class='ocrx_word' id='word_1_151' title='bbox 2329 757 2391 812; x_wconf 84' lang='grc' dir='ltr'><strong>τδ</strong></span> <span class='ocrx_word' id='word_1_152' title='bbox 2449 754 2708 830; x_wconf 87' lang='grc' dir='ltr'>μέγεθος·</span> <span class='ocrx_word' id='word_1_153' title='bbox 2745 756 2989 819; x_wconf 78' lang='grc' dir='ltr'>ἀλλ’ἒως</span> <span class='ocrx_word' id='word_1_154' title='bbox 3021 757 3122 828; x_wconf 83' lang='grc' dir='ltr'>μὲν</span> <span class='ocrx_word' id='word_1_155' title='bbox 3167 757 3225 810; x_wconf 78' lang='grc' dir='ltr'>ὲν</span> <span class='ocrx_word' id='word_1_156' title='bbox 3260 756 3455 829; x_wconf 87' lang='grc' dir='ltr'>ἀρχαῖς</span> <span class='ocrx_word' id='word_1_157' title='bbox 3507 753 3575 829; x_wconf 73' lang='grc' dir='ltr'>ἦν</span> <span class='ocrx_word' id='word_1_158' title='bbox 3622 760 3652 812; x_wconf 89' lang='grc' dir='ltr'>ὁ</span> 
     </span>
    </p>
   </div>
   <div class='ocr_carea' id='block_1_24' title="bbox 2067 846 3653 922">
    <p class='ocr_par' dir='ltr' id='par_1_24' title="bbox 2067 846 3653 922">
     <span class='ocr_line' id='line_1_24' title="bbox 2067 846 3653 922; baseline -0.001 -18"><span class='ocrx_word' id='word_1_159' title='bbox 2067 849 2263 922; x_wconf 83' lang='grc' dir='ltr'><strong>Μηνᾶς</strong></span> <span class='ocrx_word' id='word_1_160' title='bbox 2285 846 2380 903; x_wconf 80' lang='grc' dir='ltr'><strong>τοῦ</strong></span> <span class='ocrx_word' id='word_1_161' title='bbox 2413 850 2743 922; x_wconf 73' lang='grc' dir='ltr'><strong>νοσήματος,</strong></span> <span class='ocrx_word' id='word_1_162' title='bbox 2766 852 2860 903; x_wconf 71' lang='grc' dir='ltr'><strong>καὶ</strong></span> <span class='ocrx_word' id='word_1_163' title='bbox 2889 849 3183 921; x_wconf 68' lang='grc' dir='ltr'>θεραπείας</span> <span class='ocrx_word' id='word_1_164' title='bbox 3218 848 3523 921; x_wconf 77' lang='grc' dir='ltr'><strong>ἐφρόντιζε,</strong></span> <span class='ocrx_word' id='word_1_165' title='bbox 3557 848 3653 904; x_wconf 75' lang='grc' dir='ltr'><strong>καὶ</strong></span> 
     </span>
    </p>
   </div>
   <div class='ocr_carea' id='block_1_25' title="bbox 2064 939 3652 1014">
    <p class='ocr_par' dir='ltr' id='par_1_25' title="bbox 2064 939 3652 1014">
     <span class='ocr_line' id='line_1_25' title="bbox 2064 939 3652 1014; baseline 0 -19"><span class='ocrx_word' id='word_1_166' title='bbox 2064 940 2191 1005; x_wconf 72' lang='grc' dir='ltr'>τοὺς</span> <span class='ocrx_word' id='word_1_167' title='bbox 2245 939 2467 1014; x_wconf 67' lang='grc' dir='ltr'>ἰατροὺς</span> <span class='ocrx_word' id='word_1_168' title='bbox 2513 942 2895 1014; x_wconf 82' lang='grc' dir='ltr'>μετεπέμπετο</span> <span class='ocrx_word' id='word_1_169' title='bbox 2930 979 2944 1007; x_wconf 87' lang='grc'><strong>,</strong></span> <span class='ocrx_word' id='word_1_170' title='bbox 2990 940 3086 994; x_wconf 76' lang='grc' dir='ltr'><strong>καὶ</strong></span> <span class='ocrx_word' id='word_1_171' title='bbox 3124 944 3297 995; x_wconf 80' lang='grc' dir='ltr'>ποιεῖν</span> <span class='ocrx_word' id='word_1_172' title='bbox 3331 940 3511 993; x_wconf 76' lang='grc' dir='ltr'>αὐτῶν</span> <span class='ocrx_word' id='word_1_173' title='bbox 3550 941 3652 1006; x_wconf 74' lang='grc' dir='ltr'><strong>τὰς</strong></span> 
     </span>
    </p>
   </div>
   <div class='ocr_carea' id='block_1_26' title="bbox 2066 1028 3649 1105">
    <p class='ocr_par' dir='ltr' id='par_1_26' title="bbox 2066 1028 3649 1105">
     <span class='ocr_line' id='line_1_26' title="bbox 2066 1028 3649 1105; baseline -0.003 -18"><span class='ocrx_word' id='word_1_174' title='bbox 2066 1033 2345 1098; x_wconf 79' lang='grc' dir='ltr'><strong>κελεύσεις</strong></span> <span class='ocrx_word' id='word_1_175' title='bbox 2361 1029 2694 1099; x_wconf 72' lang='grc' dir='ltr'>ἐσπούδαζεν</span> <span class='ocrx_word' id='word_1_176' title='bbox 2717 1052 2729 1063; x_wconf 89' lang='grc'>·</span> <span class='ocrx_word' id='word_1_177' title='bbox 2751 1028 3013 1105; x_wconf 78' lang='grc' dir='ltr'>ἐπειδὴδὲ</span> <span class='ocrx_word' id='word_1_178' title='bbox 3033 1030 3109 1104; x_wconf 80' lang='grc' dir='ltr'>τῷ</span> <span class='ocrx_word' id='word_1_179' title='bbox 3134 1031 3297 1087; x_wconf 78' lang='grc' dir='ltr'>πάθει</span> <span class='ocrx_word' id='word_1_180' title='bbox 3318 1032 3649 1103; x_wconf 84' lang='grc' dir='ltr'>προέκοπτε,</span> 
     </span>
    </p>
   </div>
   <div class='ocr_carea' id='block_1_27' title="bbox 2068 1115 3650 1196">
    <p class='ocr_par' dir='ltr' id='par_1_27' title="bbox 2068 1115 3650 1196">
     <span class='ocr_line' id='line_1_27' title="bbox 2068 1115 3650 1196; baseline -0.001 -18"><span class='ocrx_word' id='word_1_181' title='bbox 2068 1124 2160 1178; x_wconf 73' lang='grc' dir='ltr'><strong>καὶ</strong></span> <span class='ocrx_word' id='word_1_182' title='bbox 2193 1124 2378 1196; x_wconf 82' lang='grc' dir='ltr'>ίατρὸς</span> <span class='ocrx_word' id='word_1_183' title='bbox 2408 1124 2583 1188; x_wconf 75' lang='grc' dir='ltr'>οὐδεὶς</span> <span class='ocrx_word' id='word_1_184' title='bbox 2617 1120 3095 1196; x_wconf 80' lang='grc' dir='ltr'><strong>προσκαλούμενος</strong></span> <span class='ocrx_word' id='word_1_185' title='bbox 3124 1121 3344 1194; x_wconf 65' lang='grc' dir='ltr'>ἤρχετο,</span> <span class='ocrx_word' id='word_1_186' title='bbox 3385 1115 3544 1185; x_wconf 79' lang='grc' dir='ltr'>είδώς</span> <span class='ocrx_word' id='word_1_187' title='bbox 3587 1123 3650 1176; x_wconf 77' lang='grc' dir='ltr'>τὸ</span> 
     </span>
    </p>
   </div>
   <div class='ocr_carea' id='block_1_28' title="bbox 2063 1212 3648 1284">
    <p class='ocr_par' dir='ltr' id='par_1_28' title="bbox 2063 1212 3648 1284">
     <span class='ocr_line' id='line_1_28' title="bbox 2063 1212 3648 1284; baseline -0.001 -17"><span class='ocrx_word' id='word_1_188' title='bbox 2063 1212 2157 1267; x_wconf 80' lang='grc' dir='ltr'>τοῦ</span> <span class='ocrx_word' id='word_1_189' title='bbox 2208 1213 2416 1278; x_wconf 78' lang='grc' dir='ltr'><strong>πάθους</strong></span> <span class='ocrx_word' id='word_1_190' title='bbox 2464 1213 2705 1281; x_wconf 83' lang='grc' dir='ltr'>ἀνίατον,</span> <span class='ocrx_word' id='word_1_191' title='bbox 2758 1212 2992 1268; x_wconf 89' lang='grc' dir='ltr'>θανάτου</span> <span class='ocrx_word' id='word_1_192' title='bbox 3046 1213 3335 1283; x_wconf 83' lang='grc' dir='ltr'><strong>τυγχάνειν</strong></span> <span class='ocrx_word' id='word_1_193' title='bbox 3381 1212 3648 1284; x_wconf 73' lang='grc' dir='ltr'>ἐγλίχετο,</span> 
     </span>
    </p>
   </div>
   <div class='ocr_carea' id='block_1_29' title="bbox 2065 1300 3648 1379">
    <p class='ocr_par' dir='ltr' id='par_1_29' title="bbox 2065 1300 3648 1379">
     <span class='ocr_line' id='line_1_29' title="bbox 2065 1300 3648 1379; baseline 0.001 -22"><span class='ocrx_word' id='word_1_194' title='bbox 2065 1304 2154 1359; x_wconf 77' lang='grc' dir='ltr'><strong>ἴνα</strong></span> <span class='ocrx_word' id='word_1_195' title='bbox 2185 1307 2278 1359; x_wconf 77' lang='grc' dir='ltr'><strong>καὶ</strong></span> <span class='ocrx_word' id='word_1_196' title='bbox 2311 1305 2483 1368; x_wconf 71' lang='grc' dir='ltr'>οὕτως</span> <span class='ocrx_word' id='word_1_197' title='bbox 2512 1306 2728 1379; x_wconf 76' lang='grc' dir='ltr'>ἐκφύγῃ</span> <span class='ocrx_word' id='word_1_198' title='bbox 2751 1304 2812 1358; x_wconf 85' lang='grc' dir='ltr'><strong>τδ</strong></span> <span class='ocrx_word' id='word_1_199' title='bbox 2842 1306 3076 1376; x_wconf 88' lang='grc' dir='ltr'>νόσημα.</span> <span class='ocrx_word' id='word_1_200' title='bbox 3122 1300 3263 1358; x_wconf 68' lang='lat' dir='ltr'><strong>‘AD.’</strong></span> <span class='ocrx_word' id='word_1_201' title='bbox 3284 1304 3358 1367; x_wconf 84' lang='grc' dir='ltr'>ὼς</span> <span class='ocrx_word' id='word_1_202' title='bbox 3394 1305 3487 1358; x_wconf 72' lang='grc' dir='ltr'><strong>καὶ</strong></span> <span class='ocrx_word' id='word_1_203' title='bbox 3520 1303 3648 1358; x_wconf 83' lang='grc' dir='ltr'>τού-</span> 
     </span>
    </p>
   </div>
   <div class='ocr_carea' id='block_1_30' title="bbox 2064 1394 3649 1467">
    <p class='ocr_par' dir='ltr' id='par_1_30' title="bbox 2064 1394 3649 1467">
     <span class='ocr_line' id='line_1_30' title="bbox 2064 1394 3649 1467; baseline 0.001 -20"><span class='ocrx_word' id='word_1_204' title='bbox 2064 1406 2159 1448; x_wconf 84' lang='grc' dir='ltr'><strong>του</strong></span> <span class='ocrx_word' id='word_1_205' title='bbox 2202 1395 2385 1450; x_wconf 84' lang='grc' dir='ltr'>ποθῶν</span> <span class='ocrx_word' id='word_1_206' title='bbox 2414 1395 2514 1450; x_wconf 82' lang='grc' dir='ltr'><strong>οὐκ</strong></span> <span class='ocrx_word' id='word_1_207' title='bbox 2548 1396 2869 1467; x_wconf 74' lang='grc' dir='ltr'>ἐτύγχανεν,</span> <span class='ocrx_word' id='word_1_208' title='bbox 2912 1396 3005 1450; x_wconf 75' lang='grc' dir='ltr'><strong>ἐπὶ</strong></span> <span class='ocrx_word' id='word_1_209' title='bbox 3043 1394 3225 1467; x_wconf 75' lang='grc' dir='ltr'>Κῦρον</span> <span class='ocrx_word' id='word_1_210' title='bbox 3264 1397 3358 1450; x_wconf 75' lang='grc' dir='ltr'><strong>καὶ</strong></span> <span class='ocrx_word' id='word_1_211' title='bbox 3388 1396 3649 1467; x_wconf 80' lang='grc' dir='ltr'>’ῐωάννην</span> 
     </span>
    </p>
   </div>
   <div class='ocr_carea' id='block_1_31' title="bbox 2061 1486 3647 1561">
    <p class='ocr_par' dir='ltr' id='par_1_31' title="bbox 2061 1486 3647 1561">
     <span class='ocr_line' id='line_1_31' title="bbox 2061 1486 3647 1561; baseline 0.003 -21"><span class='ocrx_word' id='word_1_212' title='bbox 2061 1487 2186 1552; x_wconf 80' lang='grc' dir='ltr'>τοὺς</span> <span class='ocrx_word' id='word_1_213' title='bbox 2235 1487 2521 1561; x_wconf 83' lang='grc' dir='ltr'>μάρτυρας</span> <span class='ocrx_word' id='word_1_214' title='bbox 2554 1486 2769 1559; x_wconf 78' lang='grc' dir='ltr'><strong>ἄγεται,</strong></span> <span class='ocrx_word' id='word_1_215' title='bbox 2803 1489 2948 1543; x_wconf 85' lang='grc' dir='ltr'>δυοῖν</span> <span class='ocrx_word' id='word_1_216' title='bbox 2987 1489 3217 1561; x_wconf 80' lang='grc' dir='ltr'>θατέρου</span> <span class='ocrx_word' id='word_1_217' title='bbox 3255 1486 3462 1555; x_wconf 76' lang='grc' dir='ltr'>ἕνεκεν,</span> <span class='ocrx_word' id='word_1_218' title='bbox 3495 1489 3527 1556; x_wconf 81' lang='grc' dir='ltr'>ἦ</span> <span class='ocrx_word' id='word_1_219' title='bbox 3562 1492 3647 1545; x_wconf 74' lang='grc' dir='ltr'>ὅτι</span> 
     </span>
    </p>
   </div>
   <div class='ocr_carea' id='block_1_32' title="bbox 2060 1578 3648 1652">
    <p class='ocr_par' dir='ltr' id='par_1_32' title="bbox 2060 1578 3648 1652">
     <span class='ocr_line' id='line_1_32' title="bbox 2060 1578 3648 1652; baseline 0.003 -21"><span class='ocrx_word' id='word_1_220' title='bbox 2060 1578 2248 1632; x_wconf 82' lang='grc' dir='ltr'>τοῦτον</span> <span class='ocrx_word' id='word_1_221' title='bbox 2307 1578 2629 1651; x_wconf 77' lang='grc' dir='ltr'>ἐλεήσαντες</span> <span class='ocrx_word' id='word_1_222' title='bbox 2682 1581 2732 1634; x_wconf 86' lang='grc' dir='ltr'><strong>οί</strong></span> <span class='ocrx_word' id='word_1_223' title='bbox 2784 1578 2930 1649; x_wconf 73' lang='grc' dir='ltr'>ἅγιοι</span> <span class='ocrx_word' id='word_1_224' title='bbox 2980 1578 3434 1650; x_wconf 72' lang='grc' dir='ltr'>θεραπεύσουσιν,</span> <span class='ocrx_word' id='word_1_225' title='bbox 3485 1579 3520 1652; x_wconf 85' lang='grc' dir='ltr'>ἢ</span> <span class='ocrx_word' id='word_1_226' title='bbox 3562 1581 3648 1636; x_wconf 81' lang='grc' dir='ltr'>ὅτι</span> 
     </span>
    </p>
   </div>
   <div class='ocr_carea' id='block_1_33' title="bbox 2064 1670 3647 1745">
    <p class='ocr_par' dir='ltr' id='par_1_33' title="bbox 2064 1670 3647 1745">
     <span class='ocr_line' id='line_1_33' title="bbox 2064 1670 3647 1745; baseline 0.003 -22"><span class='ocrx_word' id='word_1_227' title='bbox 2064 1670 2561 1741; x_wconf 84' lang='grc' dir='ltr'>σπλαγχνισθέντες</span> <span class='ocrx_word' id='word_1_228' title='bbox 2617 1671 2708 1725; x_wconf 78' lang='grc' dir='ltr'><strong>ἐπ’</strong></span> <span class='ocrx_word' id='word_1_229' title='bbox 2737 1673 2890 1745; x_wconf 84' lang='grc' dir='ltr'>αύτῷ</span> <span class='ocrx_word' id='word_1_230' title='bbox 2928 1670 3180 1744; x_wconf 71' lang='grc' dir='ltr'>περὶτοῦ</span> <span class='ocrx_word' id='word_1_231' title='bbox 3228 1672 3460 1727; x_wconf 88' lang='grc' dir='ltr'>θανάτου</span> <span class='ocrx_word' id='word_1_232' title='bbox 3511 1690 3647 1745; x_wconf 82' lang='grc' dir='ltr'>πρε-</span> 
     </span>
    </p>
   </div>
   <div class='ocr_carea' id='block_1_34' title="bbox 375 1734 1950 1837">
    <p class='ocr_par' dir='ltr' id='par_1_34' title="bbox 375 1763 1950 1829">
     <span class='ocr_line' id='line_1_34' title="bbox 375 1763 1950 1829; baseline -0.003 -8"><span class='ocrx_word' id='word_1_233' title='bbox 375 1766 526 1822; x_wconf 87' lang='lat' dir='ltr'><strong>Unde</strong></span> <span class='ocrx_word' id='word_1_234' title='bbox 553 1770 787 1823; x_wconf 88' lang='lat' dir='ltr'><strong>alterum</strong></span> <span class='ocrx_word' id='word_1_235' title='bbox 821 1783 887 1822; x_wconf 80' lang='lat' dir='ltr'><strong>ex</strong></span> <span class='ocrx_word' id='word_1_236' title='bbox 914 1766 1134 1822; x_wconf 88' lang='lat' dir='ltr'><strong>duobus</strong></span> <span class='ocrx_word' id='word_1_237' title='bbox 1153 1765 1713 1829; x_wconf 83' lang='lat' dir='ltr'><strong>obtinuit,sanitatem</strong></span> <span class='ocrx_word' id='word_1_238' title='bbox 1744 1763 1950 1818; x_wconf 91' lang='lat' dir='ltr'><strong>scilicet</strong></span> 
     </span>
    </p>
   </div>
   <div class='ocr_carea' id='block_1_35' title="bbox 2053 1734 3645 1837">
    <p class='ocr_par' dir='ltr' id='par_1_35' title="bbox 2065 1734 3645 1837">
     <span class='ocr_line' id='line_1_35' title="bbox 2065 1734 3645 1837; baseline 0.004 -23"><span class='ocrx_word' id='word_1_239' title='bbox 2065 1734 2382 1817; x_wconf 75' lang='grc' dir='ltr'>σϐεύούσιν·</span> <span class='ocrx_word' id='word_1_240' title='bbox 2447 1734 2571 1818; x_wconf 79' lang='grc' dir='ltr'>ὅθεν</span> <span class='ocrx_word' id='word_1_241' title='bbox 2619 1765 2738 1828; x_wconf 84' lang='grc' dir='ltr'>ένὺς</span> <span class='ocrx_word' id='word_1_242' title='bbox 2790 1734 2900 1819; x_wconf 67' lang='grc' dir='ltr'><strong>τών</strong></span> <span class='ocrx_word' id='word_1_243' title='bbox 2957 1734 3050 1819; x_wconf 84' lang='grc' dir='ltr'><strong>δύο</strong></span> <span class='ocrx_word' id='word_1_244' title='bbox 3080 1765 3399 1837; x_wconf 85' lang='grc' dir='ltr'>τετύχηκεν,</span> <span class='ocrx_word' id='word_1_245' title='bbox 3431 1734 3645 1835; x_wconf 74' lang='grc' dir='ltr'>ὑγείας,</span> 
     </span>
    </p>
   </div>
   <div class='ocr_carea' id='block_1_36' title="bbox 369 1856 1953 1929">
    <p class='ocr_par' dir='ltr' id='par_1_36' title="bbox 369 1856 1953 1929">
     <span class='ocr_line' id='line_1_36' title="bbox 369 1856 1953 1929; baseline -0.003 -15"><span class='ocrx_word' id='word_1_246' title='bbox 369 1870 423 1915; x_wconf 87' lang='lat' dir='ltr'><strong>et</strong></span> <span class='ocrx_word' id='word_1_247' title='bbox 453 1861 772 1929; x_wconf 85' lang='lat' dir='ltr'><strong>sospitatem</strong></span> <span class='ocrx_word' id='word_1_248' title='bbox 804 1876 818 1926; x_wconf 94' lang='lat'><strong>;</strong></span> <span class='ocrx_word' id='word_1_249' title='bbox 848 1858 942 1914; x_wconf 90' lang='lat' dir='ltr'><strong>sed</strong></span> <span class='ocrx_word' id='word_1_250' title='bbox 978 1866 1031 1914; x_wconf 91' lang='lat' dir='ltr'><strong>et</strong></span> <span class='ocrx_word' id='word_1_251' title='bbox 1056 1860 1375 1929; x_wconf 79' lang='lat' dir='ltr'><strong>languorem</strong></span> <span class='ocrx_word' id='word_1_252' title='bbox 1415 1856 1613 1923; x_wconf 84' lang='lat' dir='ltr'><strong>evasit,</strong></span> <span class='ocrx_word' id='word_1_253' title='bbox 1638 1871 1801 1926; x_wconf 88' lang='lat' dir='ltr'><strong>quem</strong></span> <span class='ocrx_word' id='word_1_254' title='bbox 1832 1869 1953 1910; x_wconf 56' lang='lat' dir='ltr'><strong>eva.</strong></span> 
     </span>
    </p>
   </div>
   <div class='ocr_carea' id='block_1_37' title="bbox 290 1948 1569 2006">
    <p class='ocr_par' dir='ltr' id='par_1_37' title="bbox 290 1948 1569 2006">
     <span class='ocr_line' id='line_1_37' title="bbox 290 1948 1569 2006; baseline -0.003 -1"><span class='ocrx_word' id='word_1_255' title='bbox 290 2002 293 2005; x_wconf 37' lang='grc' dir='ltr'><strong>λ</strong></span> <span class='ocrx_word' id='word_1_256' title='bbox 370 1949 502 2005; x_wconf 84' lang='lat' dir='ltr'><strong>dere</strong></span> <span class='ocrx_word' id='word_1_257' title='bbox 539 1952 659 2006; x_wconf 75' lang='lat' dir='ltr'><strong>sine</strong></span> <span class='ocrx_word' id='word_1_258' title='bbox 696 1959 872 2006; x_wconf 90' lang='lat' dir='ltr'><strong>morte</strong></span> <span class='ocrx_word' id='word_1_259' title='bbox 901 1949 1218 2004; x_wconf 87' lang='lat' dir='ltr'><strong>nullatenus</strong></span> <span class='ocrx_word' id='word_1_260' title='bbox 1236 1948 1569 2003; x_wconf 68' lang='lat' dir='ltr'><strong>aestimabat.</strong></span> 
     </span>
    </p>
   </div>
   <div class='ocr_carea' id='block_1_38' title="bbox 444 2026 1958 2107">
    <p class='ocr_par' dir='ltr' id='par_1_38' title="bbox 444 2026 1958 2107">
     <span class='ocr_line' id='line_1_38' title="bbox 444 2026 1958 2107; baseline -0.002 -14"><span class='ocrx_word' id='word_1_261' title='bbox 444 2026 697 2097; x_wconf 68' lang='lat' dir='ltr'><strong>DicEmus</strong></span> <span class='ocrx_word' id='word_1_262' title='bbox 742 2053 925 2097; x_wconf 87' lang='lat' dir='ltr'><strong>autem</strong></span> <span class='ocrx_word' id='word_1_263' title='bbox 967 2051 1020 2097; x_wconf 91' lang='lat' dir='ltr'><strong>et</strong></span> <span class='ocrx_word' id='word_1_264' title='bbox 1066 2040 1367 2107; x_wconf 88' lang='lat' dir='ltr'><strong>medelam;</strong></span> <span class='ocrx_word' id='word_1_265' title='bbox 1410 2038 1623 2094; x_wconf 89' lang='lat' dir='ltr'><strong>urbana</strong></span> <span class='ocrx_word' id='word_1_266' title='bbox 1678 2036 1824 2092; x_wconf 91' lang='lat' dir='ltr'><strong>enim</strong></span> <span class='ocrx_word' id='word_1_267' title='bbox 1870 2043 1958 2092; x_wconf 89' lang='lat' dir='ltr'><strong>est</strong></span> 
     </span>
    </p>
   </div>
   <div class='ocr_carea' id='block_1_39' title="bbox 370 2127 1944 2204">
    <p class='ocr_par' dir='ltr' id='par_1_39' title="bbox 370 2127 1944 2204">
     <span class='ocr_line' id='line_1_39' title="bbox 370 2127 1944 2204; baseline -0.003 -19"><span class='ocrx_word' id='word_1_268' title='bbox 370 2132 484 2187; x_wconf 69' lang='lat' dir='ltr'><strong>ba‘e</strong></span> <span class='ocrx_word' id='word_1_269' title='bbox 529 2143 585 2187; x_wconf 92' lang='lat' dir='ltr'><strong>et</strong></span> <span class='ocrx_word' id='word_1_270' title='bbox 643 2133 941 2204; x_wconf 80' lang='lat' dir='ltr'><strong>martyrica</strong></span> <span class='ocrx_word' id='word_1_271' title='bbox 1000 2132 1159 2203; x_wconf 86' lang='lat' dir='ltr'><strong>plena</strong></span> <span class='ocrx_word' id='word_1_272' title='bbox 1204 2132 1380 2203; x_wconf 85' lang='lat' dir='ltr'><strong>gratia</strong></span> <span class='ocrx_word' id='word_1_273' title='bbox 1412 2129 1597 2186; x_wconf 79' lang='lat' dir='ltr'><strong>simul</strong></span> <span class='ocrx_word' id='word_1_274' title='bbox 1646 2136 1699 2184; x_wconf 89' lang='lat' dir='ltr'><strong>et</strong></span> <span class='ocrx_word' id='word_1_275' title='bbox 1740 2127 1944 2183; x_wconf 81' lang='lat' dir='ltr'><strong>fortitu-</strong></span> 
     </span>
    </p>
   </div>
   <div class='ocr_carea' id='block_1_40' title="bbox 2059 1853 3648 1929">
    <p class='ocr_par' dir='ltr' id='par_1_40' title="bbox 2059 1853 3648 1929">
     <span class='ocr_line' id='line_1_40' title="bbox 2059 1853 3648 1929; baseline 0.001 -22"><span class='ocrx_word' id='word_1_276' title='bbox 2059 1853 2224 1924; x_wconf 76' lang='grc' dir='ltr'>φημὶ,</span> <span class='ocrx_word' id='word_1_277' title='bbox 2255 1853 2352 1907; x_wconf 81' lang='grc' dir='ltr'><strong>καὶ</strong></span> <span class='ocrx_word' id='word_1_278' title='bbox 2404 1856 2506 1926; x_wconf 76' lang='grc' dir='ltr'>τῆς</span> <span class='ocrx_word' id='word_1_279' title='bbox 2546 1856 2769 1925; x_wconf 77' lang='grc' dir='ltr'>ῥώσεως</span> <span class='ocrx_word' id='word_1_280' title='bbox 2791 1870 2806 1886; x_wconf 83' lang='lat'><strong><em>°</em></strong></span> <span class='ocrx_word' id='word_1_281' title='bbox 2840 1856 2932 1910; x_wconf 79' lang='grc' dir='ltr'><strong>καί</strong></span> <span class='ocrx_word' id='word_1_282' title='bbox 2964 1854 3060 1928; x_wconf 78' lang='grc' dir='ltr'>τὴν</span> <span class='ocrx_word' id='word_1_283' title='bbox 3087 1856 3243 1910; x_wconf 90' lang='grc' dir='ltr'>νόσον</span> <span class='ocrx_word' id='word_1_284' title='bbox 3271 1855 3550 1926; x_wconf 81' lang='grc' dir='ltr'>διέφυγεν,</span> <span class='ocrx_word' id='word_1_285' title='bbox 3578 1857 3648 1929; x_wconf 79' lang='grc' dir='ltr'><strong>ήν</strong></span> 
     </span>
    </p>
   </div>
   <div class='ocr_carea' id='block_1_41' title="bbox 2057 1942 3194 2019">
    <p class='ocr_par' dir='ltr' id='par_1_41' title="bbox 2057 1942 3194 2019">
     <span class='ocr_line' id='line_1_41' title="bbox 2057 1942 3194 2019; baseline 0.004 -23"><span class='ocrx_word' id='word_1_286' title='bbox 2057 1942 2322 2014; x_wconf 72' lang='grc' dir='ltr'>ἐκφυγεῖν</span> <span class='ocrx_word' id='word_1_287' title='bbox 2354 1942 2587 2011; x_wconf 73' lang='grc' dir='ltr'>θανάτου</span> <span class='ocrx_word' id='word_1_288' title='bbox 2628 1947 2800 2017; x_wconf 74' lang='grc' dir='ltr'>χωρὶς</span> <span class='ocrx_word' id='word_1_289' title='bbox 2828 1946 2928 2000; x_wconf 78' lang='grc' dir='ltr'><strong>οὐκ</strong></span> <span class='ocrx_word' id='word_1_290' title='bbox 2952 1947 3194 2019; x_wconf 76' lang='grc' dir='ltr'>ἐνόμιζε.</span> 
     </span>
    </p>
   </div>
   <div class='ocr_carea' id='block_1_42' title="bbox 2131 2035 3645 2112">
    <p class='ocr_par' dir='ltr' id='par_1_42' title="bbox 2131 2035 3645 2112">
     <span class='ocr_line' id='line_1_42' title="bbox 2131 2035 3645 2112; baseline 0.002 -21"><span class='ocrx_word' id='word_1_291' title='bbox 2131 2036 2400 2108; x_wconf 80' lang='grc' dir='ltr'>Δέξωμεν</span> <span class='ocrx_word' id='word_1_292' title='bbox 2428 2036 2487 2092; x_wconf 79' lang='grc' dir='ltr'>δὲ</span> <span class='ocrx_word' id='word_1_293' title='bbox 2517 2040 2612 2092; x_wconf 70' lang='grc' dir='ltr'>καὶ</span> <span class='ocrx_word' id='word_1_294' title='bbox 2655 2038 2754 2112; x_wconf 76' lang='grc' dir='ltr'>τὴν</span> <span class='ocrx_word' id='word_1_295' title='bbox 2778 2040 2923 2093; x_wconf 77' lang='grc' dir='ltr'>τασιν</span> <span class='ocrx_word' id='word_1_296' title='bbox 2943 2056 2958 2073; x_wconf 78' lang='grc' dir='ltr'><strong>ο</strong></span> <span class='ocrx_word' id='word_1_297' title='bbox 2985 2040 3175 2093; x_wconf 83' lang='grc' dir='ltr'>ἀστεία</span> <span class='ocrx_word' id='word_1_298' title='bbox 3209 2039 3315 2112; x_wconf 83' lang='grc' dir='ltr'><strong>γὰρ</strong></span> <span class='ocrx_word' id='word_1_299' title='bbox 3346 2039 3508 2111; x_wconf 74' lang='grc' dir='ltr'>αὕτη,</span> <span class='ocrx_word' id='word_1_300' title='bbox 3549 2035 3645 2096; x_wconf 60' lang='grc' dir='ltr'>καὶ</span> 
     </span>
    </p>
   </div>
   <div class='ocr_carea' id='block_1_43' title="bbox 2058 2130 3641 2204">
    <p class='ocr_par' dir='ltr' id='par_1_43' title="bbox 2058 2130 3641 2204">
     <span class='ocr_line' id='line_1_43' title="bbox 2058 2130 3641 2204; baseline 0.003 -21"><span class='ocrx_word' id='word_1_301' title='bbox 2058 2130 2402 2202; x_wconf 85' lang='grc' dir='ltr'>μαρτυρικῆς</span> <span class='ocrx_word' id='word_1_302' title='bbox 2439 2131 2687 2203; x_wconf 81' lang='grc' dir='ltr'>γέμουσα</span> <span class='ocrx_word' id='word_1_303' title='bbox 2736 2133 2955 2204; x_wconf 85' lang='grc' dir='ltr'>χάριτος</span> <span class='ocrx_word' id='word_1_304' title='bbox 3017 2132 3154 2203; x_wconf 82' lang='grc' dir='ltr'>ὁμοῦ</span> <span class='ocrx_word' id='word_1_305' title='bbox 3194 2135 3288 2187; x_wconf 71' lang='grc' dir='ltr'><strong>καὶ</strong></span> <span class='ocrx_word' id='word_1_306' title='bbox 3340 2132 3641 2203; x_wconf 80' lang='grc' dir='ltr'>δυνάμεως.</span> 
     </span>
    </p>
   </div>
   <div class='ocr_carea' id='block_1_44' title="bbox 367 2221 1950 2296">
    <p class='ocr_par' dir='ltr' id='par_1_44' title="bbox 367 2222 1950 2292">
     <span class='ocr_line' id='line_1_44' title="bbox 367 2222 1950 2292; baseline -0.002 -14"><span class='ocrx_word' id='word_1_307' title='bbox 367 2223 517 2278; x_wconf 89' lang='lat' dir='ltr'><strong>diue.</strong></span> <span class='ocrx_word' id='word_1_308' title='bbox 551 2223 851 2280; x_wconf 85' lang='lat' dir='ltr'><strong>Dormienti</strong></span> <span class='ocrx_word' id='word_1_309' title='bbox 880 2223 1026 2278; x_wconf 89' lang='lat' dir='ltr'><strong>enim</strong></span> <span class='ocrx_word' id='word_1_310' title='bbox 1055 2223 1102 2278; x_wconf 92' lang='lat' dir='ltr'><strong>ei</strong></span> <span class='ocrx_word' id='word_1_311' title='bbox 1145 2222 1237 2292; x_wconf 91' lang='lat' dir='ltr'><strong>qui</strong></span> <span class='ocrx_word' id='word_1_312' title='bbox 1269 2222 1581 2292; x_wconf 87' lang='lat' dir='ltr'><strong>patiebatur</strong></span> <span class='ocrx_word' id='word_1_313' title='bbox 1604 2230 1950 2292; x_wconf 87' lang='lat' dir='ltr'><strong>apparentes,</strong></span> 
     </span>
    </p>
   </div>
   <div class='ocr_carea' id='block_1_45' title="bbox 2053 2221 3646 2296">
    <p class='ocr_par' dir='ltr' id='par_1_45' title="bbox 2054 2221 3646 2296">
     <span class='ocr_line' id='line_1_45' title="bbox 2054 2221 3646 2296; baseline 0.003 -23"><span class='ocrx_word' id='word_1_314' title='bbox 2054 2221 2317 2286; x_wconf 79' lang='grc' dir='ltr'>Φανέντες</span> <span class='ocrx_word' id='word_1_315' title='bbox 2370 2224 2479 2295; x_wconf 82' lang='grc' dir='ltr'><strong>γὰρ</strong></span> <span class='ocrx_word' id='word_1_316' title='bbox 2514 2226 2844 2295; x_wconf 82' lang='grc' dir='ltr'>κοιμωμένῳ</span> <span class='ocrx_word' id='word_1_317' title='bbox 2872 2224 2950 2296; x_wconf 82' lang='grc' dir='ltr'>τῷ</span> <span class='ocrx_word' id='word_1_318' title='bbox 2985 2224 3269 2295; x_wconf 78' lang='grc' dir='ltr'>πάσχοντι,</span> <span class='ocrx_word' id='word_1_319' title='bbox 3317 2227 3411 2280; x_wconf 74' lang='grc' dir='ltr'><strong>καὶ</strong></span> <span class='ocrx_word' id='word_1_320' title='bbox 3447 2222 3646 2289; x_wconf 74' lang='grc' dir='ltr'>ἰδόντες</span> 
     </span>
    </p>
   </div>
   <div class='ocr_carea' id='block_1_46' title="bbox 366 2314 1957 2386">
    <p class='ocr_par' dir='ltr' id='par_1_46' title="bbox 366 2314 1957 2386">
     <span class='ocr_line' id='line_1_46' title="bbox 366 2314 1957 2386; baseline -0.001 -16"><span class='ocrx_word' id='word_1_321' title='bbox 366 2324 421 2370; x_wconf 78' lang='lat' dir='ltr'><strong>et</strong></span> <span class='ocrx_word' id='word_1_322' title='bbox 450 2330 571 2385; x_wconf 66' lang='lat' dir='ltr'><strong>quae</strong></span> <span class='ocrx_word' id='word_1_323' title='bbox 613 2316 780 2371; x_wconf 85' lang='lat' dir='ltr'><strong>corde</strong></span> <span class='ocrx_word' id='word_1_324' title='bbox 810 2316 986 2386; x_wconf 86' lang='lat' dir='ltr'><strong>ipsius</strong></span> <span class='ocrx_word' id='word_1_325' title='bbox 1021 2315 1385 2370; x_wconf 80' lang='lat' dir='ltr'><strong>versabantur</strong></span> <span class='ocrx_word' id='word_1_326' title='bbox 1417 2329 1567 2370; x_wconf 88' lang='lat' dir='ltr'><strong>mere</strong></span> <span class='ocrx_word' id='word_1_327' title='bbox 1597 2314 1858 2379; x_wconf 86' lang='lat' dir='ltr'><strong>scientes,</strong></span> <span class='ocrx_word' id='word_1_328' title='bbox 1902 2322 1957 2369; x_wconf 89' lang='lat' dir='ltr'><strong>et</strong></span> 
     </span>
    </p>
   </div>
   <div class='ocr_carea' id='block_1_47' title="bbox 367 2408 1953 2479">
    <p class='ocr_par' dir='ltr' id='par_1_47' title="bbox 367 2408 1953 2479">
     <span class='ocr_line' id='line_1_47' title="bbox 367 2408 1953 2479; baseline 0.001 -18"><span class='ocrx_word' id='word_1_329' title='bbox 367 2409 603 2478; x_wconf 84' lang='lat' dir='ltr'><strong>qualiter</strong></span> <span class='ocrx_word' id='word_1_330' title='bbox 618 2409 914 2479; x_wconf 87' lang='lat' dir='ltr'><strong>aliquando</strong></span> <span class='ocrx_word' id='word_1_331' title='bbox 945 2408 1163 2478; x_wconf 86' lang='lat' dir='ltr'><strong>quidem</strong></span> <span class='ocrx_word' id='word_1_332' title='bbox 1190 2415 1425 2464; x_wconf 64' lang='lat' dir='ltr'><strong>mlestus</strong></span> <span class='ocrx_word' id='word_1_333' title='bbox 1452 2416 1681 2465; x_wconf 88' lang='lat' dir='ltr'><strong>mortem</strong></span> <span class='ocrx_word' id='word_1_334' title='bbox 1713 2416 1953 2475; x_wconf 88' lang='lat' dir='ltr'><strong>vocaret,</strong></span> 
     </span>
    </p>
   </div>
   <div class='ocr_carea' id='block_1_48' title="bbox 367 2500 1955 2574">
    <p class='ocr_par' dir='ltr' id='par_1_48' title="bbox 367 2500 1955 2574">
     <span class='ocr_line' id='line_1_48' title="bbox 367 2500 1955 2574; baseline 0 -18"><span class='ocrx_word' id='word_1_335' title='bbox 367 2510 420 2556; x_wconf 86' lang='lat' dir='ltr'><strong>et</strong></span> <span class='ocrx_word' id='word_1_336' title='bbox 444 2511 591 2557; x_wconf 88' lang='lat' dir='ltr'><strong>terra</strong></span> <span class='ocrx_word' id='word_1_337' title='bbox 610 2502 767 2556; x_wconf 87' lang='lat' dir='ltr'><strong>obrui</strong></span> <span class='ocrx_word' id='word_1_338' title='bbox 792 2500 934 2574; x_wconf 78' lang='grc' dir='ltr'>[ιοιί.</span> <span class='ocrx_word' id='word_1_339' title='bbox 964 2501 1117 2574; x_wconf 81' lang='lat' dir='ltr'><strong>exui]</strong></span> <span class='ocrx_word' id='word_1_340' title='bbox 1142 2502 1323 2568; x_wconf 78' lang='lat' dir='ltr'><strong>vellet,</strong></span> <span class='ocrx_word' id='word_1_341' title='bbox 1350 2500 1650 2573; x_wconf 85' lang='lat' dir='ltr'><strong>aliquando</strong></span> <span class='ocrx_word' id='word_1_342' title='bbox 1671 2516 1799 2556; x_wconf 88' lang='lat' dir='ltr'><strong>vero</strong></span> <span class='ocrx_word' id='word_1_343' title='bbox 1820 2514 1955 2556; x_wconf 88' lang='lat' dir='ltr'><strong>con-</strong></span> 
     </span>
    </p>
   </div>
   <div class='ocr_carea' id='block_1_49' title="bbox 367 2592 1956 2663">
    <p class='ocr_par' dir='ltr' id='par_1_49' title="bbox 367 2592 1956 2663">
     <span class='ocr_line' id='line_1_49' title="bbox 367 2592 1956 2663; baseline -0.001 -15"><span class='ocrx_word' id='word_1_344' title='bbox 367 2601 453 2648; x_wconf 89' lang='lat' dir='ltr'><strong>tra</strong></span> <span class='ocrx_word' id='word_1_345' title='bbox 492 2609 593 2663; x_wconf 86' lang='lat' dir='ltr'><strong>pro</strong></span> <span class='ocrx_word' id='word_1_346' title='bbox 624 2593 859 2648; x_wconf 84' lang='lat' dir='ltr'><strong>sanitate</strong></span> <span class='ocrx_word' id='word_1_347' title='bbox 895 2593 1237 2649; x_wconf 85' lang='lat' dir='ltr'><strong>intercedere</strong></span> <span class='ocrx_word' id='word_1_348' title='bbox 1266 2602 1321 2649; x_wconf 91' lang='lat' dir='ltr'><strong>et</strong></span> <span class='ocrx_word' id='word_1_349' title='bbox 1356 2594 1535 2649; x_wconf 80' lang='lat' dir='ltr'><strong>vivere</strong></span> <span class='ocrx_word' id='word_1_350' title='bbox 1563 2592 1609 2648; x_wconf 87' lang='lat' dir='ltr'><strong>si</strong></span> <span class='ocrx_word' id='word_1_351' title='bbox 1643 2608 1814 2648; x_wconf 90' lang='lat' dir='ltr'><strong>sanus</strong></span> <span class='ocrx_word' id='word_1_352' title='bbox 1843 2592 1956 2649; x_wconf 82' lang='lat' dir='ltr'><strong>elli-</strong></span> 
     </span>
    </p>
   </div>
   <div class='ocr_carea' id='block_1_50' title="bbox 371 2683 1955 2756">
    <p class='ocr_par' dir='ltr' id='par_1_50' title="bbox 371 2683 1955 2756">
     <span class='ocr_line' id='line_1_50' title="bbox 371 2683 1955 2756; baseline 0 -17"><span class='ocrx_word' id='word_1_353' title='bbox 371 2693 596 2739; x_wconf 88' lang='lat' dir='ltr'><strong>eeretur</strong></span> <span class='ocrx_word' id='word_1_354' title='bbox 618 2695 823 2749; x_wconf 89' lang='lat' dir='ltr'><strong>oraret,</strong></span> <span class='ocrx_word' id='word_1_355' title='bbox 853 2684 1037 2740; x_wconf 80' lang='lat' dir='ltr'><strong>facere</strong></span> <span class='ocrx_word' id='word_1_356' title='bbox 1063 2683 1474 2756; x_wconf 89' lang='lat' dir='ltr'><strong>quodannnodo</strong></span> <span class='ocrx_word' id='word_1_357' title='bbox 1506 2693 1803 2754; x_wconf 91' lang='lat' dir='ltr'><strong>utrumque</strong></span> <span class='ocrx_word' id='word_1_358' title='bbox 1824 2699 1955 2754; x_wconf 67' lang='lat' dir='ltr'><strong>prae-</strong></span> 
     </span>
    </p>
   </div>
   <div class='ocr_carea' id='block_1_51' title="bbox 368 2773 1952 2846">
    <p class='ocr_par' dir='ltr' id='par_1_51' title="bbox 368 2773 1952 2846">
     <span class='ocr_line' id='line_1_51' title="bbox 368 2773 1952 2846; baseline 0 -17"><span class='ocrx_word' id='word_1_359' title='bbox 368 2775 601 2844; x_wconf 87' lang='lat' dir='ltr'><strong>cipiunt,</strong></span> <span class='ocrx_word' id='word_1_360' title='bbox 637 2784 691 2828; x_wconf 88' lang='lat' dir='ltr'><strong>et</strong></span> <span class='ocrx_word' id='word_1_361' title='bbox 738 2776 1030 2829; x_wconf 84' lang='lat' dir='ltr'><strong>sanitatem</strong></span> <span class='ocrx_word' id='word_1_362' title='bbox 1071 2774 1433 2846; x_wconf 80' lang='lat' dir='ltr'><strong>porrigentes,</strong></span> <span class='ocrx_word' id='word_1_363' title='bbox 1474 2784 1529 2828; x_wconf 86' lang='lat' dir='ltr'><strong>et</strong></span> <span class='ocrx_word' id='word_1_364' title='bbox 1576 2773 1952 2845; x_wconf 87' lang='lat' dir='ltr'><strong>sepeliendum</strong></span> 
     </span>
    </p>
   </div>
   <div class='ocr_carea' id='block_1_52' title="bbox 367 2864 1954 2937">
    <p class='ocr_par' dir='ltr' id='par_1_52' title="bbox 367 2864 1954 2937">
     <span class='ocr_line' id='line_1_52' title="bbox 367 2864 1954 2937; baseline 0.001 -16"><span class='ocrx_word' id='word_1_365' title='bbox 367 2875 533 2922; x_wconf 73' lang='lat' dir='ltr'><strong>terra:</strong></span> <span class='ocrx_word' id='word_1_366' title='bbox 574 2866 903 2923; x_wconf 82' lang='lat' dir='ltr'><strong>tribuentes.</strong></span> <span class='ocrx_word' id='word_1_367' title='bbox 963 2864 1019 2921; x_wconf 87' lang='lat' dir='ltr'><strong>Si</strong></span> <span class='ocrx_word' id='word_1_368' title='bbox 1068 2867 1211 2921; x_wconf 90' lang='lat' dir='ltr'><strong>enim</strong></span> <span class='ocrx_word' id='word_1_369' title='bbox 1260 2867 1363 2932; x_wconf 87' lang='lat' dir='ltr'><strong>vis,</strong></span> <span class='ocrx_word' id='word_1_370' title='bbox 1428 2867 1627 2937; x_wconf 90' lang='lat' dir='ltr'><strong>inquit,</strong></span> <span class='ocrx_word' id='word_1_371' title='bbox 1675 2867 1954 2936; x_wconf 82' lang='lat' dir='ltr'><strong>ereptione</strong></span> 
     </span>
    </p>
   </div>
   <div class='ocr_carea' id='block_1_53' title="bbox 368 2959 1953 3032">
    <p class='ocr_par' dir='ltr' id='par_1_53' title="bbox 368 2959 1953 3032">
     <span class='ocr_line' id='line_1_53' title="bbox 368 2959 1953 3032; baseline 0.001 -19"><span class='ocrx_word' id='word_1_372' title='bbox 368 2960 535 3031; x_wconf 89' lang='lat' dir='ltr'><strong>potiri</strong></span> <span class='ocrx_word' id='word_1_373' title='bbox 594 2961 904 3031; x_wconf 76' lang='lat' dir='ltr'><strong>languoris,</strong></span> <span class='ocrx_word' id='word_1_374' title='bbox 960 2975 989 3014; x_wconf 89' lang='lat' dir='ltr'><strong>a</strong></span> <span class='ocrx_word' id='word_1_375' title='bbox 1042 2959 1245 3031; x_wconf 88' lang='lat' dir='ltr'><strong>templo</strong></span> <span class='ocrx_word' id='word_1_376' title='bbox 1293 2960 1544 3017; x_wconf 87' lang='lat' dir='ltr'><strong>sublatus</strong></span> <span class='ocrx_word' id='word_1_377' title='bbox 1587 2961 1869 3032; x_wconf 86' lang='lat' dir='ltr'><strong>egredere,</strong></span> <span class='ocrx_word' id='word_1_378' title='bbox 1898 2966 1953 3015; x_wconf 86' lang='lat' dir='ltr'><strong>et</strong></span> 
     </span>
    </p>
   </div>
   <div class='ocr_carea' id='block_1_54' title="bbox 368 3051 1946 3122">
    <p class='ocr_par' dir='ltr' id='par_1_54' title="bbox 368 3051 1946 3122">
     <span class='ocr_line' id='line_1_54' title="bbox 368 3051 1946 3122; baseline 0.002 -17"><span class='ocrx_word' id='word_1_379' title='bbox 368 3051 718 3122; x_wconf 87' lang='lat' dir='ltr'><strong>temetipsum</strong></span> <span class='ocrx_word' id='word_1_380' title='bbox 773 3052 940 3120; x_wconf 79' lang='lat' dir='ltr'><strong>sepeli</strong></span> <span class='ocrx_word' id='word_1_381' title='bbox 974 3066 1143 3106; x_wconf 88' lang='lat' dir='ltr'><strong>arena</strong></span> <span class='ocrx_word' id='word_1_382' title='bbox 1175 3051 1376 3106; x_wconf 91' lang='lat' dir='ltr'><strong>vicina.</strong></span> <span class='ocrx_word' id='word_1_383' title='bbox 1422 3053 1492 3105; x_wconf 82' lang='lat' dir='ltr'><strong>At</strong></span> <span class='ocrx_word' id='word_1_384' title='bbox 1532 3051 1622 3106; x_wconf 90' lang='lat' dir='ltr'><strong>ille</strong></span> <span class='ocrx_word' id='word_1_385' title='bbox 1646 3066 1946 3108; x_wconf 87' lang='lat' dir='ltr'><strong>conversus</strong></span> 
     </span>
    </p>
   </div>
   <div class='ocr_carea' id='block_1_55' title="bbox 366 3143 1942 3214">
    <p class='ocr_par' dir='ltr' id='par_1_55' title="bbox 366 3143 1942 3214">
     <span class='ocr_line' id='line_1_55' title="bbox 366 3143 1942 3214; baseline 0 -16"><span class='ocrx_word' id='word_1_386' title='bbox 366 3150 491 3213; x_wconf 84' lang='lat' dir='ltr'><strong>post</strong></span> <span class='ocrx_word' id='word_1_387' title='bbox 525 3144 795 3213; x_wconf 87' lang='lat' dir='ltr'><strong>optimum</strong></span> <span class='ocrx_word' id='word_1_388' title='bbox 823 3143 1122 3208; x_wconf 89' lang='lat' dir='ltr'><strong>somnium,</strong></span> <span class='ocrx_word' id='word_1_389' title='bbox 1157 3143 1350 3199; x_wconf 85' lang='lat' dir='ltr'><strong>mortis</strong></span> <span class='ocrx_word' id='word_1_390' title='bbox 1374 3146 1557 3214; x_wconf 83' lang='lat' dir='ltr'><strong>potius</strong></span> <span class='ocrx_word' id='word_1_391' title='bbox 1596 3160 1758 3214; x_wconf 84' lang='lat' dir='ltr'><strong>quam</strong></span> <span class='ocrx_word' id='word_1_392' title='bbox 1791 3144 1942 3200; x_wconf 88' lang='lat' dir='ltr'><strong>sani-</strong></span> 
     </span>
    </p>
   </div>
   <div class='ocr_carea' id='block_1_56' title="bbox 365 3234 1942 3306">
    <p class='ocr_par' dir='ltr' id='par_1_56' title="bbox 365 3234 1942 3306">
     <span class='ocr_line' id='line_1_56' title="bbox 365 3234 1942 3306; baseline 0.004 -19"><span class='ocrx_word' id='word_1_393' title='bbox 365 3238 496 3288; x_wconf 80' lang='lat' dir='ltr'><strong>tatis</strong></span> <span class='ocrx_word' id='word_1_394' title='bbox 521 3234 804 3299; x_wconf 84' lang='lat' dir='ltr'><strong>iudiciuin,</strong></span> <span class='ocrx_word' id='word_1_395' title='bbox 830 3234 974 3287; x_wconf 87' lang='lat' dir='ltr'><strong>illam</strong></span> <span class='ocrx_word' id='word_1_396' title='bbox 1010 3235 1063 3289; x_wconf 92' lang='lat' dir='ltr'><strong>in</strong></span> <span class='ocrx_word' id='word_1_397' title='bbox 1105 3249 1268 3290; x_wconf 87' lang='lat' dir='ltr'><strong>arena</strong></span> <span class='ocrx_word' id='word_1_398' title='bbox 1314 3236 1647 3306; x_wconf 85' lang='lat' dir='ltr'><strong>sepulturam</strong></span> <span class='ocrx_word' id='word_1_399' title='bbox 1678 3236 1942 3306; x_wconf 88' lang='lat' dir='ltr'><strong>conjicie-</strong></span> 
     </span>
    </p>
   </div>
   <div class='ocr_carea' id='block_1_57' title="bbox 366 3325 1945 3398">
    <p class='ocr_par' dir='ltr' id='par_1_57' title="bbox 366 3325 1945 3398">
     <span class='ocr_line' id='line_1_57' title="bbox 366 3325 1945 3398; baseline 0.003 -18"><span class='ocrx_word' id='word_1_400' title='bbox 366 3325 498 3392; x_wconf 87' lang='lat' dir='ltr'><strong>bat;</strong></span> <span class='ocrx_word' id='word_1_401' title='bbox 523 3335 576 3380; x_wconf 88' lang='lat' dir='ltr'><strong>et</strong></span> <span class='ocrx_word' id='word_1_402' title='bbox 616 3333 799 3381; x_wconf 88' lang='lat' dir='ltr'><strong>tamen</strong></span> <span class='ocrx_word' id='word_1_403' title='bbox 849 3327 975 3395; x_wconf 89' lang='lat' dir='ltr'><strong>quia</strong></span> <span class='ocrx_word' id='word_1_404' title='bbox 1013 3338 1326 3398; x_wconf 83' lang='lat' dir='ltr'><strong>utrumque,</strong></span> <span class='ocrx_word' id='word_1_405' title='bbox 1371 3338 1603 3383; x_wconf 87' lang='lat' dir='ltr'><strong>mortem</strong></span> <span class='ocrx_word' id='word_1_406' title='bbox 1638 3328 1852 3384; x_wconf 87' lang='lat' dir='ltr'><strong>scilicet</strong></span> <span class='ocrx_word' id='word_1_407' title='bbox 1890 3336 1945 3385; x_wconf 84' lang='lat' dir='ltr'><strong>et</strong></span> 
     </span>
    </p>
   </div>
   <div class='ocr_carea' id='block_1_58' title="bbox 367 3418 1940 3491">
    <p class='ocr_par' dir='ltr' id='par_1_58' title="bbox 367 3418 1940 3491">
     <span class='ocr_line' id='line_1_58' title="bbox 367 3418 1940 3491; baseline 0.003 -19"><span class='ocrx_word' id='word_1_408' title='bbox 367 3418 683 3484; x_wconf 79' lang='lat' dir='ltr'><strong>sanitatem,</strong></span> <span class='ocrx_word' id='word_1_409' title='bbox 727 3418 827 3475; x_wconf 89' lang='lat' dir='ltr'><strong>etsi</strong></span> <span class='ocrx_word' id='word_1_410' title='bbox 868 3434 977 3473; x_wconf 92' lang='lat' dir='ltr'><strong>non</strong></span> <span class='ocrx_word' id='word_1_411' title='bbox 1018 3419 1292 3485; x_wconf 86' lang='lat' dir='ltr'><strong>similiter,</strong></span> <span class='ocrx_word' id='word_1_412' title='bbox 1330 3430 1554 3490; x_wconf 86' lang='lat' dir='ltr'><strong>propter</strong></span> <span class='ocrx_word' id='word_1_413' title='bbox 1599 3421 1940 3491; x_wconf 75' lang='lat' dir='ltr'><strong>languorem,</strong></span> 
     </span>
    </p>
   </div>
   <div class='ocr_carea' id='block_1_59' title="bbox 369 3507 1943 3578">
    <p class='ocr_par' dir='ltr' id='par_1_59' title="bbox 369 3507 1943 3578">
     <span class='ocr_line' id='line_1_59' title="bbox 369 3507 1943 3578; baseline 0.003 -17"><span class='ocrx_word' id='word_1_414' title='bbox 369 3507 740 3570; x_wconf 84' lang='lat' dir='ltr'><strong>desiderabat,</strong></span> <span class='ocrx_word' id='word_1_415' title='bbox 775 3516 1105 3578; x_wconf 65' lang='lat' dir='ltr'><strong>praeceptum</strong></span> <span class='ocrx_word' id='word_1_416' title='bbox 1130 3510 1347 3565; x_wconf 86' lang='lat' dir='ltr'><strong>concite</strong></span> <span class='ocrx_word' id='word_1_417' title='bbox 1374 3510 1627 3575; x_wconf 80' lang='lat' dir='ltr'><strong>faciebat,</strong></span> <span class='ocrx_word' id='word_1_418' title='bbox 1655 3512 1781 3566; x_wconf 63' lang='lat' dir='ltr'><strong>vita:</strong></span> <span class='ocrx_word' id='word_1_419' title='bbox 1819 3526 1943 3566; x_wconf 91' lang='lat' dir='ltr'><strong>cum</strong></span> 
     </span>
    </p>
   </div>
   <div class='ocr_carea' id='block_1_60' title="bbox 373 3599 1946 3672">
    <p class='ocr_par' dir='ltr' id='par_1_60' title="bbox 373 3599 1946 3672">
     <span class='ocr_line' id='line_1_60' title="bbox 373 3599 1946 3672; baseline 0.002 -19"><span class='ocrx_word' id='word_1_420' title='bbox 373 3599 563 3654; x_wconf 90' lang='lat' dir='ltr'><strong>dolore</strong></span> <span class='ocrx_word' id='word_1_421' title='bbox 596 3599 798 3653; x_wconf 72' lang='lat' dir='ltr'><strong>babine</strong></span> <span class='ocrx_word' id='word_1_422' title='bbox 838 3616 1162 3671; x_wconf 65' lang='lat' dir='ltr'><strong>praeponens</strong></span> <span class='ocrx_word' id='word_1_423' title='bbox 1190 3611 1501 3672; x_wconf 90' lang='lat' dir='ltr'><strong>utrumque,</strong></span> <span class='ocrx_word' id='word_1_424' title='bbox 1532 3612 1762 3657; x_wconf 91' lang='lat' dir='ltr'><strong>mortem</strong></span> <span class='ocrx_word' id='word_1_425' title='bbox 1792 3601 1946 3658; x_wconf 87' lang='lat' dir='ltr'><strong>scili-</strong></span> 
     </span>
    </p>
   </div>
   <div class='ocr_carea' id='block_1_61' title="bbox 369 3691 1945 3766">
    <p class='ocr_par' dir='ltr' id='par_1_61' title="bbox 369 3691 1945 3766">
     <span class='ocr_line' id='line_1_61' title="bbox 369 3691 1945 3766; baseline 0.002 -19"><span class='ocrx_word' id='word_1_426' title='bbox 369 3700 455 3747; x_wconf 88' lang='lat' dir='ltr'><strong>cet</strong></span> <span class='ocrx_word' id='word_1_427' title='bbox 476 3692 598 3747; x_wconf 89' lang='lat' dir='ltr'><strong>sine</strong></span> <span class='ocrx_word' id='word_1_428' title='bbox 626 3691 835 3757; x_wconf 84' lang='lat' dir='ltr'><strong>dolore,</strong></span> <span class='ocrx_word' id='word_1_429' title='bbox 864 3700 918 3747; x_wconf 89' lang='lat' dir='ltr'><strong>et</strong></span> <span class='ocrx_word' id='word_1_430' title='bbox 943 3693 1108 3748; x_wconf 89' lang='lat' dir='ltr'><strong>vitam</strong></span> <span class='ocrx_word' id='word_1_431' title='bbox 1133 3693 1339 3763; x_wconf 87' lang='lat' dir='ltr'><strong>absque</strong></span> <span class='ocrx_word' id='word_1_432' title='bbox 1369 3694 1652 3765; x_wconf 89' lang='lat' dir='ltr'><strong>languore.</strong></span> <span class='ocrx_word' id='word_1_433' title='bbox 1681 3693 1945 3766; x_wconf 77' lang='lat' dir='ltr'><strong>Egressus</strong></span> 
     </span>
    </p>
   </div>
   <div class='ocr_carea' id='block_1_62' title="bbox 370 3783 1941 3854">
    <p class='ocr_par' dir='ltr' id='par_1_62' title="bbox 370 3783 1941 3854">
     <span class='ocr_line' id='line_1_62' title="bbox 370 3783 1941 3854; baseline 0.002 -17"><span class='ocrx_word' id='word_1_434' title='bbox 370 3798 501 3853; x_wconf 82' lang='lat' dir='ltr'><strong>ergo</strong></span> <span class='ocrx_word' id='word_1_435' title='bbox 527 3783 799 3854; x_wconf 89' lang='lat' dir='ltr'><strong>atemplo,</strong></span> <span class='ocrx_word' id='word_1_436' title='bbox 840 3793 895 3839; x_wconf 86' lang='lat' dir='ltr'><strong>et</strong></span> <span class='ocrx_word' id='word_1_437' title='bbox 937 3799 1124 3850; x_wconf 82' lang='lat' dir='ltr'><strong>arena,</strong></span> <span class='ocrx_word' id='word_1_438' title='bbox 1150 3794 1207 3840; x_wconf 90' lang='lat' dir='ltr'><strong>ut</strong></span> <span class='ocrx_word' id='word_1_439' title='bbox 1232 3785 1422 3854; x_wconf 87' lang='lat' dir='ltr'><strong>jussus</strong></span> <span class='ocrx_word' id='word_1_440' title='bbox 1454 3784 1654 3852; x_wconf 82' lang='lat' dir='ltr'><strong>fuerat,</strong></span> <span class='ocrx_word' id='word_1_441' title='bbox 1686 3784 1941 3850; x_wconf 88' lang='lat' dir='ltr'><strong>obrutus,</strong></span> 
     </span>
    </p>
   </div>
   <div class='ocr_carea' id='block_1_63' title="bbox 367 3875 1941 3948">
    <p class='ocr_par' dir='ltr' id='par_1_63' title="bbox 367 3875 1941 3948">
     <span class='ocr_line' id='line_1_63' title="bbox 367 3875 1941 3948; baseline 0.006 -23"><span class='ocrx_word' id='word_1_442' title='bbox 367 3884 423 3929; x_wconf 84' lang='lat' dir='ltr'><strong>rt</strong></span> <span class='ocrx_word' id='word_1_443' title='bbox 452 3875 737 3931; x_wconf 86' lang='lat' dir='ltr'><strong>sanitatem</strong></span> <span class='ocrx_word' id='word_1_444' title='bbox 775 3877 1040 3947; x_wconf 87' lang='lat' dir='ltr'><strong>percepit,</strong></span> <span class='ocrx_word' id='word_1_445' title='bbox 1084 3886 1139 3932; x_wconf 88' lang='lat' dir='ltr'><strong>et</strong></span> <span class='ocrx_word' id='word_1_446' title='bbox 1172 3889 1444 3948; x_wconf 88' lang='lat' dir='ltr'><strong>speratam</strong></span> <span class='ocrx_word' id='word_1_447' title='bbox 1478 3885 1705 3933; x_wconf 87' lang='lat' dir='ltr'><strong>mortem</strong></span> <span class='ocrx_word' id='word_1_448' title='bbox 1746 3879 1941 3934; x_wconf 84' lang='lat' dir='ltr'><strong>evasit.</strong></span> 
     </span>
    </p>
   </div>
   <div class='ocr_carea' id='block_1_64' title="bbox 366 3972 1944 4044">
    <p class='ocr_par' dir='ltr' id='par_1_64' title="bbox 366 3972 1944 4044">
     <span class='ocr_line' id='line_1_64' title="bbox 366 3972 1944 4044; baseline -0.001 -14"><span class='ocrx_word' id='word_1_449' title='bbox 366 3972 502 4030; x_wconf 74' lang='lat' dir='ltr'><strong>Cum</strong></span> <span class='ocrx_word' id='word_1_450' title='bbox 534 3974 680 4029; x_wconf 89' lang='lat' dir='ltr'><strong>enim</strong></span> <span class='ocrx_word' id='word_1_451' title='bbox 725 3988 890 4027; x_wconf 84' lang='lat' dir='ltr'><strong>arena</strong></span> <span class='ocrx_word' id='word_1_452' title='bbox 932 3972 1277 4044; x_wconf 80' lang='lat' dir='ltr'><strong>sepeliretur,</strong></span> <span class='ocrx_word' id='word_1_453' title='bbox 1338 3972 1573 4028; x_wconf 86' lang='lat' dir='ltr'><strong>habebat</strong></span> <span class='ocrx_word' id='word_1_454' title='bbox 1606 3972 1768 4027; x_wconf 88' lang='lat' dir='ltr'><strong>etiam</strong></span> <span class='ocrx_word' id='word_1_455' title='bbox 1810 3988 1944 4028; x_wconf 92' lang='lat' dir='ltr'><strong>con-</strong></span> 
     </span>
    </p>
   </div>
   <div class='ocr_carea' id='block_1_65' title="bbox 367 4063 1945 4136">
    <p class='ocr_par' dir='ltr' id='par_1_65' title="bbox 367 4063 1945 4136">
     <span class='ocr_line' id='line_1_65' title="bbox 367 4063 1945 4136; baseline -0.002 -14"><span class='ocrx_word' id='word_1_456' title='bbox 367 4066 765 4135; x_wconf 82' lang='lat' dir='ltr'><strong>sepelieudium</strong></span> <span class='ocrx_word' id='word_1_457' title='bbox 817 4065 920 4120; x_wconf 91' lang='lat' dir='ltr'><strong>sibi</strong></span> <span class='ocrx_word' id='word_1_458' title='bbox 951 4064 1298 4136; x_wconf 80' lang='lat' dir='ltr'><strong>languorem;</strong></span> <span class='ocrx_word' id='word_1_459' title='bbox 1339 4080 1404 4118; x_wconf 78' lang='lat' dir='ltr'><strong>ex</strong></span> <span class='ocrx_word' id='word_1_460' title='bbox 1449 4063 1553 4118; x_wconf 87' lang='lat' dir='ltr'><strong>bac</strong></span> <span class='ocrx_word' id='word_1_461' title='bbox 1601 4071 1778 4119; x_wconf 89' lang='lat' dir='ltr'><strong>autem</strong></span> <span class='ocrx_word' id='word_1_462' title='bbox 1823 4071 1945 4135; x_wconf 87' lang='lat' dir='ltr'><strong>post</strong></span> 
     </span>
    </p>
   </div>
   <div class='ocr_carea' id='block_1_66' title="bbox 368 4156 1943 4229">
    <p class='ocr_par' dir='ltr' id='par_1_66' title="bbox 368 4156 1943 4229">
     <span class='ocr_line' id='line_1_66' title="bbox 368 4156 1943 4229; baseline -0.004 -13"><span class='ocrx_word' id='word_1_463' title='bbox 368 4158 708 4229; x_wconf 88' lang='lat' dir='ltr'><strong>sepulturam</strong></span> <span class='ocrx_word' id='word_1_464' title='bbox 744 4172 1059 4228; x_wconf 78' lang='lat' dir='ltr'><strong>resurgens,</strong></span> <span class='ocrx_word' id='word_1_465' title='bbox 1097 4172 1204 4212; x_wconf 94' lang='lat' dir='ltr'><strong>non</strong></span> <span class='ocrx_word' id='word_1_466' title='bbox 1243 4156 1478 4213; x_wconf 84' lang='lat' dir='ltr'><strong>habebat</strong></span> <span class='ocrx_word' id='word_1_467' title='bbox 1519 4163 1943 4226; x_wconf 89' lang='lat' dir='ltr'><strong>consurgentem</strong></span> 
     </span>
    </p>
   </div>
   <div class='ocr_carea' id='block_1_67' title="bbox 368 4247 1947 4318">
    <p class='ocr_par' dir='ltr' id='par_1_67' title="bbox 368 4247 1947 4318">
     <span class='ocr_line' id='line_1_67' title="bbox 368 4247 1947 4318; baseline -0.003 -13"><span class='ocrx_word' id='word_1_468' title='bbox 368 4264 559 4305; x_wconf 86' lang='lat' dir='ltr'><strong>secum</strong></span> <span class='ocrx_word' id='word_1_469' title='bbox 596 4248 1009 4315; x_wconf 88' lang='lat' dir='ltr'><strong>inlirmitatem;</strong></span> <span class='ocrx_word' id='word_1_470' title='bbox 1051 4247 1146 4303; x_wconf 86' lang='lat' dir='ltr'><strong>scd</strong></span> <span class='ocrx_word' id='word_1_471' title='bbox 1171 4248 1251 4304; x_wconf 91' lang='lat' dir='ltr'><strong>sic</strong></span> <span class='ocrx_word' id='word_1_472' title='bbox 1280 4262 1444 4303; x_wconf 92' lang='lat' dir='ltr'><strong>arena</strong></span> <span class='ocrx_word' id='word_1_473' title='bbox 1469 4247 1729 4315; x_wconf 83' lang='lat' dir='ltr'><strong>dissipata</strong></span> <span class='ocrx_word' id='word_1_474' title='bbox 1762 4262 1947 4318; x_wconf 79' lang='lat' dir='ltr'><strong>surge-</strong></span> 
     </span>
    </p>
   </div>
   <div class='ocr_carea' id='block_1_68' title="bbox 367 4339 1943 4412">
    <p class='ocr_par' dir='ltr' id='par_1_68' title="bbox 367 4339 1943 4412">
     <span class='ocr_line' id='line_1_68' title="bbox 367 4339 1943 4412; baseline -0.003 -14"><span class='ocrx_word' id='word_1_475' title='bbox 367 4342 482 4406; x_wconf 87' lang='lat' dir='ltr'><strong>bat,</strong></span> <span class='ocrx_word' id='word_1_476' title='bbox 508 4342 673 4398; x_wconf 90' lang='lat' dir='ltr'><strong>sicuti</strong></span> <span class='ocrx_word' id='word_1_477' title='bbox 703 4341 924 4412; x_wconf 90' lang='lat' dir='ltr'><strong>quando</strong></span> <span class='ocrx_word' id='word_1_478' title='bbox 950 4356 1016 4395; x_wconf 77' lang='lat' dir='ltr'><strong>ex</strong></span> <span class='ocrx_word' id='word_1_479' title='bbox 1041 4340 1271 4395; x_wconf 89' lang='lat' dir='ltr'><strong>matrice</strong></span> <span class='ocrx_word' id='word_1_480' title='bbox 1302 4341 1419 4395; x_wconf 89' lang='lat' dir='ltr'><strong>sine.</strong></span> <span class='ocrx_word' id='word_1_481' title='bbox 1440 4339 1694 4410; x_wconf 87' lang='lat' dir='ltr'><strong>passione</strong></span> <span class='ocrx_word' id='word_1_482' title='bbox 1725 4354 1943 4409; x_wconf 83' lang='lat' dir='ltr'><strong>preces-</strong></span> 
     </span>
    </p>
   </div>
   <div class='ocr_carea' id='block_1_69' title="bbox 2055 2312 3642 2391">
    <p class='ocr_par' dir='ltr' id='par_1_69' title="bbox 2055 2312 3642 2391">
     <span class='ocr_line' id='line_1_69' title="bbox 2055 2312 3642 2391; baseline 0.001 -23"><span class='ocrx_word' id='word_1_483' title='bbox 2055 2312 2299 2386; x_wconf 77' lang='grc' dir='ltr'>ἀκριϐῶς</span> <span class='ocrx_word' id='word_1_484' title='bbox 2348 2313 2514 2370; x_wconf 80' lang='grc' dir='ltr'>αὑτοῦ</span> <span class='ocrx_word' id='word_1_485' title='bbox 2539 2318 2607 2372; x_wconf 84' lang='grc' dir='ltr'>τὰ</span> <span class='ocrx_word' id='word_1_486' title='bbox 2627 2318 2913 2391; x_wconf 82' lang='grc' dir='ltr'>ἐγκάρδια,</span> <span class='ocrx_word' id='word_1_487' title='bbox 2943 2320 3039 2372; x_wconf 73' lang='grc' dir='ltr'><strong>καὶ</strong></span> <span class='ocrx_word' id='word_1_488' title='bbox 3072 2319 3143 2382; x_wconf 84' lang='grc' dir='ltr'>ὡς</span> <span class='ocrx_word' id='word_1_489' title='bbox 3181 2317 3306 2371; x_wconf 82' lang='grc' dir='ltr'>ποτὲ</span> <span class='ocrx_word' id='word_1_490' title='bbox 3339 2318 3439 2388; x_wconf 75' lang='grc' dir='ltr'>μὲν</span> <span class='ocrx_word' id='word_1_491' title='bbox 3470 2317 3642 2389; x_wconf 74' lang='grc' dir='ltr'>ῥᾳθυ-</span> 
     </span>
    </p>
   </div>
   <div class='ocr_carea' id='block_1_70' title="bbox 2059 2404 3643 2479">
    <p class='ocr_par' dir='ltr' id='par_1_70' title="bbox 2059 2404 3643 2479">
     <span class='ocr_line' id='line_1_70' title="bbox 2059 2404 3643 2479; baseline 0.001 -20"><span class='ocrx_word' id='word_1_492' title='bbox 2059 2404 2190 2474; x_wconf 82' lang='grc' dir='ltr'><strong>μῶν</strong></span> <span class='ocrx_word' id='word_1_493' title='bbox 2210 2405 2533 2461; x_wconf 70' lang='grc' dir='ltr'>ἐπεκαλεῖτο</span> <span class='ocrx_word' id='word_1_494' title='bbox 2566 2409 2657 2461; x_wconf 76' lang='grc' dir='ltr'><strong>τὸν</strong></span> <span class='ocrx_word' id='word_1_495' title='bbox 2709 2408 2957 2473; x_wconf 86' lang='grc' dir='ltr'>θάνατον,</span> <span class='ocrx_word' id='word_1_496' title='bbox 2988 2409 3079 2461; x_wconf 74' lang='grc' dir='ltr'><strong>καὶ</strong></span> <span class='ocrx_word' id='word_1_497' title='bbox 3116 2408 3219 2477; x_wconf 83' lang='grc' dir='ltr'>γῆν</span> <span class='ocrx_word' id='word_1_498' title='bbox 3264 2404 3455 2479; x_wconf 80' lang='grc' dir='ltr'>ήθελεν</span> <span class='ocrx_word' id='word_1_499' title='bbox 3504 2408 3643 2461; x_wconf 83' lang='grc' dir='ltr'>ὑπο-</span> 
     </span>
    </p>
   </div>
   <div class='ocr_carea' id='block_1_71' title="bbox 2053 2496 3643 2575">
    <p class='ocr_par' dir='ltr' id='par_1_71' title="bbox 2053 2496 3643 2575">
     <span class='ocr_line' id='line_1_71' title="bbox 2053 2496 3643 2575; baseline 0.004 -25"><span class='ocrx_word' id='word_1_500' title='bbox 2053 2496 2297 2573; x_wconf 87' lang='grc' dir='ltr'>δύεσθαι,</span> <span class='ocrx_word' id='word_1_501' title='bbox 2330 2500 2461 2573; x_wconf 79' lang='grc' dir='ltr'>ποτὲ</span> <span class='ocrx_word' id='word_1_502' title='bbox 2496 2501 2554 2556; x_wconf 84' lang='grc' dir='ltr'>δὲ</span> <span class='ocrx_word' id='word_1_503' title='bbox 2581 2499 2648 2556; x_wconf 80' lang='grc' dir='ltr'>αὖ</span> <span class='ocrx_word' id='word_1_504' title='bbox 2681 2502 2931 2575; x_wconf 77' lang='grc' dir='ltr'>περὶτῆς</span> <span class='ocrx_word' id='word_1_505' title='bbox 2964 2502 3153 2570; x_wconf 82' lang='grc' dir='ltr'>ὑγείας</span> <span class='ocrx_word' id='word_1_506' title='bbox 3192 2502 3516 2575; x_wconf 79' lang='grc' dir='ltr'>ἐπρέσϐευε,</span> <span class='ocrx_word' id='word_1_507' title='bbox 3545 2502 3643 2557; x_wconf 81' lang='grc' dir='ltr'><strong>καὶ</strong></span> 
     </span>
    </p>
   </div>
   <div class='ocr_carea' id='block_1_72' title="bbox 2054 2586 3640 2665">
    <p class='ocr_par' dir='ltr' id='par_1_72' title="bbox 2054 2586 3640 2665">
     <span class='ocr_line' id='line_1_72' title="bbox 2054 2586 3640 2665; baseline 0.003 -25"><span class='ocrx_word' id='word_1_508' title='bbox 2054 2586 2154 2658; x_wconf 74' lang='grc' dir='ltr'><strong>ζῇν</strong></span> <span class='ocrx_word' id='word_1_509' title='bbox 2182 2591 2230 2641; x_wconf 83' lang='grc' dir='ltr'>εἰ</span> <span class='ocrx_word' id='word_1_510' title='bbox 2258 2590 2495 2662; x_wconf 85' lang='grc' dir='ltr'>ῥωσθείη</span> <span class='ocrx_word' id='word_1_511' title='bbox 2535 2590 2905 2663; x_wconf 82' lang='grc' dir='ltr'>προσηύχετο,</span> <span class='ocrx_word' id='word_1_512' title='bbox 2956 2592 3245 2665; x_wconf 84' lang='grc' dir='ltr'>ἀμφότερα</span> <span class='ocrx_word' id='word_1_513' title='bbox 3274 2593 3479 2664; x_wconf 81' lang='grc' dir='ltr'>τρόπον</span> <span class='ocrx_word' id='word_1_514' title='bbox 3517 2591 3640 2646; x_wconf 70' lang='grc' dir='ltr'>τινα</span> 
     </span>
    </p>
   </div>
   <div class='ocr_carea' id='block_1_73' title="bbox 2054 2680 3641 2757">
    <p class='ocr_par' dir='ltr' id='par_1_73' title="bbox 2054 2680 3641 2757">
     <span class='ocr_line' id='line_1_73' title="bbox 2054 2680 3641 2757; baseline 0.005 -27"><span class='ocrx_word' id='word_1_515' title='bbox 2054 2680 2229 2731; x_wconf 89' lang='grc' dir='ltr'>ποιεῖν</span> <span class='ocrx_word' id='word_1_516' title='bbox 2261 2680 2647 2736; x_wconf 76' lang='grc' dir='ltr'>ἐπιτάττουσι·</span> <span class='ocrx_word' id='word_1_517' title='bbox 2701 2685 2796 2738; x_wconf 78' lang='grc' dir='ltr'><strong>καὶ</strong></span> <span class='ocrx_word' id='word_1_518' title='bbox 2840 2683 2939 2756; x_wconf 78' lang='grc' dir='ltr'>τὴν</span> <span class='ocrx_word' id='word_1_519' title='bbox 2983 2685 3151 2756; x_wconf 80' lang='grc' dir='ltr'>ῥῶσιν</span> <span class='ocrx_word' id='word_1_520' title='bbox 3187 2684 3493 2757; x_wconf 84' lang='grc' dir='ltr'>ὀρέγοντες,</span> <span class='ocrx_word' id='word_1_521' title='bbox 3544 2687 3641 2739; x_wconf 78' lang='grc' dir='ltr'><strong>καὶ</strong></span> 
     </span>
    </p>
   </div>
   <div class='ocr_carea' id='block_1_74' title="bbox 2051 2770 3638 2849">
    <p class='ocr_par' dir='ltr' id='par_1_74' title="bbox 2051 2770 3638 2849">
     <span class='ocr_line' id='line_1_74' title="bbox 2051 2770 3638 2849; baseline 0.012 -27"><span class='ocrx_word' id='word_1_522' title='bbox 2051 2772 2118 2841; x_wconf 78' lang='grc' dir='ltr'><strong>τῇ</strong></span> <span class='ocrx_word' id='word_1_523' title='bbox 2145 2773 2214 2842; x_wconf 74' lang='grc' dir='ltr'><strong>γῇ</strong></span> <span class='ocrx_word' id='word_1_524' title='bbox 2260 2770 2491 2837; x_wconf 86' lang='grc' dir='ltr'>διδόντες</span> <span class='ocrx_word' id='word_1_525' title='bbox 2521 2775 2909 2830; x_wconf 79' lang='grc' dir='ltr'>ἐνθάπτεσθαι.</span> <span class='ocrx_word' id='word_1_526' title='bbox 2954 2776 3018 2829; x_wconf 85' lang='lat' dir='ltr'><strong>Ei.</strong></span> <span class='ocrx_word' id='word_1_527' title='bbox 3060 2776 3220 2849; x_wconf 71' lang='grc' dir='ltr'>θέλῃς</span> <span class='ocrx_word' id='word_1_528' title='bbox 3262 2777 3394 2849; x_wconf 68' lang='grc' dir='ltr'>γὰρ,</span> <span class='ocrx_word' id='word_1_529' title='bbox 3447 2777 3638 2847; x_wconf 71' lang='grc' dir='ltr'>φησὶνς</span> 
     </span>
    </p>
   </div>
   <div class='ocr_carea' id='block_1_75' title="bbox 2063 2863 3640 2941">
    <p class='ocr_par' dir='ltr' id='par_1_75' title="bbox 2063 2863 3640 2941">
     <span class='ocr_line' id='line_1_75' title="bbox 2063 2863 3640 2941; baseline 0.004 -24"><span class='ocrx_word' id='word_1_530' title='bbox 2063 2863 2391 2935; x_wconf 82' lang='grc' dir='ltr'>ἀπαλλαγῆς</span> <span class='ocrx_word' id='word_1_531' title='bbox 2425 2869 2608 2938; x_wconf 83' lang='grc' dir='ltr'>τυχεῖν</span> <span class='ocrx_word' id='word_1_532' title='bbox 2647 2869 2741 2922; x_wconf 82' lang='grc' dir='ltr'>τοῦ</span> <span class='ocrx_word' id='word_1_533' title='bbox 2781 2870 3109 2940; x_wconf 80' lang='grc' dir='ltr'>νοσήματος,</span> <span class='ocrx_word' id='word_1_534' title='bbox 3143 2870 3236 2923; x_wconf 78' lang='grc' dir='ltr'><strong>τοῦ</strong></span> <span class='ocrx_word' id='word_1_535' title='bbox 3266 2872 3525 2941; x_wconf 82' lang='grc' dir='ltr'>τεμένους</span> <span class='ocrx_word' id='word_1_536' title='bbox 3552 2872 3640 2924; x_wconf 83' lang='grc' dir='ltr'>αί-</span> 
     </span>
    </p>
   </div>
   <div class='ocr_carea' id='block_1_76' title="bbox 2052 2952 3634 3036">
    <p class='ocr_par' dir='ltr' id='par_1_76' title="bbox 2052 2952 3634 3036">
     <span class='ocr_line' id='line_1_76' title="bbox 2052 2952 3634 3036; baseline 0.007 -29"><span class='ocrx_word' id='word_1_537' title='bbox 2052 2952 2280 3025; x_wconf 83' lang='grc' dir='ltr'>ρόμενος</span> <span class='ocrx_word' id='word_1_538' title='bbox 2299 2956 2559 3022; x_wconf 77' lang='grc' dir='ltr'>ἔξιθι,καὶ</span> <span class='ocrx_word' id='word_1_539' title='bbox 2576 2960 2796 3016; x_wconf 83' lang='grc' dir='ltr'>σεαυτὸν</span> <span class='ocrx_word' id='word_1_540' title='bbox 2817 2961 3050 3016; x_wconf 77' lang='grc' dir='ltr'>ἐνθαπτε</span> <span class='ocrx_word' id='word_1_541' title='bbox 3072 2961 3287 3035; x_wconf 76' lang='grc' dir='ltr'>ψάμμῳ</span> <span class='ocrx_word' id='word_1_542' title='bbox 3318 2966 3385 3036; x_wconf 80' lang='grc' dir='ltr'>τῇ</span> <span class='ocrx_word' id='word_1_543' title='bbox 3411 2957 3634 3029; x_wconf 76' lang='grc' dir='ltr'>γείτονι-ο</span> 
     </span>
    </p>
   </div>
   <div class='ocr_carea' id='block_1_77' title="bbox 2062 3042 3641 3127">
    <p class='ocr_par' dir='ltr' id='par_1_77' title="bbox 2062 3042 3641 3127">
     <span class='ocr_line' id='line_1_77' title="bbox 2062 3042 3641 3127; baseline 0.006 -27"><span class='ocrx_word' id='word_1_544' title='bbox 2062 3042 2120 3100; x_wconf 83' lang='lat'><strong>&#39;0</strong></span> <span class='ocrx_word' id='word_1_545' title='bbox 2148 3046 2205 3101; x_wconf 83' lang='grc' dir='ltr'>δὲ</span> <span class='ocrx_word' id='word_1_546' title='bbox 2244 3051 2505 3121; x_wconf 79' lang='grc' dir='ltr'>στραφεὶς</span> <span class='ocrx_word' id='word_1_547' title='bbox 2547 3052 2687 3123; x_wconf 82' lang='grc' dir='ltr'><strong>μετά</strong></span> <span class='ocrx_word' id='word_1_548' title='bbox 2708 3053 2798 3108; x_wconf 78' lang='grc' dir='ltr'>τὸν</span> <span class='ocrx_word' id='word_1_549' title='bbox 2827 3053 3107 3109; x_wconf 82' lang='grc' dir='ltr'>κάλλιστον</span> <span class='ocrx_word' id='word_1_550' title='bbox 3139 3055 3368 3127; x_wconf 74' lang='grc' dir='ltr'>ὄνειρον,</span> <span class='ocrx_word' id='word_1_551' title='bbox 3404 3054 3641 3110; x_wconf 74' lang='grc' dir='ltr'>θανάτου</span> 
     </span>
    </p>
   </div>
   <div class='ocr_carea' id='block_1_78' title="bbox 2052 3137 3636 3217">
    <p class='ocr_par' dir='ltr' id='par_1_78' title="bbox 2052 3137 3636 3217">
     <span class='ocr_line' id='line_1_78' title="bbox 2052 3137 3636 3217; baseline 0.006 -27"><span class='ocrx_word' id='word_1_552' title='bbox 2052 3137 2253 3207; x_wconf 75' lang='grc' dir='ltr'>μᾶλλον</span> <span class='ocrx_word' id='word_1_553' title='bbox 2293 3140 2327 3211; x_wconf 74' lang='grc' dir='ltr'><strong>ἢ</strong></span> <span class='ocrx_word' id='word_1_554' title='bbox 2352 3141 2571 3211; x_wconf 79' lang='grc' dir='ltr'>ῥώσεως</span> <span class='ocrx_word' id='word_1_555' title='bbox 2602 3143 2865 3214; x_wconf 78' lang='grc' dir='ltr'>σύμϐολον</span> <span class='ocrx_word' id='word_1_556' title='bbox 2889 3145 2984 3216; x_wconf 76' lang='grc' dir='ltr'>τὴν</span> <span class='ocrx_word' id='word_1_557' title='bbox 3006 3148 3064 3200; x_wconf 81' lang='grc' dir='ltr'>ὲν</span> <span class='ocrx_word' id='word_1_558' title='bbox 3086 3145 3296 3217; x_wconf 80' lang='grc' dir='ltr'>ψάμμῳ</span> <span class='ocrx_word' id='word_1_559' title='bbox 3330 3145 3505 3217; x_wconf 79' lang='grc' dir='ltr'>ταφὴν</span> <span class='ocrx_word' id='word_1_560' title='bbox 3528 3146 3636 3199; x_wconf 82' lang='grc' dir='ltr'><strong>ὑπ·-</strong></span> 
     </span>
    </p>
   </div>
   <div class='ocr_carea' id='block_1_79' title="bbox 2044 3230 3638 3311">
    <p class='ocr_par' dir='ltr' id='par_1_79' title="bbox 2044 3230 3638 3311">
     <span class='ocr_line' id='line_1_79' title="bbox 2044 3230 3638 3311; baseline 0.006 -28"><span class='ocrx_word' id='word_1_561' title='bbox 2044 3230 2371 3302; x_wconf 78' lang='grc' dir='ltr'>ελάμδανεν·</span> <span class='ocrx_word' id='word_1_562' title='bbox 2394 3235 2544 3306; x_wconf 77' lang='grc' dir='ltr'>ὅμως</span> <span class='ocrx_word' id='word_1_563' title='bbox 2568 3238 2867 3309; x_wconf 71' lang='grc' dir='ltr'>ἐπειδήπερ</span> <span class='ocrx_word' id='word_1_564' title='bbox 2886 3239 3160 3311; x_wconf 79' lang='grc' dir='ltr'>ἑκατέρων</span> <span class='ocrx_word' id='word_1_565' title='bbox 3174 3242 3270 3291; x_wconf 80' lang='grc' dir='ltr'><strong>καὶ</strong></span> <span class='ocrx_word' id='word_1_566' title='bbox 3289 3237 3517 3293; x_wconf 82' lang='grc' dir='ltr'>θανά-του</span> <span class='ocrx_word' id='word_1_567' title='bbox 3539 3233 3638 3293; x_wconf 69' lang='grc' dir='ltr'><strong>καὶ</strong></span> 
     </span>
    </p>
   </div>
   <div class='ocr_carea' id='block_1_80' title="bbox 2046 3322 3633 3403">
    <p class='ocr_par' dir='ltr' id='par_1_80' title="bbox 2046 3322 3633 3403">
     <span class='ocr_line' id='line_1_80' title="bbox 2046 3322 3633 3403; baseline 0.006 -27"><span class='ocrx_word' id='word_1_568' title='bbox 2046 3322 2288 3395; x_wconf 83' lang='grc' dir='ltr'>ῥώσεως,</span> <span class='ocrx_word' id='word_1_569' title='bbox 2308 3326 2403 3379; x_wconf 71' lang='grc' dir='ltr'><strong>καὶ</strong></span> <span class='ocrx_word' id='word_1_570' title='bbox 2431 3328 2505 3397; x_wconf 83' lang='grc' dir='ltr'>μὴ</span> <span class='ocrx_word' id='word_1_571' title='bbox 2525 3329 2727 3400; x_wconf 75' lang='grc' dir='ltr'>ὁμοίως</span> <span class='ocrx_word' id='word_1_572' title='bbox 2740 3328 2825 3384; x_wconf 85' lang='grc' dir='ltr'>διὰ</span> <span class='ocrx_word' id='word_1_573' title='bbox 2842 3330 2942 3402; x_wconf 81' lang='grc' dir='ltr'>τὴν</span> <span class='ocrx_word' id='word_1_574' title='bbox 2968 3332 3122 3386; x_wconf 88' lang='grc' dir='ltr'>νόσον</span> <span class='ocrx_word' id='word_1_575' title='bbox 3150 3330 3410 3403; x_wconf 76' lang='grc' dir='ltr'>ὠρέγετο,</span> <span class='ocrx_word' id='word_1_576' title='bbox 3438 3332 3633 3385; x_wconf 82' lang='grc' dir='ltr'>συντό-</span> 
     </span>
    </p>
   </div>
   <div class='ocr_carea' id='block_1_81' title="bbox 2048 3418 3632 3498">
    <p class='ocr_par' dir='ltr' id='par_1_81' title="bbox 2048 3418 3632 3498">
     <span class='ocr_line' id='line_1_81' title="bbox 2048 3418 3632 3498; baseline 0.009 -30"><span class='ocrx_word' id='word_1_577' title='bbox 2048 3434 2163 3486; x_wconf 83' lang='grc' dir='ltr'><strong>μως</strong></span> <span class='ocrx_word' id='word_1_578' title='bbox 2176 3418 2350 3472; x_wconf 70' lang='grc' dir='ltr'>ἐποίει</span> <span class='ocrx_word' id='word_1_579' title='bbox 2360 3421 2419 3475; x_wconf 72' lang='grc' dir='ltr'>τὸ</span> <span class='ocrx_word' id='word_1_580' title='bbox 2432 3420 2829 3495; x_wconf 80' lang='grc' dir='ltr'>θέσπισμα,τῆς</span> <span class='ocrx_word' id='word_1_581' title='bbox 2843 3425 3114 3480; x_wconf 78' lang='grc' dir='ltr'>ὲπωδύνου</span> <span class='ocrx_word' id='word_1_582' title='bbox 3127 3425 3272 3496; x_wconf 74' lang='grc' dir='ltr'>ζωῆς</span> <span class='ocrx_word' id='word_1_583' title='bbox 3292 3427 3347 3479; x_wconf 85' lang='grc' dir='ltr'>ὲν</span> <span class='ocrx_word' id='word_1_584' title='bbox 3361 3428 3632 3498; x_wconf 80' lang='grc' dir='ltr'>προτιμή-</span> 
     </span>
    </p>
   </div>
   <div class='ocr_carea' id='block_1_82' title="bbox 2046 3508 3632 3584">
    <p class='ocr_par' dir='ltr' id='par_1_82' title="bbox 2046 3508 3632 3584">
     <span class='ocr_line' id='line_1_82' title="bbox 2046 3508 3632 3584; baseline 0.005 -26"><span class='ocrx_word' id='word_1_585' title='bbox 2046 3522 2129 3559; x_wconf 89' lang='grc' dir='ltr'><strong>σει</strong></span> <span class='ocrx_word' id='word_1_586' title='bbox 2154 3508 2334 3580; x_wconf 66' lang='grc' dir='ltr'>φέρῳν</span> <span class='ocrx_word' id='word_1_587' title='bbox 2361 3510 2719 3581; x_wconf 78' lang='grc' dir='ltr'>έκάτερα,καὶ</span> <span class='ocrx_word' id='word_1_588' title='bbox 2746 3512 2835 3565; x_wconf 76' lang='grc' dir='ltr'>τὸν</span> <span class='ocrx_word' id='word_1_589' title='bbox 2862 3513 3128 3567; x_wconf 82' lang='grc' dir='ltr'>ἀνώδυνον</span> <span class='ocrx_word' id='word_1_590' title='bbox 3151 3512 3399 3577; x_wconf 85' lang='grc' dir='ltr'>θάνατον,</span> <span class='ocrx_word' id='word_1_591' title='bbox 3419 3514 3512 3567; x_wconf 79' lang='grc' dir='ltr'><strong>καὶ</strong></span> <span class='ocrx_word' id='word_1_592' title='bbox 3531 3512 3632 3584; x_wconf 75' lang='grc' dir='ltr'>τὴν</span> 
     </span>
    </p>
   </div>
   <div class='ocr_carea' id='block_1_83' title="bbox 2046 3596 3629 3675">
    <p class='ocr_par' dir='ltr' id='par_1_83' title="bbox 2046 3596 3629 3675">
     <span class='ocr_line' id='line_1_83' title="bbox 2046 3596 3629 3675; baseline 0.004 -24"><span class='ocrx_word' id='word_1_593' title='bbox 2046 3596 2190 3670; x_wconf 79' lang='grc' dir='ltr'>ζωὴν</span> <span class='ocrx_word' id='word_1_594' title='bbox 2223 3600 2321 3671; x_wconf 83' lang='grc' dir='ltr'>τὴν</span> <span class='ocrx_word' id='word_1_595' title='bbox 2340 3600 2468 3655; x_wconf 78' lang='grc' dir='ltr'>ἄνευ</span> <span class='ocrx_word' id='word_1_596' title='bbox 2496 3603 2826 3674; x_wconf 84' lang='grc' dir='ltr'>νοσήματος.</span> <span class='ocrx_word' id='word_1_597' title='bbox 2863 3603 3123 3669; x_wconf 85' lang='grc' dir='ltr'>Ἐξελθὼν</span> <span class='ocrx_word' id='word_1_598' title='bbox 3151 3601 3240 3658; x_wconf 79' lang='grc' dir='ltr'>οὖν</span> <span class='ocrx_word' id='word_1_599' title='bbox 3270 3605 3330 3658; x_wconf 73' lang='grc' dir='ltr'>τὸ</span> <span class='ocrx_word' id='word_1_600' title='bbox 3365 3606 3629 3675; x_wconf 82' lang='grc' dir='ltr'>τέμενος,</span> 
     </span>
    </p>
   </div>
   <div class='ocr_carea' id='block_1_84' title="bbox 2046 3692 3629 3771">
    <p class='ocr_par' dir='ltr' id='par_1_84' title="bbox 2046 3692 3629 3771">
     <span class='ocr_line' id='line_1_84' title="bbox 2046 3692 3629 3771; baseline 0.005 -27"><span class='ocrx_word' id='word_1_601' title='bbox 2046 3692 2143 3746; x_wconf 80' lang='grc' dir='ltr'><strong>καὶ</strong></span> <span class='ocrx_word' id='word_1_602' title='bbox 2167 3692 2380 3766; x_wconf 81' lang='grc' dir='ltr'>ψάμμῳ</span> <span class='ocrx_word' id='word_1_603' title='bbox 2407 3697 2637 3767; x_wconf 74' lang='grc' dir='ltr'>χωσθεὶς</span> <span class='ocrx_word' id='word_1_604' title='bbox 2660 3698 2735 3762; x_wconf 86' lang='grc' dir='ltr'>ὡς</span> <span class='ocrx_word' id='word_1_605' title='bbox 2774 3699 3119 3764; x_wconf 57' lang='grc' dir='ltr'>ηκέλευστο,</span> <span class='ocrx_word' id='word_1_606' title='bbox 3152 3701 3246 3755; x_wconf 74' lang='grc' dir='ltr'><strong>καὶ</strong></span> <span class='ocrx_word' id='word_1_607' title='bbox 3277 3697 3376 3771; x_wconf 83' lang='grc' dir='ltr'>τῆς</span> <span class='ocrx_word' id='word_1_608' title='bbox 3409 3699 3629 3769; x_wconf 85' lang='grc' dir='ltr'>ῥώσεως</span> 
     </span>
    </p>
   </div>
   <div class='ocr_carea' id='block_1_85' title="bbox 2046 3783 3627 3863">
    <p class='ocr_par' dir='ltr' id='par_1_85' title="bbox 2046 3783 3627 3863">
     <span class='ocr_line' id='line_1_85' title="bbox 2046 3783 3627 3863; baseline 0.004 -26"><span class='ocrx_word' id='word_1_609' title='bbox 2046 3783 2258 3857; x_wconf 73' lang='grc' dir='ltr'>ἔτυχεν,</span> <span class='ocrx_word' id='word_1_610' title='bbox 2292 3790 2387 3841; x_wconf 74' lang='grc' dir='ltr'><strong>καὶ</strong></span> <span class='ocrx_word' id='word_1_611' title='bbox 2414 3788 2507 3842; x_wconf 70' lang='grc' dir='ltr'>τὸν</span> <span class='ocrx_word' id='word_1_612' title='bbox 2528 3789 2881 3862; x_wconf 76' lang='grc' dir='ltr'>ἐλπιζόμενον</span> <span class='ocrx_word' id='word_1_613' title='bbox 2914 3791 3082 3862; x_wconf 75' lang='grc' dir='ltr'>ἔφυγε</span> <span class='ocrx_word' id='word_1_614' title='bbox 3114 3793 3378 3847; x_wconf 79' lang='grc' dir='ltr'>κίνδυνον.</span> <span class='ocrx_word' id='word_1_615' title='bbox 3410 3793 3488 3863; x_wconf 75' lang='grc' dir='ltr'><strong>Τῇ</strong></span> <span class='ocrx_word' id='word_1_616' title='bbox 3518 3792 3627 3861; x_wconf 70' lang='grc' dir='ltr'><strong>γὰρ</strong></span> 
     </span>
    </p>
   </div>
   <div class='ocr_carea' id='block_1_86' title="bbox 2045 3874 3627 3954">
    <p class='ocr_par' dir='ltr' id='par_1_86' title="bbox 2045 3874 3627 3954">
     <span class='ocr_line' id='line_1_86' title="bbox 2045 3874 3627 3954; baseline 0.005 -25"><span class='ocrx_word' id='word_1_617' title='bbox 2045 3874 2260 3947; x_wconf 74' lang='grc' dir='ltr'>ψάμμῳ</span> <span class='ocrx_word' id='word_1_618' title='bbox 2298 3879 2576 3943; x_wconf 84' lang='grc' dir='ltr'>παντελῶς</span> <span class='ocrx_word' id='word_1_619' title='bbox 2593 3880 3014 3953; x_wconf 78' lang='grc' dir='ltr'>ἐνθαπτόμενος,</span> <span class='ocrx_word' id='word_1_620' title='bbox 3041 3879 3152 3954; x_wconf 84' lang='grc' dir='ltr'>εἶχε</span> <span class='ocrx_word' id='word_1_621' title='bbox 3187 3883 3627 3953; x_wconf 61' lang='grc' dir='ltr'>συνθαπτόμεγον</span> 
     </span>
    </p>
   </div>
   <div class='ocr_carea' id='block_1_87' title="bbox 2045 3967 3626 4048">
    <p class='ocr_par' dir='ltr' id='par_1_87' title="bbox 2045 3967 3626 4048">
     <span class='ocr_line' id='line_1_87' title="bbox 2045 3967 3626 4048; baseline 0.009 -29"><span class='ocrx_word' id='word_1_622' title='bbox 2045 3967 2196 4039; x_wconf 80' lang='grc' dir='ltr'>αὐτῷ</span> <span class='ocrx_word' id='word_1_623' title='bbox 2225 3970 2410 4025; x_wconf 75' lang='grc' dir='ltr'>καὶτὸ</span> <span class='ocrx_word' id='word_1_624' title='bbox 2453 3972 2665 4045; x_wconf 88' lang='grc' dir='ltr'>νόσημα</span> <span class='ocrx_word' id='word_1_625' title='bbox 2690 3988 2705 4004; x_wconf 90' lang='grc'><strong>·</strong></span> <span class='ocrx_word' id='word_1_626' title='bbox 2746 3974 2950 4047; x_wconf 87' lang='grc' dir='ltr'>ταύτης</span> <span class='ocrx_word' id='word_1_627' title='bbox 3001 3976 3058 4029; x_wconf 80' lang='grc' dir='ltr'>δὲ</span> <span class='ocrx_word' id='word_1_628' title='bbox 3114 3976 3254 4048; x_wconf 85' lang='grc' dir='ltr'><strong>μετά</strong></span> <span class='ocrx_word' id='word_1_629' title='bbox 3295 3978 3397 4047; x_wconf 83' lang='grc' dir='ltr'>τὴν</span> <span class='ocrx_word' id='word_1_630' title='bbox 3448 3976 3626 4048; x_wconf 76' lang='grc' dir='ltr'>ταφὴν</span> 
     </span>
    </p>
   </div>
   <div class='ocr_carea' id='block_1_88' title="bbox 2046 4060 3624 4143">
    <p class='ocr_par' dir='ltr' id='par_1_88' title="bbox 2046 4060 3624 4143">
     <span class='ocr_line' id='line_1_88' title="bbox 2046 4060 3624 4143; baseline 0.006 -29"><span class='ocrx_word' id='word_1_631' title='bbox 2046 4060 2428 4133; x_wconf 84' lang='grc' dir='ltr'>ἀνιστάμενος,</span> <span class='ocrx_word' id='word_1_632' title='bbox 2476 4065 2577 4119; x_wconf 84' lang='grc' dir='ltr'><strong>οὐκ</strong></span> <span class='ocrx_word' id='word_1_633' title='bbox 2607 4060 2721 4138; x_wconf 79' lang='grc' dir='ltr'>εἷχε</span> <span class='ocrx_word' id='word_1_634' title='bbox 2762 4068 3211 4140; x_wconf 87' lang='grc' dir='ltr'>συνεγειρόμενον</span> <span class='ocrx_word' id='word_1_635' title='bbox 3250 4069 3399 4140; x_wconf 77' lang='grc' dir='ltr'>αὐτῷ</span> <span class='ocrx_word' id='word_1_636' title='bbox 3435 4070 3496 4122; x_wconf 83' lang='grc' dir='ltr'>τὸ</span> <span class='ocrx_word' id='word_1_637' title='bbox 3519 4072 3624 4143; x_wconf 86' lang='grc' dir='ltr'>άρ-</span> 
     </span>
    </p>
   </div>
   <div class='ocr_carea' id='block_1_89' title="bbox 2047 4149 3626 4230">
    <p class='ocr_par' dir='ltr' id='par_1_89' title="bbox 2047 4149 3626 4230">
     <span class='ocr_line' id='line_1_89' title="bbox 2047 4149 3626 4230; baseline 0.008 -27"><span class='ocrx_word' id='word_1_638' title='bbox 2047 4149 2313 4223; x_wconf 88' lang='grc' dir='ltr'>ῥώστημα</span> <span class='ocrx_word' id='word_1_639' title='bbox 2339 4171 2354 4185; x_wconf 74' lang='grc' dir='ltr'><strong>ο</strong></span> <span class='ocrx_word' id='word_1_640' title='bbox 2408 4154 2522 4208; x_wconf 85' lang='grc' dir='ltr'>ἀλλ’</span> <span class='ocrx_word' id='word_1_641' title='bbox 2552 4156 2696 4211; x_wconf 76' lang='grc' dir='ltr'>οὓτω</span> <span class='ocrx_word' id='word_1_642' title='bbox 2731 4159 2829 4230; x_wconf 80' lang='grc' dir='ltr'>τὴν</span> <span class='ocrx_word' id='word_1_643' title='bbox 2856 4158 3081 4230; x_wconf 73' lang='grc' dir='ltr'>ψάμμον</span> <span class='ocrx_word' id='word_1_644' title='bbox 3116 4160 3471 4216; x_wconf 86' lang='grc' dir='ltr'>διασκεδάσαν</span> <span class='ocrx_word' id='word_1_645' title='bbox 3530 4163 3626 4216; x_wconf 63' lang='grc' dir='ltr'><strong>ἀνα</strong></span> 
     </span>
    </p>
   </div>
   <div class='ocr_carea' id='block_1_90' title="bbox 2049 4241 3626 4326">
    <p class='ocr_par' dir='ltr' id='par_1_90' title="bbox 2049 4241 3626 4326">
     <span class='ocr_line' id='line_1_90' title="bbox 2049 4241 3626 4326; baseline 0.009 -32"><span class='ocrx_word' id='word_1_646' title='bbox 2049 4241 2233 4297; x_wconf 90' lang='grc' dir='ltr'>ίστατο</span> <span class='ocrx_word' id='word_1_647' title='bbox 2254 4244 2330 4309; x_wconf 89' lang='grc' dir='ltr'><strong>ώς</strong></span> <span class='ocrx_word' id='word_1_648' title='bbox 2360 4247 2424 4298; x_wconf 84' lang='grc' dir='ltr'><strong>ὲκ</strong></span> <span class='ocrx_word' id='word_1_649' title='bbox 2461 4247 2672 4319; x_wconf 86' lang='grc' dir='ltr'>μήτρας</span> <span class='ocrx_word' id='word_1_650' title='bbox 2704 4250 2833 4306; x_wconf 82' lang='grc' dir='ltr'>ἄνευ</span> <span class='ocrx_word' id='word_1_651' title='bbox 2873 4253 3079 4317; x_wconf 83' lang='grc' dir='ltr'>πάθους</span> <span class='ocrx_word' id='word_1_652' title='bbox 3112 4241 3477 4326; x_wconf 80' lang='grc' dir='ltr'>πρόσήρχετυ.</span> <span class='ocrx_word' id='word_1_653' title='bbox 3512 4256 3626 4317; x_wconf 72' lang='grc' dir='ltr'><strong>Καὶ</strong></span> 
     </span>
    </p>
   </div>
   <div class='ocr_carea' id='block_1_91' title="bbox 2051 4335 3628 4419">
    <p class='ocr_par' dir='ltr' id='par_1_91' title="bbox 2051 4335 3628 4419">
     <span class='ocr_line' id='line_1_91' title="bbox 2051 4335 3628 4419; baseline 0.009 -32"><span class='ocrx_word' id='word_1_654' title='bbox 2051 4335 2245 4404; x_wconf 82' lang='grc' dir='ltr'>Μηνᾶς</span> <span class='ocrx_word' id='word_1_655' title='bbox 2280 4337 2381 4408; x_wconf 84' lang='grc' dir='ltr'>μὲν</span> <span class='ocrx_word' id='word_1_656' title='bbox 2413 4343 2600 4413; x_wconf 83' lang='grc' dir='ltr'>τρόπῳ</span> <span class='ocrx_word' id='word_1_657' title='bbox 2628 4342 2814 4415; x_wconf 78' lang='grc' dir='ltr'>τοιῷδε</span> <span class='ocrx_word' id='word_1_658' title='bbox 2854 4344 2954 4417; x_wconf 76' lang='grc' dir='ltr'>τὴν</span> <span class='ocrx_word' id='word_1_659' title='bbox 3002 4345 3175 4416; x_wconf 85' lang='grc' dir='ltr'>ῥῶσιν</span> <span class='ocrx_word' id='word_1_660' title='bbox 3201 4346 3497 4419; x_wconf 83' lang='grc' dir='ltr'>ἀπείληφε,</span> <span class='ocrx_word' id='word_1_661' title='bbox 3527 4347 3628 4401; x_wconf 75' lang='grc' dir='ltr'><strong>καὶ</strong></span> 
     </span>
    </p>
   </div>
   <div class='ocr_carea' id='block_1_92' title="bbox 367 4430 1950 4512">
    <p class='ocr_par' dir='ltr' id='par_1_92' title="bbox 367 4430 1943 4503">
     <span class='ocr_line' id='line_1_92' title="bbox 367 4430 1943 4503; baseline -0.001 -14"><span class='ocrx_word' id='word_1_662' title='bbox 367 4434 461 4491; x_wconf 84' lang='lat' dir='ltr'><strong>sit.</strong></span> <span class='ocrx_word' id='word_1_663' title='bbox 488 4432 553 4488; x_wconf 83' lang='lat' dir='ltr'><strong>Et</strong></span> <span class='ocrx_word' id='word_1_664' title='bbox 585 4433 768 4488; x_wconf 76' lang='lat' dir='ltr'><strong>Menas</strong></span> <span class='ocrx_word' id='word_1_665' title='bbox 797 4432 1014 4503; x_wconf 87' lang='lat' dir='ltr'><strong>quidem</strong></span> <span class='ocrx_word' id='word_1_666' title='bbox 1066 4433 1159 4487; x_wconf 88' lang='lat' dir='ltr'><strong>tali</strong></span> <span class='ocrx_word' id='word_1_667' title='bbox 1196 4430 1358 4487; x_wconf 90' lang='lat' dir='ltr'><strong>modo</strong></span> <span class='ocrx_word' id='word_1_668' title='bbox 1399 4432 1688 4487; x_wconf 75' lang='lat' dir='ltr'><strong>Sanitatem</strong></span> <span class='ocrx_word' id='word_1_669' title='bbox 1752 4447 1943 4500; x_wconf 85' lang='lat' dir='ltr'><strong>perce-</strong></span> 
     </span>
    </p>
   </div>
   <div class='ocr_carea' id='block_1_93' title="bbox 2053 4430 3625 4512">
    <p class='ocr_par' dir='ltr' id='par_1_93' title="bbox 2053 4432 3625 4512">
     <span class='ocr_line' id='line_1_93' title="bbox 2053 4432 3625 4512; baseline 0.008 -29"><span class='ocrx_word' id='word_1_670' title='bbox 2053 4434 2401 4503; x_wconf 82' lang='grc' dir='ltr'>χαριστήριον</span> <span class='ocrx_word' id='word_1_671' title='bbox 2441 4432 2590 4489; x_wconf 74' lang='grc' dir='ltr'>αἶνον</span> <span class='ocrx_word' id='word_1_672' title='bbox 2632 4438 2918 4504; x_wconf 86' lang='grc' dir='ltr'>ἀνατείνας</span> <span class='ocrx_word' id='word_1_673' title='bbox 2973 4443 3087 4505; x_wconf 88' lang='grc' dir='ltr'>τοῖς</span> <span class='ocrx_word' id='word_1_674' title='bbox 3132 4441 3370 4512; x_wconf 73' lang='grc' dir='ltr'>μάρτυσι</span> <span class='ocrx_word' id='word_1_675' title='bbox 3414 4441 3625 4512; x_wconf 87' lang='grc' dir='ltr'>χαίρων</span> 
     </span>
    </p>
   </div>
   <div class='ocr_carea' id='block_1_94' title="bbox 366 4519 1940 4595">
    <p class='ocr_par' dir='ltr' id='par_1_94' title="bbox 366 4519 1940 4595">
     <span class='ocr_line' id='line_1_94' title="bbox 366 4519 1940 4595; baseline 0 -17"><span class='ocrx_word' id='word_1_676' title='bbox 366 4527 466 4595; x_wconf 91' lang='lat' dir='ltr'><strong>pit,</strong></span> <span class='ocrx_word' id='word_1_677' title='bbox 519 4533 573 4580; x_wconf 91' lang='lat' dir='ltr'><strong>et</strong></span> <span class='ocrx_word' id='word_1_678' title='bbox 629 4524 873 4594; x_wconf 79' lang='lat' dir='ltr'><strong>gratiﬁca</strong></span> <span class='ocrx_word' id='word_1_679' title='bbox 908 4535 1134 4579; x_wconf 79' lang='lat' dir='ltr'><strong>extensa</strong></span> <span class='ocrx_word' id='word_1_680' title='bbox 1173 4520 1260 4595; x_wconf 71' lang='lat' dir='ltr'><strong>[ex</strong></span> <span class='ocrx_word' id='word_1_681' title='bbox 1303 4519 1424 4594; x_wconf 65' lang='lat' dir='ltr'><strong>Gn]</strong></span> <span class='ocrx_word' id='word_1_682' title='bbox 1463 4522 1642 4587; x_wconf 88' lang='lat' dir='ltr'><strong>laude,</strong></span> <span class='ocrx_word' id='word_1_683' title='bbox 1696 4521 1940 4592; x_wconf 84' lang='lat' dir='ltr'><strong>gaudens</strong></span> 
     </span>
    </p>
   </div>
   <div class='ocr_carea' id='block_1_95' title="bbox 366 4611 1939 4688">
    <p class='ocr_par' dir='ltr' id='par_1_95' title="bbox 366 4611 1939 4688">
     <span class='ocr_line' id='line_1_95' title="bbox 366 4611 1939 4688; baseline 0.001 -20"><span class='ocrx_word' id='word_1_684' title='bbox 366 4617 570 4687; x_wconf 85' lang='lat' dir='ltr'><strong>pariter</strong></span> <span class='ocrx_word' id='word_1_685' title='bbox 585 4626 638 4671; x_wconf 89' lang='lat' dir='ltr'><strong>et</strong></span> <span class='ocrx_word' id='word_1_686' title='bbox 666 4618 949 4672; x_wconf 78' lang='lat' dir='ltr'><strong>exsultans</strong></span> <span class='ocrx_word' id='word_1_687' title='bbox 980 4617 1044 4669; x_wconf 88' lang='lat' dir='ltr'><strong>ad</strong></span> <span class='ocrx_word' id='word_1_688' title='bbox 1077 4615 1294 4688; x_wconf 80' lang='lat' dir='ltr'><strong>Lyciam</strong></span> <span class='ocrx_word' id='word_1_689' title='bbox 1325 4615 1590 4686; x_wconf 87' lang='lat' dir='ltr'><strong>pervenit.</strong></span> <span class='ocrx_word' id='word_1_690' title='bbox 1624 4611 1794 4670; x_wconf 83' lang='lat' dir='ltr'><strong>Porro</strong></span> <span class='ocrx_word' id='word_1_691' title='bbox 1818 4629 1939 4680; x_wconf 90' lang='lat' dir='ltr'><strong>nos,</strong></span> 
     </span>
    </p>
   </div>
   <div class='ocr_carea' id='block_1_96' title="bbox 366 4704 1941 4772">
    <p class='ocr_par' dir='ltr' id='par_1_96' title="bbox 366 4704 1941 4772">
     <span class='ocr_line' id='line_1_96' title="bbox 366 4704 1941 4772; baseline 0.002 -13"><span class='ocrx_word' id='word_1_692' title='bbox 366 4706 564 4759; x_wconf 87' lang='lat' dir='ltr'><strong>iterum</strong></span> <span class='ocrx_word' id='word_1_693' title='bbox 585 4715 809 4761; x_wconf 84' lang='lat' dir='ltr'><strong>sanctos</strong></span> <span class='ocrx_word' id='word_1_694' title='bbox 839 4706 1149 4772; x_wconf 88' lang='lat' dir='ltr'><strong>laudantes,</strong></span> <span class='ocrx_word' id='word_1_695' title='bbox 1179 4706 1405 4761; x_wconf 87' lang='lat' dir='ltr'><strong>alterius</strong></span> <span class='ocrx_word' id='word_1_696' title='bbox 1430 4721 1617 4761; x_wconf 91' lang='lat' dir='ltr'><strong>eorum</strong></span> <span class='ocrx_word' id='word_1_697' title='bbox 1649 4704 1941 4762; x_wconf 73' lang='lat' dir='ltr'><strong>efferamus</strong></span> 
     </span>
    </p>
   </div>
   <div class='ocr_carea' id='block_1_97' title="bbox 366 4797 807 4867">
    <p class='ocr_par' dir='ltr' id='par_1_97' title="bbox 366 4797 807 4867">
     <span class='ocr_line' id='line_1_97' title="bbox 366 4797 807 4867; baseline 0 -15"><span class='ocrx_word' id='word_1_698' title='bbox 366 4797 614 4853; x_wconf 83' lang='lat' dir='ltr'><strong>miraculi</strong></span> <span class='ocrx_word' id='word_1_699' title='bbox 649 4813 807 4867; x_wconf 88' lang='lat' dir='ltr'><strong>opus.</strong></span> 
     </span>
    </p>
   </div>
   <div class='ocr_carea' id='block_1_98' title="bbox 505 4890 1802 4964">
    <p class='ocr_par' dir='ltr' id='par_1_98' title="bbox 505 4890 1802 4964">
     <span class='ocr_line' id='line_1_98' title="bbox 505 4890 1802 4964; baseline 0.002 -19"><span class='ocrx_word' id='word_1_700' title='bbox 505 4890 716 4947; x_wconf 76' lang='lat' dir='ltr'><strong>LXVII.</strong></span> <span class='ocrx_word' id='word_1_701' title='bbox 758 4892 835 4948; x_wconf 85' lang='lat' dir='ltr'><strong>De</strong></span> <span class='ocrx_word' id='word_1_702' title='bbox 874 4891 1096 4964; x_wconf 81' lang='lat' dir='ltr'><strong>Georgio</strong></span> <span class='ocrx_word' id='word_1_703' title='bbox 1148 4892 1238 4962; x_wconf 87' lang='lat' dir='ltr'><strong>qui</strong></span> <span class='ocrx_word' id='word_1_704' title='bbox 1274 4910 1305 4946; x_wconf 88' lang='lat' dir='ltr'><strong>a</strong></span> <span class='ocrx_word' id='word_1_705' title='bbox 1340 4893 1527 4964; x_wconf 79' lang='lat' dir='ltr'><strong>spiritu</strong></span> <span class='ocrx_word' id='word_1_706' title='bbox 1566 4893 1802 4964; x_wconf 78' lang='lat' dir='ltr'><strong>agitatus</strong></span> 
     </span>
    </p>
   </div>
   <div class='ocr_carea' id='block_1_99' title="bbox 873 4963 1739 5031">
    <p class='ocr_par' dir='ltr' id='par_1_99' title="bbox 873 4963 1739 5031">
     <span class='ocr_line' id='line_1_99' title="bbox 873 4963 1739 5031; baseline -0.001 -14"><span class='ocrx_word' id='word_1_707' title='bbox 873 4963 1200 5031; x_wconf 71' lang='lat' dir='ltr'><strong>semetipsum</strong></span> <span class='ocrx_word' id='word_1_708' title='bbox 1222 4963 1431 5016; x_wconf 83' lang='lat' dir='ltr'><strong>occidit.</strong></span> <span class='ocrx_word' id='word_1_709' title='bbox 1603 4963 1614 4964; x_wconf 29' lang='grc' dir='ltr'><strong>ί</strong></span> <span class='ocrx_word' id='word_1_710' title='bbox 1722 4964 1739 4975; x_wconf 87' lang='grc'><em>’</em></span> 
     </span>
    </p>
   </div>
   <div class='ocr_carea' id='block_1_100' title="bbox 437 5053 1939 5125">
    <p class='ocr_par' dir='ltr' id='par_1_100' title="bbox 437 5053 1939 5125">
     <span class='ocr_line' id='line_1_100' title="bbox 437 5053 1939 5125; baseline -0.002 -15"><span class='ocrx_word' id='word_1_711' title='bbox 437 5055 619 5113; x_wconf 80' lang='lat' dir='ltr'><strong>Alium</strong></span> <span class='ocrx_word' id='word_1_712' title='bbox 652 5055 814 5111; x_wconf 89' lang='lat' dir='ltr'><strong>nobis</strong></span> <span class='ocrx_word' id='word_1_713' title='bbox 863 5055 1077 5125; x_wconf 76' lang='lat' dir='ltr'><strong>Cyprus</strong></span> <span class='ocrx_word' id='word_1_714' title='bbox 1123 5056 1187 5109; x_wconf 90' lang='lat' dir='ltr'><strong>ad</strong></span> <span class='ocrx_word' id='word_1_715' title='bbox 1244 5053 1611 5108; x_wconf 90' lang='lat' dir='ltr'><strong>narrationem</strong></span> <span class='ocrx_word' id='word_1_716' title='bbox 1646 5053 1939 5124; x_wconf 79' lang='lat' dir='ltr'><strong>Georgium</strong></span> 
     </span>
    </p>
   </div>
   <div class='ocr_carea' id='block_1_101' title="bbox 363 5146 1940 5219">
    <p class='ocr_par' dir='ltr' id='par_1_101' title="bbox 363 5146 1940 5219">
     <span class='ocr_line' id='line_1_101' title="bbox 363 5146 1940 5219; baseline -0.001 -15"><span class='ocrx_word' id='word_1_717' title='bbox 363 5149 613 5219; x_wconf 81' lang='lat' dir='ltr'><strong>protulit,</strong></span> <span class='ocrx_word' id='word_1_718' title='bbox 653 5158 707 5205; x_wconf 92' lang='lat' dir='ltr'><strong>ct</strong></span> <span class='ocrx_word' id='word_1_719' title='bbox 751 5150 897 5205; x_wconf 88' lang='lat' dir='ltr'><strong>hunc</strong></span> <span class='ocrx_word' id='word_1_720' title='bbox 940 5149 1197 5219; x_wconf 82' lang='lat' dir='ltr'><strong>capulare</strong></span> <span class='ocrx_word' id='word_1_721' title='bbox 1242 5146 1455 5202; x_wconf 89' lang='lat' dir='ltr'><strong>duobus</strong></span> <span class='ocrx_word' id='word_1_722' title='bbox 1504 5146 1940 5217; x_wconf 64' lang='lat' dir='ltr'><strong>praecedentibus</strong></span> 
     </span>
    </p>
   </div>
   <div class='ocr_carea' id='block_1_102' title="bbox 362 5239 1940 5322">
    <p class='ocr_par' dir='ltr' id='par_1_102' title="bbox 362 5239 1940 5322">
     <span class='ocr_line' id='line_1_102' title="bbox 362 5239 1940 5322; baseline -0.003 -26"><span class='ocrx_word' id='word_1_723' title='bbox 362 5239 711 5304; x_wconf 79' lang='lat' dir='ltr'><strong>exliortatur,</strong></span> <span class='ocrx_word' id='word_1_724' title='bbox 752 5241 890 5295; x_wconf 93' lang='lat' dir='ltr'><strong>utin</strong></span> <span class='ocrx_word' id='word_1_725' title='bbox 936 5239 1173 5294; x_wconf 90' lang='lat' dir='ltr'><strong>mirabili</strong></span> <span class='ocrx_word' id='word_1_726' title='bbox 1210 5249 1527 5294; x_wconf 85' lang='lat' dir='ltr'><strong>sanctorum</strong></span> <span class='ocrx_word' id='word_1_727' title='bbox 1563 5253 1750 5308; x_wconf 89' lang='lat' dir='ltr'><strong>opere,</strong></span> <span class='ocrx_word' id='word_1_728' title='bbox 1778 5239 1940 5322; x_wconf 68' lang='grc' dir='ltr'>ιςειίο</span> 
     </span>
    </p>
   </div>
   <div class='ocr_carea' id='block_1_103' title="bbox 361 5329 1936 5403">
    <p class='ocr_par' dir='ltr' id='par_1_103' title="bbox 361 5329 1936 5403">
     <span class='ocr_line' id='line_1_103' title="bbox 361 5329 1936 5403; baseline -0.001 -20"><span class='ocrx_word' id='word_1_729' title='bbox 361 5333 597 5401; x_wconf 91' lang='lat' dir='ltr'><strong>prolato,</strong></span> <span class='ocrx_word' id='word_1_730' title='bbox 647 5332 796 5387; x_wconf 88' lang='lat' dir='ltr'><strong>hunc</strong></span> <span class='ocrx_word' id='word_1_731' title='bbox 851 5331 1086 5403; x_wconf 90' lang='lat' dir='ltr'><strong>potioris</strong></span> <span class='ocrx_word' id='word_1_732' title='bbox 1138 5330 1488 5387; x_wconf 77' lang='lat' dir='ltr'><strong>occasionem</strong></span> <span class='ocrx_word' id='word_1_733' title='bbox 1543 5329 1815 5400; x_wconf 85' lang='lat' dir='ltr'><strong>superbi-.e</strong></span> <span class='ocrx_word' id='word_1_734' title='bbox 1854 5329 1936 5383; x_wconf 82' lang='lat' dir='ltr'><strong>fa-</strong></span> 
     </span>
    </p>
   </div>
   <div class='ocr_carea' id='block_1_104' title="bbox 360 5419 1942 5492">
    <p class='ocr_par' dir='ltr' id='par_1_104' title="bbox 360 5419 1942 5492">
     <span class='ocr_line' id='line_1_104' title="bbox 360 5419 1942 5492; baseline -0.001 -17"><span class='ocrx_word' id='word_1_735' title='bbox 360 5420 654 5478; x_wconf 85' lang='lat' dir='ltr'><strong>ciat.Unde</strong></span> <span class='ocrx_word' id='word_1_736' title='bbox 690 5424 957 5478; x_wconf 89' lang='lat' dir='ltr'><strong>mirantes</strong></span> <span class='ocrx_word' id='word_1_737' title='bbox 995 5430 1050 5478; x_wconf 85' lang='lat' dir='ltr'><strong>et</strong></span> <span class='ocrx_word' id='word_1_738' title='bbox 1095 5438 1196 5477; x_wconf 93' lang='lat' dir='ltr'><strong>nos</strong></span> <span class='ocrx_word' id='word_1_739' title='bbox 1239 5419 1488 5492; x_wconf 85' lang='lat' dir='ltr'><strong>ejusdem</strong></span> <span class='ocrx_word' id='word_1_740' title='bbox 1537 5421 1732 5477; x_wconf 69' lang='lat' dir='ltr'><strong>insula:</strong></span> <span class='ocrx_word' id='word_1_741' title='bbox 1769 5421 1942 5475; x_wconf 85' lang='lat' dir='ltr'><strong>bono-</strong></span> 
     </span>
    </p>
   </div>
   <div class='ocr_carea' id='block_1_105' title="bbox 359 5513 1942 5587">
    <p class='ocr_par' dir='ltr' id='par_1_105' title="bbox 359 5513 1942 5587">
     <span class='ocr_line' id='line_1_105' title="bbox 359 5513 1942 5587; baseline 0.001 -19"><span class='ocrx_word' id='word_1_742' title='bbox 359 5513 707 5580; x_wconf 83' lang='lat' dir='ltr'><strong>riﬁcentiam,</strong></span> <span class='ocrx_word' id='word_1_743' title='bbox 745 5529 800 5571; x_wconf 91' lang='lat' dir='ltr'><strong>et</strong></span> <span class='ocrx_word' id='word_1_744' title='bbox 830 5515 1280 5573; x_wconf 90' lang='lat' dir='ltr'><strong>decentissimam</strong></span> <span class='ocrx_word' id='word_1_745' title='bbox 1335 5529 1461 5585; x_wconf 82' lang='lat' dir='ltr'><strong>erga</strong></span> <span class='ocrx_word' id='word_1_746' title='bbox 1512 5522 1783 5587; x_wconf 82' lang='lat' dir='ltr'><strong>martyras</strong></span> <span class='ocrx_word' id='word_1_747' title='bbox 1831 5514 1942 5585; x_wconf 86' lang='lat' dir='ltr'><strong>pie-</strong></span> 
     </span>
    </p>
   </div>
   <div class='ocr_carea' id='block_1_106' title="bbox 362 5606 1940 5679">
    <p class='ocr_par' dir='ltr' id='par_1_106' title="bbox 362 5606 1940 5679">
     <span class='ocr_line' id='line_1_106' title="bbox 362 5606 1940 5679; baseline 0.001 -19"><span class='ocrx_word' id='word_1_748' title='bbox 362 5612 550 5672; x_wconf 87' lang='lat' dir='ltr'><strong>tatem,</strong></span> <span class='ocrx_word' id='word_1_749' title='bbox 599 5607 938 5679; x_wconf 83' lang='lat' dir='ltr'><strong>gloriamque</strong></span> <span class='ocrx_word' id='word_1_750' title='bbox 981 5609 1157 5679; x_wconf 86' lang='lat' dir='ltr'><strong>ipsius</strong></span> <span class='ocrx_word' id='word_1_751' title='bbox 1206 5606 1609 5672; x_wconf 85' lang='lat' dir='ltr'><strong>mnltimodam,</strong></span> <span class='ocrx_word' id='word_1_752' title='bbox 1655 5622 1776 5678; x_wconf 68' lang='lat' dir='ltr'><strong>qum</strong></span> <span class='ocrx_word' id='word_1_753' title='bbox 1820 5616 1940 5662; x_wconf 83' lang='lat' dir='ltr'><strong>stu-</strong></span> 
     </span>
    </p>
   </div>
   <div class='ocr_carea' id='block_1_107' title="bbox 360 5687 1936 5771">
    <p class='ocr_par' dir='ltr' id='par_1_107' title="bbox 360 5687 1936 5771">
     <span class='ocr_line' id='line_1_107' title="bbox 360 5687 1936 5771; baseline 0 -18"><span class='ocrx_word' id='word_1_754' title='bbox 360 5696 518 5753; x_wconf 85' lang='lat' dir='ltr'><strong>detur</strong></span> <span class='ocrx_word' id='word_1_755' title='bbox 560 5696 648 5769; x_wconf 71' lang='lat' dir='ltr'><strong>[ex</strong></span> <span class='ocrx_word' id='word_1_756' title='bbox 691 5697 813 5769; x_wconf 65' lang='lat' dir='ltr'><strong>Gn]</strong></span> <span class='ocrx_word' id='word_1_757' title='bbox 866 5700 921 5757; x_wconf 94' lang='lat' dir='ltr'><strong>in</strong></span> <span class='ocrx_word' id='word_1_758' title='bbox 984 5701 1089 5768; x_wconf 89' lang='lat' dir='ltr'><strong>bis,</strong></span> <span class='ocrx_word' id='word_1_759' title='bbox 1152 5700 1444 5771; x_wconf 87' lang='lat' dir='ltr'><strong>petitiones</strong></span> <span class='ocrx_word' id='word_1_760' title='bbox 1492 5687 1936 5771; x_wconf 56' lang='lat' dir='ltr'><strong>Qdiniplcamus:</strong></span> 
     </span>
    </p>
   </div>
   <div class='ocr_carea' id='block_1_108' title="bbox 2044 4523 3625 4603">
    <p class='ocr_par' dir='ltr' id='par_1_108' title="bbox 2044 4523 3625 4603">
     <span class='ocr_line' id='line_1_108' title="bbox 2044 4523 3625 4603; baseline 0.005 -27"><span class='ocrx_word' id='word_1_761' title='bbox 2044 4523 2180 4593; x_wconf 80' lang='grc' dir='ltr'>ὁμοῦ</span> <span class='ocrx_word' id='word_1_762' title='bbox 2215 4526 2311 4579; x_wconf 75' lang='grc' dir='ltr'><strong>καὶ</strong></span> <span class='ocrx_word' id='word_1_763' title='bbox 2334 4526 2572 4597; x_wconf 86' lang='grc' dir='ltr'>σκιρτῶν</span> <span class='ocrx_word' id='word_1_764' title='bbox 2605 4526 2703 4598; x_wconf 82' lang='grc' dir='ltr'>τὴν</span> <span class='ocrx_word' id='word_1_765' title='bbox 2740 4529 2947 4584; x_wconf 86' lang='grc' dir='ltr'>Λυκίαν</span> <span class='ocrx_word' id='word_1_766' title='bbox 2996 4531 3289 4603; x_wconf 80' lang='grc' dir='ltr'>κατείληφε</span> <span class='ocrx_word' id='word_1_767' title='bbox 3313 4547 3327 4562; x_wconf 86' lang='grc'><strong>·</strong></span> <span class='ocrx_word' id='word_1_768' title='bbox 3376 4532 3537 4600; x_wconf 77' lang='grc' dir='ltr'>ἡμεῖς</span> <span class='ocrx_word' id='word_1_769' title='bbox 3562 4528 3625 4584; x_wconf 72' lang='grc' dir='ltr'>δι</span> 
     </span>
    </p>
   </div>
   <div class='ocr_carea' id='block_1_109' title="bbox 2045 4615 3620 4693">
    <p class='ocr_par' dir='ltr' id='par_1_109' title="bbox 2045 4615 3620 4693">
     <span class='ocr_line' id='line_1_109' title="bbox 2045 4615 3620 4693; baseline 0.006 -25"><span class='ocrx_word' id='word_1_770' title='bbox 2045 4615 2209 4670; x_wconf 85' lang='grc' dir='ltr'>πάλιν</span> <span class='ocrx_word' id='word_1_771' title='bbox 2234 4619 2362 4682; x_wconf 82' lang='grc' dir='ltr'>τοὺς</span> <span class='ocrx_word' id='word_1_772' title='bbox 2394 4620 2583 4689; x_wconf 84' lang='grc' dir='ltr'>ἁγίους</span> <span class='ocrx_word' id='word_1_773' title='bbox 2614 4622 2949 4692; x_wconf 85' lang='grc' dir='ltr'>αίνέσαντες,</span> <span class='ocrx_word' id='word_1_774' title='bbox 2996 4623 3164 4692; x_wconf 79' lang='grc' dir='ltr'>ἄλλην</span> <span class='ocrx_word' id='word_1_775' title='bbox 3200 4623 3380 4677; x_wconf 81' lang='grc' dir='ltr'>αὐτῶν</span> <span class='ocrx_word' id='word_1_776' title='bbox 3404 4621 3620 4693; x_wconf 79' lang='grc' dir='ltr'>θαυμα-</span> 
     </span>
    </p>
   </div>
   <div class='ocr_carea' id='block_1_110' title="bbox 2042 4707 2728 4784">
    <p class='ocr_par' dir='ltr' id='par_1_110' title="bbox 2042 4707 2728 4784">
     <span class='ocr_line' id='line_1_110' title="bbox 2042 4707 2728 4784; baseline 0.015 -26"><span class='ocrx_word' id='word_1_777' title='bbox 2042 4707 2301 4778; x_wconf 88' lang='grc' dir='ltr'>τουργίαν</span> <span class='ocrx_word' id='word_1_778' title='bbox 2329 4711 2728 4784; x_wconf 85' lang='grc' dir='ltr'>προσοίσωμεν.</span> 
     </span>
    </p>
   </div>
   <div class='ocr_carea' id='block_1_111' title="bbox 2041 4887 3623 4964">
    <p class='ocr_par' dir='ltr' id='par_1_111' title="bbox 2041 4887 3623 4964">
     <span class='ocr_line' id='line_1_111' title="bbox 2041 4887 3623 4964; baseline 0.007 -24"><span class='ocrx_word' id='word_1_779' title='bbox 2041 4887 2158 4943; x_wconf 69' lang='grc' dir='ltr'><strong>ΞΖν.</strong></span> <span class='ocrx_word' id='word_1_780' title='bbox 2211 4888 2351 4957; x_wconf 76' lang='grc' dir='ltr'>Περὶ</span> <span class='ocrx_word' id='word_1_781' title='bbox 2384 4892 2685 4964; x_wconf 75' lang='grc' dir='ltr'>Γεωργίου</span> <span class='ocrx_word' id='word_1_782' title='bbox 2711 4893 2818 4947; x_wconf 87' lang='grc' dir='ltr'>τοῦ</span> <span class='ocrx_word' id='word_1_783' title='bbox 2848 4894 3329 4964; x_wconf 79' lang='grc' dir='ltr'>πνευματιῶντος</span> <span class='ocrx_word' id='word_1_784' title='bbox 3357 4897 3458 4951; x_wconf 76' lang='grc' dir='ltr'><strong>καὶ</strong></span> <span class='ocrx_word' id='word_1_785' title='bbox 3485 4897 3623 4951; x_wconf 80' lang='grc' dir='ltr'>ἐαυ-</span> 
     </span>
    </p>
   </div>
   <div class='ocr_carea' id='block_1_112' title="bbox 2574 4963 3090 5033">
    <p class='ocr_par' dir='ltr' id='par_1_112' title="bbox 2574 4963 3090 5033">
     <span class='ocr_line' id='line_1_112' title="bbox 2574 4963 3090 5033; baseline 0.008 -18"><span class='ocrx_word' id='word_1_786' title='bbox 2574 4963 2680 5016; x_wconf 80' lang='grc' dir='ltr'>τὸν</span> <span class='ocrx_word' id='word_1_787' title='bbox 2718 4965 3090 5033; x_wconf 70' lang='grc' dir='ltr'>σφάξαντος.</span> 
     </span>
    </p>
   </div>
   <div class='ocr_carea' id='block_1_113' title="bbox 2119 5049 3621 5130">
    <p class='ocr_par' dir='ltr' id='par_1_113' title="bbox 2119 5049 3621 5130">
     <span class='ocr_line' id='line_1_113' title="bbox 2119 5049 3621 5130; baseline 0.005 -27"><span class='ocrx_word' id='word_1_788' title='bbox 2119 5049 2310 5104; x_wconf 77' lang='grc' dir='ltr'>’Λλλον</span> <span class='ocrx_word' id='word_1_789' title='bbox 2358 5052 2494 5123; x_wconf 72' lang='grc' dir='ltr'>ἡμῖν</span> <span class='ocrx_word' id='word_1_790' title='bbox 2546 5058 2580 5126; x_wconf 83' lang='grc' dir='ltr'><strong>ή</strong></span> <span class='ocrx_word' id='word_1_791' title='bbox 2636 5050 2858 5127; x_wconf 82' lang='grc' dir='ltr'>Κύπρος</span> <span class='ocrx_word' id='word_1_792' title='bbox 2895 5054 3166 5127; x_wconf 77' lang='grc' dir='ltr'>Γεώργιον</span> <span class='ocrx_word' id='word_1_793' title='bbox 3196 5056 3330 5128; x_wconf 83' lang='grc' dir='ltr'>πρὸς</span> <span class='ocrx_word' id='word_1_794' title='bbox 3372 5058 3621 5130; x_wconf 73' lang='grc' dir='ltr'>διήγησιν</span> 
     </span>
    </p>
   </div>
   <div class='ocr_carea' id='block_1_114' title="bbox 2042 5140 3621 5218">
    <p class='ocr_par' dir='ltr' id='par_1_114' title="bbox 2042 5140 3621 5218">
     <span class='ocr_line' id='line_1_114' title="bbox 2042 5140 3621 5218; baseline 0.007 -24"><span class='ocrx_word' id='word_1_795' title='bbox 2042 5140 2271 5210; x_wconf 73' lang='grc' dir='ltr'>ἤγαγεν,</span> <span class='ocrx_word' id='word_1_796' title='bbox 2298 5144 2390 5197; x_wconf 76' lang='grc' dir='ltr'><strong>καὶ</strong></span> <span class='ocrx_word' id='word_1_797' title='bbox 2424 5143 2612 5199; x_wconf 79' lang='grc' dir='ltr'>τοῦτον</span> <span class='ocrx_word' id='word_1_798' title='bbox 2650 5148 2763 5211; x_wconf 87' lang='grc' dir='ltr'>τοῖς</span> <span class='ocrx_word' id='word_1_799' title='bbox 2814 5148 3147 5218; x_wconf 71' lang='grc' dir='ltr'>προλαϐοῦσι</span> <span class='ocrx_word' id='word_1_800' title='bbox 3193 5150 3287 5202; x_wconf 89' lang='grc' dir='ltr'><strong>δύο</strong></span> <span class='ocrx_word' id='word_1_801' title='bbox 3330 5152 3621 5206; x_wconf 82' lang='grc' dir='ltr'>συνάπτειν</span> 
     </span>
    </p>
   </div>
   <div class='ocr_carea' id='block_1_115' title="bbox 2044 5237 3625 5318">
    <p class='ocr_par' dir='ltr' id='par_1_115' title="bbox 2044 5237 3625 5318">
     <span class='ocr_line' id='line_1_115' title="bbox 2044 5237 3625 5318; baseline 0.006 -30"><span class='ocrx_word' id='word_1_802' title='bbox 2044 5237 2437 5309; x_wconf 83' lang='grc' dir='ltr'>προτρέπεται,</span> <span class='ocrx_word' id='word_1_803' title='bbox 2489 5238 2635 5293; x_wconf 74' lang='grc' dir='ltr'>ἵν’ὲν</span> <span class='ocrx_word' id='word_1_804' title='bbox 2684 5243 2750 5312; x_wconf 80' lang='grc' dir='ltr'>τῇ</span> <span class='ocrx_word' id='word_1_805' title='bbox 2798 5242 2908 5294; x_wconf 69' lang='grc' dir='ltr'>τῶν</span> <span class='ocrx_word' id='word_1_806' title='bbox 2953 5242 3122 5313; x_wconf 85' lang='grc' dir='ltr'>ἁγίων</span> <span class='ocrx_word' id='word_1_807' title='bbox 3171 5244 3625 5318; x_wconf 79' lang='grc' dir='ltr'>θαυματογραφίᾳ</span> 
     </span>
    </p>
   </div>
   <div class='ocr_carea' id='block_1_116' title="bbox 2042 5327 3625 5407">
    <p class='ocr_par' dir='ltr' id='par_1_116' title="bbox 2042 5327 3625 5407">
     <span class='ocr_line' id='line_1_116' title="bbox 2042 5327 3625 5407; baseline 0.006 -27"><span class='ocrx_word' id='word_1_808' title='bbox 2042 5327 2224 5398; x_wconf 85' lang='grc' dir='ltr'>τρίτον</span> <span class='ocrx_word' id='word_1_809' title='bbox 2244 5328 2539 5399; x_wconf 79' lang='grc' dir='ltr'>ἐνέγκασα,</span> <span class='ocrx_word' id='word_1_810' title='bbox 2569 5331 2727 5385; x_wconf 74' lang='grc' dir='ltr'>τοῦτο</span> <span class='ocrx_word' id='word_1_811' title='bbox 2764 5333 3009 5401; x_wconf 75' lang='grc' dir='ltr'>μείζονος</span> <span class='ocrx_word' id='word_1_812' title='bbox 3034 5332 3289 5407; x_wconf 68' lang='grc' dir='ltr'>ἀφορμὴν</span> <span class='ocrx_word' id='word_1_813' title='bbox 3318 5336 3625 5407; x_wconf 74' lang='grc' dir='ltr'>ἀγερωχίας</span> 
     </span>
    </p>
   </div>
   <div class='ocr_carea' id='block_1_117' title="bbox 2044 5418 3625 5497">
    <p class='ocr_par' dir='ltr' id='par_1_117' title="bbox 2044 5418 3625 5497">
     <span class='ocr_line' id='line_1_117' title="bbox 2044 5418 3625 5497; baseline 0.006 -27"><span class='ocrx_word' id='word_1_814' title='bbox 2044 5420 2352 5490; x_wconf 85' lang='grc' dir='ltr'>ποιήσαιτο.</span> <span class='ocrx_word' id='word_1_815' title='bbox 2377 5418 2543 5476; x_wconf 80' lang='grc' dir='ltr'>Ὅθεν</span> <span class='ocrx_word' id='word_1_816' title='bbox 2589 5422 2968 5494; x_wconf 81' lang='grc' dir='ltr'>θαυμάσαντες</span> <span class='ocrx_word' id='word_1_817' title='bbox 3000 5424 3167 5496; x_wconf 79' lang='grc' dir='ltr'>αὐτῆς</span> <span class='ocrx_word' id='word_1_818' title='bbox 3218 5428 3311 5479; x_wconf 77' lang='grc' dir='ltr'><strong>καὶ</strong></span> <span class='ocrx_word' id='word_1_819' title='bbox 3356 5429 3516 5497; x_wconf 78' lang='grc' dir='ltr'>ἡμεῖς</span> <span class='ocrx_word' id='word_1_820' title='bbox 3565 5427 3625 5479; x_wconf 82' lang='grc' dir='ltr'>τὸ</span> 
     </span>
    </p>
   </div>
   <div class='ocr_carea' id='block_1_118' title="bbox 2044 5509 3621 5590">
    <p class='ocr_par' dir='ltr' id='par_1_118' title="bbox 2044 5509 3621 5590">
     <span class='ocr_line' id='line_1_118' title="bbox 2044 5509 3621 5590; baseline 0.006 -27"><span class='ocrx_word' id='word_1_821' title='bbox 2044 5509 2349 5582; x_wconf 87' lang='grc' dir='ltr'>φιλότιμον,</span> <span class='ocrx_word' id='word_1_822' title='bbox 2383 5515 2477 5567; x_wconf 71' lang='grc' dir='ltr'><strong>καὶ</strong></span> <span class='ocrx_word' id='word_1_823' title='bbox 2510 5514 2607 5585; x_wconf 76' lang='grc' dir='ltr'>τὴν</span> <span class='ocrx_word' id='word_1_824' title='bbox 2643 5518 2721 5580; x_wconf 89' lang='grc' dir='ltr'><strong>είς</strong></span> <span class='ocrx_word' id='word_1_825' title='bbox 2752 5518 2879 5581; x_wconf 76' lang='grc' dir='ltr'>τοὺς</span> <span class='ocrx_word' id='word_1_826' title='bbox 2922 5517 3207 5589; x_wconf 72' lang='grc' dir='ltr'>μάρτυρας</span> <span class='ocrx_word' id='word_1_827' title='bbox 3248 5517 3621 5590; x_wconf 83' lang='grc' dir='ltr'>εὐπρεπεστά-</span> 
     </span>
    </p>
   </div>
   <div class='ocr_carea' id='block_1_119' title="bbox 2041 5603 3624 5681">
    <p class='ocr_par' dir='ltr' id='par_1_119' title="bbox 2041 5603 3624 5681">
     <span class='ocr_line' id='line_1_119' title="bbox 2041 5603 3624 5681; baseline 0.006 -27"><span class='ocrx_word' id='word_1_828' title='bbox 2041 5619 2143 5672; x_wconf 88' lang='grc' dir='ltr'><strong>την</strong></span> <span class='ocrx_word' id='word_1_829' title='bbox 2171 5603 2477 5671; x_wconf 78' lang='grc' dir='ltr'>εὺσέδειαν,</span> <span class='ocrx_word' id='word_1_830' title='bbox 2518 5607 2609 5659; x_wconf 75' lang='grc' dir='ltr'><strong>καὶ</strong></span> <span class='ocrx_word' id='word_1_831' title='bbox 2638 5606 2698 5659; x_wconf 83' lang='grc' dir='ltr'>τὸ</span> <span class='ocrx_word' id='word_1_832' title='bbox 2724 5607 2817 5660; x_wconf 74' lang='grc' dir='ltr'><strong>ἐπὶ</strong></span> <span class='ocrx_word' id='word_1_833' title='bbox 2847 5607 3058 5672; x_wconf 88' lang='grc' dir='ltr'>τούτοις</span> <span class='ocrx_word' id='word_1_834' title='bbox 3088 5610 3223 5681; x_wconf 78' lang='grc' dir='ltr'>αὐτῇ</span> <span class='ocrx_word' id='word_1_835' title='bbox 3254 5610 3624 5680; x_wconf 76' lang='grc' dir='ltr'>σπουδαζόμε-</span> 
     </span>
    </p>
   </div>
   <div class='ocr_carea' id='block_1_120' title="bbox 2043 5694 3621 5772">
    <p class='ocr_par' dir='ltr' id='par_1_120' title="bbox 2043 5694 3621 5772">
     <span class='ocr_line' id='line_1_120' title="bbox 2043 5694 3621 5772; baseline 0.004 -23"><span class='ocrx_word' id='word_1_836' title='bbox 2043 5713 2133 5752; x_wconf 87' lang='grc' dir='ltr'><strong>νον</strong></span> <span class='ocrx_word' id='word_1_837' title='bbox 2158 5694 2495 5768; x_wconf 84' lang='grc' dir='ltr'>πολύτροπον</span> <span class='ocrx_word' id='word_1_838' title='bbox 2520 5696 2803 5770; x_wconf 76' lang='grc' dir='ltr'>καύχημα,</span> <span class='ocrx_word' id='word_1_839' title='bbox 2829 5698 2926 5763; x_wconf 70' lang='grc' dir='ltr'><strong>τὰς</strong></span> <span class='ocrx_word' id='word_1_840' title='bbox 2953 5699 3194 5769; x_wconf 71' lang='grc' dir='ltr'>αἰτήσεις</span> <span class='ocrx_word' id='word_1_841' title='bbox 3225 5698 3621 5772; x_wconf 70' lang='grc' dir='ltr'>πληρώσωμεν.</span> 
     </span>
    </p>
   </div>
  </div>
