4060 6236
372 303 441 364 36
452 304 517 364 53

1402 287 1503 347 SS.
1537 281 1712 344 CYRI
1746 278 1846 339 ET
1865 275 2188 338 JOANNIS
2218 272 2634 332 MIRACULA.

3500 269 3640 333 365%

372 409 783 483 Κεχαρισμέναι
808 408 915 479 γὰρ
947 401 1106 462 αὗται
1137 406 1230 458 καὶ
1260 405 1392 472 ἡμῖν
1417 399 1842 469 καθεστήκασιν,
1874 393 1967 446 καὶ

2077 391 2186 445 haec
2221 390 2419 460 quippe
2440 387 2600 442 nobis
2627 385 2792 441 etiam
2823 399 2972 455 grata
3010 383 3344 449 consistunt,
3375 393 3432 438 et
3467 384 3639 439 virtu—

371 501 471 569 τὴν
517 501 596 562 είς
645 496 807 550 αὑτὸν
839 499 950 559 τοῖς
978 496 1154 562 ἁγίοις
1187 490 1511 562 πραχθεῖσιν
1541 489 1771 556 δύναμιν
1796 483 1960 548 λέξω-

377 608 499 661 μεν,
532 587 842 658 ὑπερϐολὴν
879 585 1161 656 θαύματος
1209 583 1461 652 ἔχουσαν,
1511 580 1606 632 καί
1650 579 1749 646 τὴν
1803 575 1960 645 χάριν

374 682 556 736 αὐτῶν
595 682 664 734 δι’
702 682 904 750 ἑαυτῆς
941 677 1339 740 είκονίζουσαν.

445 773 695 843 Κύπριος
743 769 812 843 ἦν
857 774 884 825 6
930 769 1226 840 Γεὼργιος,
1260 767 1354 820 καὶ
1385 764 1663 831 δαιμόνιον
1697 761 1819 830 ἔσχε
1868 759 1962 812 ἐπὶ

377 865 546 934 κακίᾳ
594 863 762 932 πολλῇ
811 859 1251 931 γνωριζόμενον*
1305 857 1576 925 δαιμόνων
1606 853 1714 922 γὰρ
1752 852 1962 903 πολλῶν

379 952 594 1023 ὑπῆρχε
639 951 775 1005 πολὺ
808 949 1199 1020 πονηρότατον,
1230 949 1324 1000 καὶ
1353 947 1420 998 τὰ
1451 948 1560 1007 τοῖς
1585 943 1798 1005 πολλοῖς
1827 941 1964 1012 δρώ-

379 1061 518 1113 μενα
551 1043 697 1096 κακά
732 1044 895 1113 μόνον
923 1041 1058 1095 αὐτὸ
1090 1043 1265 1093 ποιεῖν
1299 1037 1597 1107 ἠγωνίζετο
1619 1053 1632 1064 ·
1666 1035 1761 1087 καὶ
1797 1033 1966 1102 μεγά-

377 1136 475 1204 λην
521 1128 695 1204 ἧτταν
741 1134 801 1186 τὸ
852 1133 1026 1185 δεινὸν
1072 1130 1474 1199 ὑπελάμϐανεν,
1506 1127 1554 1178 εί
1585 1128 1726 1195 φανῇ
1771 1124 1965 1195 μικρὸν

375 1227 484 1280 τῶν
503 1226 678 1279 ἄλλων
698 1225 952 1277 ἁπάντων
983 1222 1288 1292 πραότερον
1311 1236 1323 1249 ·
1348 1219 1492 1272 οὕτω
1520 1217 1577 1270 δὲ
1606 1217 1844 1286 χαλεπὸν
1871 1217 1966 1268 καὶ

380 1315 789 1386 μισάνθρωπον,
855 1314 1242 1383 χαλεπώτερον
1287 1312 1432 1380 ἢπερ
1457 1307 1603 1362 ἄλλοι
1630 1307 1834 1374 διετίθη
1877 1306 1967 1359 τὸν

376 1407 687 1478 ἄνθρωπον,
735 1407 1035 1458 ὲπιπίπτον
1066 1403 1153 1456 ἀεὶ
1183 1404 1280 1455 καὶ
1321 1402 1605 1471 συντρῖϐον
1637 1399 1729 1452 τὸν
1759 1399 1965 1463 ἄθλιον,

378 1500 474 1553 καὶ
504 1498 669 1552 αὐτοῦ
696 1500 763 1551 τὰ
797 1496 968 1550 πολλὰ
999 1495 1366 1566 μανικώτερον
1390 1493 1552 1547 αὐτὸν
1573 1490 1969 1564 έργαζόμενον;

379 1588 586 1643 Τούτου
635 1566 815 1640 ποθῶν
863 1587 962 1656 τὴν
1014 1585 1192 1656 φυγὴν
1227 1587 1256 1638 6
1282 1584 1578 1655 Γεώργιος,
1609 1587 1688 1645 είς
1722 1581 1970 1648 Ἀλεξάν-

377 1683 563 1750 δρειαν
592 1680 834 1750 ἔρχεται,
876 1681 972 1732 καὶ
1018 1677 1108 1731 τὸν
1153 1678 1290 1731 νεὼν
1331 1677 1442 1730 τῶν
1474 1677 1645 1746 ἁγίων
1678 1675 1966 1741 κατέλαϐε,

2062 493 2168 538 tem
2205 497 2325 552 quae
2366 483 2421 535 in
2446 496 2512 536 eo
2542 495 2572 533 a
2600 477 2809 534 sanctis
2841 486 2990 548 gesta
3016 485 3100 532 est
3128 476 3442 541 edicaruus;
3477 475 3644 530 habet

2061 581 2206 635 enim
2233 579 2591 634 eminentiam
2634 577 2912 643 miraculi,
2962 591 3058 647 per
3086 591 3146 631 se
3190 575 3367 645 ipsam
3408 576 3646 645 gratiam

2059 685 2249 726 eorum
2286 671 2608 740 imaginans.

2133 761 2368 833 Cyprius
2411 769 2529 816 erat
2568 761 2834 831 Georgius
2862 769 2916 814 et
2963 760 3263 816 daemonem
3317 759 3547 815 habebat
3585 758 3645 813 irr

2063 856 2233 910 multa
2259 855 2463 908 n'ialitia
2495 855 2813 925 cognitum;
2856 853 3045 908 multis
3075 854 3220 907 enim
3269 861 3388 908 erat
3432 853 3640 908 dzemo-

2063 948 2229 1002 nibus
2265 946 2519 1016 nequior,
2554 956 2607 1002 et
2657 947 2796 999 mala
2826 960 2949 1016 quae
2995 961 3025 999 a
3065 944 3251 1000 multis
3285 944 3639 1015 gerebantur,

2065 1039 2218 1094 solus
2260 1037 2379 1108 ipse
2409 1036 2588 1092 facere
2640 1038 2986 1104 rlecertabat;
3033 1043 3089 1092 et
3122 1052 3374 1108 magnam
3411 1050 3642 1105 supera-

2066 1132 2282 1185 tionem'
2301 1131 2385 1185 sui
2412 1145 2538 1184 acer
2560 1130 2648 1184 ille
2666 1129 2910 1200 putabat,
2938 1129 2981 1183 si
3005 1130 3348 1198 apparuisset
3371 1128 3561 1183 saltem
3586 1126 3644 1179 in

2068 1221 2287 1277 modico
2317 1221 2593 1276 universis
2643 1221 2766 1276 aliis
2810 1221 3018 1274 mitior.
3059 1220 3194 1274 Cum
3228 1229 3408 1274 autem
3461 1218 3647 1272 taliter

2067 1329 2246 1369 saevus
2273 1320 2440 1378 esset,
2473 1319 2529 1367 et
2572 1311 2813 1366 hominis
2872 1325 3020 1375 osor,
3079 1311 3277 1365 saevius
3327 1323 3488 1380 quam
3550 1308 3646 1362 alii

2067 1406 2338 1461 tractabat
2363 1404 2664 1471 hominem,
2719 1405 3011 1459 immersus
3053 1417 3268 1472 semper
3309 1402 3365 1456 in
3404 1416 3551 1468 eum,
3592 1409 3647 1455 et

2068 1505 2362 1550 conterens
2392 1493 2656 1548 miserum
2702 1501 2756 1547 et
2787 1508 2906 1547 sese
2953 1492 3237 1546 saeviorem
3288 1490 3341 1544 in
3397 1489 3652 1560 plur-imis-

2068 1598 2324 1653 operans.
2353 1582 2530 1650 Hujus
2561 1583 2886 1639 desiderans
2921 1582 3105 1652 fugam
3125 1582 3390 1652 Georgius
3413 1581 3649 1636 Alexan-

2069 1675 2244 1729 driam
2287 1674 2457 1740 venit,
2492 1685 2546 1728 et
2581 1674 2648 1728 ad
2698 1674 2982 1731 basilicam
3022 1684 3338 1730 sanctorum
3391 1672 3648 1740 accessi',

378 1773 475 1824 καὶ
507 1771 693 1824 τοῦτον
729 1769 1020 1840 κατῴκησε
1058 1767 1196 1838 μετὰ
1226 1768 1334 1822 τῶν
1360 1768 1532 1823 ἄλλων
1559 1766 1800 1820 ἀσθενῶν
1827 1767 1964 1819 διαι-

2077 1772 2119 1820 et
2150 1765 2204 1818 in
2239 1764 2342 1819 hac
2383 1764 2650 1819 habitavit
2679 1780 2802 1820 cum
2845 1766 2966 1820 aliis
2989 1776 3235 1820 moratus
3261 1764 3513 1818 infirmis.
3541 1761 3652 1818 Sed-

377 1863 644 1933 τώμενος.
673 1861 811 1916 Ἀλλ’
831 1862 1083 1933 ὁδαίμων
1104 1864 1308 1923 ἐκεῖνος
1332 1863 1360 1914 6
1386 1861 1573 1931 ἄγριος
1599 1863 1963 1938 μαρτνρικαῖς

379 1957 536 2027 χερσὶ
569 1955 986 2024 μαστιζόμενος,
1018 1956 1114 2007 καὶ
1169 1953 1242 2023 μὴ
1292 1953 1474 2023 φέρων
1516 1951 1596 2004 ἔτι
1644 1952 1742 2019 τὴν
1765 1951 1964 2004 ἐνθάδε

380 2045 654 2115 Γεωργίου
685 2045 1024 2114 κατοίκησιν,
1056 2045 1193 2113 μήτε
1237 2037 1569 2112 χωρίζεσθαι
1597 2042 1787 2094 τούτου
1830 2041 1966 2112 πρὸς

381 2138 562 2192 αὐτῶν
595 2139 1082 2208 προσταττόμενος,
1113 2135 1355 2188 τοιοῦτόν
1399 2153 1452 2188 τι
1487 2136 1800 2206 μηχανᾶται
1827 2151 1968 2202 παγ-

382 2228 666 2292 κάκιστον,
704 2231 797 2280 καὶ
828 2230 928 2297 τῆς
975 2226 1140 2279 αὑτοῦ
1191 2226 1457 2296 πονηρίας
1506 2226 1761 2290 ἐπάξιον,
1795 2224 1968 2293 φυγὴν

382 2318 564 2388 ἑαυτῷ
601 2319 699 2387 τῆς
735 2318 847 2371 τῶν
883 2317 1056 2385 ἁγίων
1099 2316 1538 2386 μνηστευόμενος
1579 2315 1860 2386 μάστιγος.

457 2408 848 2477 Νυκτικόρακα
900 2406 960 2458 τὸ
1009 2403 1348 2474 καλούμενον
1381 2405 1569 2475 ὄρνεον
1617 2402 1970 2474 ἔμφωλεῦσαι

385 2502 453 2569 τῇ
505 2498 672 2569 στέγῃ
718 2496 1054 2566 πεποίηκεν,
1087 2497 1181 2550 καὶ
1211 2498 1318 2548 τῶν
1346 2495 1526 2548 τόπων
1554 2494 1664 2547 ἄνω
1690 2491 1972 2547 καθεύδειν

384 2605 446 2642 τε
472 2588 567 2640 καὶ
596 2585 946 2650 καθέζεσθαι,
977 2587 1034 2638 ὲν
1059 2581 1138 2647 οἷς
1163 2581 1230 2654 ἦν
1265 2585 1359 2637 καὶ
1391 2583 1666 2654 Γεωργίου
1702 2583 1769 2636 τά
1801 2581 1975 2652 στρώ-

391 2695 538 2748 ματα
557 2696 571 2709 ο
597 2677 719 2730 ὅθεν
745 2679 772 2728 6
795 2674 1128 2746 νυκτικόραξ
1163 2673 1494 2744 καθήμενος,
1522 2673 1610 2724 ἐπ’
1636 2671 1796 2725 αὐτὸν
1817 2671 1976 2741 ἠκόν-

388 2769 537 2832 τιζεν
584 2766 779 2821 ἑαυτοῦ
833 2767 895 2820 τὸ
951 2767 1259 2836 άφόδευμα,
1293 2766 1388 2818 καὶ
1438 2765 1620 2817 πᾶσαν
1667 2763 1832 2816 αὑτοῦ
1879 2764 1976 2833 τὴν

390 2858 623 2930 στρῶσιν
650 2857 934 2928 ἠφάνιζεν.
963 2855 1240 2917 Μαθόντες
1272 2857 1320 2907 οἱ
1369 2853 1446 2924 τῷ
1494 2853 1600 2923 νεῷ
1625 2851 1977 2921 διακονούμε-

389 2967 495 3016 νοι,
527 2952 608 3012 είς
657 2948 822 3002 τόπον
871 2949 1058 3019 ἕτερον
1110 2947 1204 3000 τὸν
1253 2944 1582 2999 ἀσθενοῦντα
1613 2947 1978 3015 μετήνεγκαν,

389 3041 490 3111 τῆς
519 3039 735 3103 ἀδικίας
771 3037 932 3092 αὑτὸν
964 3039 1308 3108 ἐλεήσαντες.
1338 3036 1497 3095 Ἀλλά
1519 3034 1680 3090 πάλιν
1712 3035 1772 3088 τὸ
1793 3034 1981 3106 ὄρνεον

389 3134 465 3196 ὡς
520 3133 584 3186 ἔκ
627 3148 774 3195 τινος
823 3131 1124 3199 ἀναγκαίου
1174 3131 1556 3198 συνθήματος,
1599 3132 1720 3194 ταῖς
1770 3130 1979 3184 ἐκείνου

393 3226 702 3294 στρωμναῖς
739 3224 1148 3293 συμμετήρχετο
1170 3262 1185 3286 ,
1225 3221 1317 3274 καὶ
1348 3221 1424 3285 ὠς
1454 3221 1664 3274 τούτων
1691 3222 1790 3291 τὴν
1818 3221 1987 3290 φύλα-

391 3319 492 3386 κὴν
539 3317 998 3388 προσδεξάμενος,
1032 3317 1129 3369 καὶ
1161 3316 1367 3378 ταύτας
1415 3317 1510 3386 ἐᾷν
1557 3318 1618 3369 οὐ
1665 3316 1982 3384 δυνάμενος,

302 3445 321 3464 .
391 3409 576 3462 ἐπάνω
623 3408 785 3460 πάλιν
832 3407 1097 3475 άφώδευε,
1129 3409 1224 3460 καὶ
1277 3409 1373 3460 σὺν
1416 3407 1611 3470 αύταῐς
1653 3410 1868 3477 συχνοῖς
1895 3407 1985 3460 τὸν

392 3498 663 3569 Γεὼργιον
693 3498 937 3570 έρῤύπου
975 3501 1088 3560 τοῖς
1134 3499 1529 3568 άφοδεύμασιν.
1567 3498 1733 3562 Αὖθις
1767 3499 1824 3552 δὲ
1858 3500 1982 3552 τοῦ-

391 3610 482 3644 τον
511 3595 558 3644 οἱ
588 3591 824 3661 Θυρωροὶ
868 3593 1367 3659 κατοικτείραντες,
1402 3593 1482 3654 είς
1511 3592 1678 3644 τόπον
1707 3591 1861 3654 αὖθις
1891 3592 1985 3645 ἆλ-

391 3683 480 3736 λον
517 3683 855 3753 μετέθηκανο
884 3684 1045 3736 τοῦτο
1067 3684 1122 3736 δὲ
1148 3682 1415 3752 πεποίηκε
1445 3684 1538 3737 καὶ
1567 3683 1627 3736 τὸ
1659 3683 1866 3754 ὄρνεον,
1891 3679 1983 3736 καῖ

325 3775 340 3781 ’
391 3776 490 3845 τῆς
541 3775 858 3846 μεταθέσως
903 3777 1004 3829 ούκ
1043 3776 1358 3845 ἠμέλησεν’
1409 3777 1509 3829 οὐκ
1563 3776 1776 3830 οἴκοθεν
1826 3777 1983 3829 τοῦτο

393 3867 717 3937 ποιούμενον
741 3866 878 3937 (ἔστι
909 3866 1018 3936 γὰρ
1048 3865 1410 3935 ἀδιανόητον),
1443 3866 1578 3918 ἀλλὰ
1606 3866 1860 3936 δαίμονος
1887 3867 1984 3920 αὐ-

392 3954 472 4025 τῷ
507 3953 945 4017 συνελαύνοντος.
978 3954 1063 4017 Ὠς
1087 3954 1143 4010 δὲ
1174 3954 1358 4018 πάλιν,
1391 3955 1590 4024 μᾶλλον
1614 3956 1671 4009 δὲ
1700 3956 1978 4022 πολλάκις,

367 4047 442 4100 οί
476 4046 574 4116 τὴν
603 4047 906 4117 ὑπηρεσίαν
938 4045 1032 4098 τοῦ
1063 4046 1325 4115 τεμένους
1361 4047 1703 4114 ποιούμενοι,
1736 4048 1828 4100 τὸν
1877 4048 1982 4118 ἀρ·-

397 4134 705 4204 ρωστοῦντα
734 4135 1029 4206 μετέφερον
1049 4134 1292 4204 (δεκάκις
1309 4135 1417 4205 γὰρ
1442 4133 1597 4188 τοῦτο
1618 4137 1976 4206 πεπράχασι),

397 4227 490 4280 καὶ
515 4227 575 4280 τὸ
598 4227 783 4298 ὄρνεον
813 4226 1107 4280 άκολοθοῦν
1135 4227 1237 4280 οὐκ
1260 4226 1515 4290 ἐπαύετο,
1535 4227 1684 4291 τέλος
1707 4228 1980 4282 ἐπαύσανο

393 4335 476 4384 το,
508 4320 792 4390 ἐνέργειαν
841 4313 979 4372 εἷναι
1025 4316 1279 4386 δαίμονος
1317 4315 1416 4387 τὴν
1445 4319 1636 4370 τούτου
1675 4318 1978 4389 συνδρομὴν

397 4411 763 4482 λογισάμενοι.

467 4497 752 4570 Θυμωθεὶς
780 4496 874 4554 οὖν
919 4501 986 4554 ὲκ
1027 4499 1217 4553 τούτου
1249 4497 1542 4569 Γεώργιος,
1572 4498 1669 4551 καὶ
1702 4498 1976 4569 μάχαιραν

398 4589 575 4660 εὑρὼν
617 4592 682 4642 ὲκ
712 4589 1018 4643 διαϐολικοῦ
1049 4589 1292 4660 δηλονότι
1325 4588 1704 4657 συντάγματος
1727 4629 1741 4654 ,
1776 4587 1980 4658 ταύτην

400 4681 654 4753 ἁρπάσας
686 4683 714 4733 6
746 4681 980 4744 δείλαιος
1011 4680 1153 4735 κατὰ
1182 4679 1277 4733 τοῦ
1309 4681 1592 4750 φάρυγγος
1619 4680 1817 4750 ἤνεγκε
1840 4721 1853 4743 ,
1890 4679 1983 4732 καὶ

402 4774 646 4844 μεγάλην
681 4772 831 4844 αὑτῷ
883 4773 980 4842 τὴν
1033 4771 1246 4843 σφαγὴν
1280 4771 1662 4841 ἐνειργάσατοο
1715 4771 1984 4840 κεντήσας

400 4866 510 4936 γὰρ
543 4863 760 4935 πρῶτον
807 4862 896 4916 τὸν
948 4861 1224 4934 λάρυγγα,
1263 4861 1422 4915 πάλιν
1451 4860 1580 4914 ἔνθα
1629 4859 1722 4912 καὶ
1766 4858 1894 4913 ἔνθα
1924 4861 1984 4913 τὸ

401 4955 553 5022 ξίφος
583 4954 854 5023 ἐκίνησεν,
876 4953 952 5016 ὡς
978 4954 1078 5006 οὐκ
1110 4953 1387 5024 ἀρκούσης
1418 4951 1518 5020 τῆς
1549 4952 1820 5023 προτέρας
1847 4951 1984 5023 πληο

399 5045 503 5115 γῆς
526 5047 605 5108 εἰς
637 5044 936 5115 ἀναίρεσιν,
972 5045 1021 5097 εί
1055 5044 1130 5115 μὴ
1158 5046 1251 5098 καὶ
1283 5043 1342 5097 τὸ
1370 5045 1520 5109 ξίφος
1550 5045 1692 5114 μετὰ
1719 5045 1816 5115 τὴν
1839 5047 1983 5116 τρὼ-

403 5152 488 5188 σιν
522 5136 618 5188 καὶ
642 5137 860 5208 κίνησιν
887 5141 983 5190 καὶ
1019 5138 1118 5209 τὴν
1170 5137 1385 5207 πληγὴν
1417 5137 1708 5206 ποιήσαιτο
1739 5135 1984 5206 μείζονα.

408 5227 510 5280 Ἦν
542 5229 683 5280 πάνυ
719 5227 808 5282 διὰ
842 5227 1038 5298 βάθους
1059 5227 1238 5282 λαϐὼν
1269 5230 1297 5280 6
1331 5229 1661 5300 τρισάθλιος,
1693 5229 1878 5282 πεσὼν
1905 5231 1985 5292 είς

403 5321 508 5392 γῆν
536 5320 807 5386 ἐκυλίετο,
845 5321 941 5374 καὶ
967 5320 1222 5391 ἔσκαιρεν
1259 5321 1332 5384 ὼς
1364 5322 1414 5373 οί
1443 5322 1802 5390 σφαττόμενοι
1835 5322 1988 5375 σκαίσ

408 5429 614 5482 ρουσιν,
637 5412 736 5482 τὴν
764 5411 942 5483 ψυχὴν
972 5413 1260 5466 ἀπολλύειν
1291 5414 1558 5484 οἰόμενος,
1590 5413 1814 5476 καὶτοῖς
1841 5430 1986 5484 παρ-

403 5500 555 5554 οῦσιν
585 5502 841 5574 θνήσκειν
875 5503 1037 5566 εὐθὺς
1065 5502 1630 5574 νομιζόμενος.“οπερ
1657 5504 1708 5556 οἱ
1741 5504 1988 5576 πυλωροὶ

406 5591 754 5663 θεασάμενοι,
779 5593 876 5647 καὶ
897 5594 947 5646 οί
977 5594 1076 5666 τὴν
1105 5593 1449 5664 λειτουργίαν
1470 5593 1578 5646 τῶν
1603 5594 1774 5663 άγίων
1801 5596 1987 5649 ποιού-

410 5701 580 5768 μενοι,
605 5687 684 5749 εξς
713 5685 830 5752 δέος
855 5687 954 5740 οὐκ
981 5686 1162 5757 ὀλίγον
1195 5686 1496 5753 ἐνέπεσαν,’
1514 5688 1712 5742 οἰκεῖον
1734 5689 1986 5758 ἔγκλημα

2006 4431 2053 4490 D

2066 1854 2216 1909 ferus
2273 1854 2364 1910 ille
2398 1855 2634 1918 daemon,
2671 1855 2762 1924 qui
2813 1870 2844 1908 a
2897 1856 3212 1926 martyricis
3259 1856 3513 1912 manibus
3547 1854 3647 1908 fla-

2066 1945 2394 2016 gellabatur,
2444 1960 2554 1998 non
2606 1944 2790 2000 ferens
2837 1945 2981 1999 ultra
3018 1946 3140 2001 istic
3189 1945 3438 2000 habitare
3479 1943 3651 1999 Geor-

2067 2037 2239 2107 gium,
2281 2051 2460 2106 neque
2495 2037 2738 2107 separari
2773 2037 2943 2103 abeo,
2974 2046 3034 2090 ut
3066 2037 3134 2092 ab
3161 2037 3266 2092 illis
3299 2037 3656 2107 praecipieba-

2071 2135 2181 2193 tur,
2212 2128 2511 2198 pessimum
2539 2129 2669 2192 quid
2701 2130 3069 2194 machinatur,
3104 2137 3157 2185 et
3186 2143 3284 2183 sua
3323 2129 3499 2198 ipsius
3519 2142 3654 2182 con-

2072 2218 2297 2288 dignum
2333 2217 2600 2288 nequitia,
2635 2217 2820 2288 fugam
2866 2220 3026 2275 sibia
3075 2226 3392 2275 sanctorum
3437 2219 3660 2290 ﬂagello

2071 2310 2421 2379 promittens.

2144 2404 2339 2468 Avern,
2369 2419 2492 2472 quae
2527 2410 2759 2458 vocatur
2803 2404 3142 2474 nycticorax,
3179 2404 3382 2460 cubare
3423 2402 3552 2458 fecit
3597 2403 3658 2458 in

2075 2503 2238 2558 tecto,
2269 2502 2325 2548 et
2344 2493 2398 2548 in
2419 2494 2556 2551 locis
2581 2495 2964 2565 superioribus
2997 2496 3237 2550 dormire
3261 2507 3422 2566 atque
3442 2495 3651 2561 sedere,

2077 2586 2144 2664 iu‘
2161 2585 2364 2655 quibus
2396 2594 2556 2640 erant
2594 2594 2899 2642 stramenta
2935 2585 3190 2656 Georgii;
3231 2587 3377 2642 unde
3403 2587 3654 2658 nyctico-

2076 2691 2175 2731 rax
2228 2676 2428 2732 sedens
2476 2683 2693 2732 stercus
2723 2693 2883 2732 suum
2910 2677 3260 2747 jaculabatur
3290 2694 3457 2750 super
3502 2694 3650 2743 eum,

2077 2775 2132 2824 et
2194 2775 2366 2823 totum
2430 2767 2551 2837 ejus
2602 2768 2887 2823 sordidum
2942 2768 3206 2824 reddebat
3271 2779 3655 2830 stramentum,

2079 2859 2199 2926 Quo
2214 2869 2516 2928 comperto,
2535 2861 2718 2930 templi
2741 2860 2977 2915 ministri
2999 2861 3052 2914 in
3072 2861 3238 2914 alium
3261 2862 3442 2916 locum
3471 2871 3657 2916 trans-

2081 2948 2326 3004 tulerunt
2365 2949 2666 3016 infirmum,
2715 2964 2884 3019 super
2921 2949 3180 3019 injuriam
3227 2949 3402 3020 ipsius
3435 2951 3503 3005 ad
3551 2950 3660 3004 mi-

2084 3039 2442 3095 sericordiam
2495 3040 2758 3095 devoluti.
2816 3039 2923 3096 Sed
2955 3041 3164 3096 ‘iterum
3199 3040 3338 3106 avis,
3385 3041 3546 3112 quasi
3593 3057 3658 3098 ex

2089 3130 2326 3200 quodam
2368 3131 2688 3186 necessario
2721 3138 2904 3201 pacto,
2935 3147 3060 3186 cum
3101 3131 3248 3188 illius
3294 3132 3661 3187 comitabatur

2086 3223 2436 3290 atramentis;
2465 3230 2520 3277 et
2558 3224 2716 3292 quasi
2741 3224 2936 3279 horum
2965 3224 3269 3280 custodiam
3302 3224 3660 3293 suscepisset,

2085 3324 2138 3371 et
2169 3317 2283 3370 haec
2314 3316 2594 3372 dimittere
2624 3316 2852 3372 minime
2870 3317 3156 3384 valuisset,
3191 3317 3428 3388 desuper
3462 3319 3660 3372 iterum

2085 3409 2334 3472 cacahat,
2405 3417 2458 3460 et
2503 3421 2627 3462 cum
2670 3408 2750 3462 eis
2806 3409 2969 3462 etiam
3029 3407 3322 3478 Georgium
3378 3407 3666 3462 sordidum

2084 3499 2424 3554 stercoribus
2472 3498 2756 3555 reddebat.
2795 3499 3008 3554 Rursus
3039 3509 3218 3553 autem
3254 3499 3402 3553 hunc
3444 3498 3664 3553 ostiarii

2085 3591 2298 3646 miserti
2332 3590 2388 3644 in
2421 3590 2529 3644 alio
2559 3591 2681 3644 loco
2726 3601 3060 3661 posuerunt;
3095 3592 3197 3643 hoc
3238 3597 3416 3644 autem
3449 3589 3574 3645 fecit
3605 3599 3660 3644 et

2083 3682 2224 3745 avis,
2249 3687 2304 3736 et
2337 3681 2718 3737 tran’slationis
2743 3696 2930 3735 curam
2959 3696 3064 3734 non
3087 3681 3294 3742 habuit,
3323 3695 3433 3734 non
3467 3689 3662 3749 sponte

2084 3771 2189 3826 hoc
2221 3769 2448 3834 faciens,
2472 3778 2555 3825 est
2592 3771 2736 3825 enim
2770 3770 3049 3826 intellectu
3087 3785 3302 3834 carens,
3343 3769 3438 3824 sed
3465 3784 3525 3824 se
3547 3769 3666 3822 dar:

2084 3876 2246 3916 mone
2283 3861 2613 3931 impellente.
2638 3861 2886 3932 Cumque
2908 3862 3129 3919 iterum.
3156 3859 3266 3914 imo
3293 3875 3454 3929 saepe,
3481 3859 3534 3914 hi
3563 3861 3657 3929 qui

2084 3951 2624 4007 administrationem
2676 3953 2862 4021 templi
2907 3951 3206 4018 faciebant,
3244 3951 3660 4006 transtulissent

2084 4044 2360 4098 infirmum
2394 4044 2598 4115 (decies
2633 4045 2779 4099 enim
2811 4044 2914 4098 hoc
2949 4043 3222 4114 egerunt),
3245 4051 3297 4098 et
3325 4044 3442 4099 avis
3467 4043 3661 4098 subse-

2081 4137 2172 4207 qui
2207 4152 2314 4191 non
2341 4145 2635 4202 cessasset,
2679 4146 2954 4206 postremo
2987 4137 3332 4206 quieverunt,
3385 4137 3660 4205 operatio-

2081 4243 2208 4282 ncm
2245 4242 2368 4283 esse
2395 4227 2682 4293 damonis,
2716 4226 2882 4296 hujus
2924 4225 3392 4293 deprehendeutes
3421 4240 3660 4280 concur-

2080 4333 2227 4374 sum.

2156 4493 2214 4548 In
2262 4495 2501 4550 furorem
2557 4509 2689 4564 ergo
2743 4509 2808 4550 ex
2851 4495 2954 4549 hoc
2986 4509 3180 4550 versus
3211 4495 3501 4566 Georgius,
3541 4512 3661 4551 rna-

2085 4575 2266 4640 éhaera
2316 4602 2385 4640 ex
2439 4585 2710 4640 diabolica
2758 4586 3004 4654 profecto
3049 4589 3369 4656 operatione
3421 4599 3660 4659 reperta,

2087 4677 2228 4734 hanc
2272 4676 2463 4732 infelix
2489 4678 2769 4748 abreptam
2802 4678 2986 4733 intulit
3019 4688 3208 4734 contra
3239 4690 3446 4752 guttur,
3467 4691 3518 4737 et
3547 4698 3661 4735 ma-

2085 4783 2248 4838 gnam
2283 4767 2387 4824 sibi
2421 4768 2638 4839 plagam
2680 4778 2939 4834 operatus
2972 4777 3086 4836 est;
3123 4780 3325 4841 puncto
3359 4775 3504 4827 enim
3543 4777 3660 4842 pri-

2086 4862 2254 4916 ruitus
2285 4869 2526 4930 gutture,
2554 4860 2749 4914 iterum
2776 4863 2910 4916 hinc
2945 4873 2998 4916 et
3033 4862 3159 4918 inde
3193 4867 3432 4929 gladium
3467 4868 3656 4928 movit,

2085 4957 2245 5027 quasi
2286 4957 2353 5010 ad
2393 4957 2870 5025 interemptionem
2911 4957 3065 5026 prior
3100 4957 3254 5028 plaga
3287 4961 3510 5012 minime
3543 4956 3660 5013 suf-

2085 5050 2333 5116 fecisset,
2368 5049 2473 5104 nisi
2515 5057 2570 5103 et
2601 5049 2844 5118 gladium
2880 5060 3003 5118 post
3053 5049 3222 5104 ictum
3278 5052 3558 5114 movisset,
3605 5058 3660 5104 et

2085 5143 2300 5212 plagam
2332 5141 2594 5210 majorem
2655 5139 2896 5196 fecisset.
2945 5141 3118 5206 Quam
3165 5157 3288 5195 cum
3330 5141 3486 5195 valde
3532 5156 3660 5210 pro-

2086 5234 2311 5287 fundam
2350 5232 2695 5287 miserrimus
2734 5233 3062 5301 accepisset,
3116 5231 3317 5286 cadens
3353 5233 3406 5284 in
3458 5243 3656 5286 terram

2087 5324 2458 5388 volutabatur,
2511 5330 2566 5377 et
2613 5323 2915 5392 palpitabat
2960 5323 3109 5377 sicut
3147 5321 3200 5374 hi
3247 5321 3509 5390 palpitant
3565 5322 3657 5391 qui

2087 5417 2436 5476 occiduntur.
2468 5415 2707 5470 animam
2733 5413 3010 5468 dimittere
3043 5412 3326 5481 opinatus,
3362 5420 3416 5466 et
3447 5429 3472 5463 a
3523 5428 3660 5481 pra:-

2087 5509 2336 5564 sentibus
2367 5507 2504 5561 mori
2543 5513 2785 5575 putatus.
2809 5503 2965 5567 Quod
2995 5503 3209 5558 ostiarii
3240 5503 3507 5569 videntes,
3527 5504 3658 5559 dum

2087 5596 2321 5653 oﬂicium
2365 5595 2708 5651 celebrarent
2750 5601 3089 5656 sanctorum,
3132 5594 3186 5647 in
3243 5608 3496 5662 pavorem
3549 5612 3658 5650 non

2090 5689 2363 5746 modicum
2401 5692 2753 5754 corruerunt,
2794 5684 3072 5756 proprium
3102 5683 3157 5740 id
3196 5685 3403 5741 crimen
3449 5696 3501 5742 et
3542 5689 3659 5744 cui-
