4060 6236
366 225 507 295 3655

1305 215 1366 275 S.
1402 211 1822 277 SOPHRONII
1860 210 2369 274 PATBIARCHKE
2407 208 2805 271 HIEROSOL.

3495 199 3643 265 3656

368 355 494 414 pain
545 342 836 409 ponentes,
883 346 992 388 non
1032 328 1392 399 observando
1419 345 1543 384 eum
1585 328 1656 383 ab
1701 327 1955 398 luijusce-

2079 329 2158 383 ιαὶ
2189 327 2397 400 μέμψιν
2425 325 2726 396 τιθέμενοι,
2751 322 2814 377 τὺ
2848 321 2925 392 μὴ
2959 319 3196 391 φυλάξαι
3245 317 3503 390 τοιαύτης
3544 323 3648 375 αὖ*

372 429 518 486 modi
553 425 980 498 pcrpetratione,
1008 420 1103 492 q-ui
1135 435 1164 477 a
1215 420 1452 490 maligno
1483 419 1755 479 daemonio
1784 432 1948 473 vexa-

372 523 574 585 batur;
614 527 669 574 et
702 519 956 574 timentes
987 531 1057 571 ne
1080 513 1219 573 forte
1249 529 1318 569 ex
1347 512 1452 566 hoc
1487 512 1594 568 sibi
1641 511 1950 582 periculurn

373 614 552 677 ﬂeret,
587 628 684 684 per
710 612 916 666 vicinas
949 609 1106 664 villas
1135 605 1521 663 discurrebant
1575 594 1818 674 medicos
1856 603 1953 658 ad—

373 715 658 770 vocantes,
687 704 732 760 si
781 702 920 758 forte
953 711 1178 772 possent
1218 698 1496 755 assuendo
1534 696 1774 767 gutturis
1808 695 1952 750 letali

374 797 601 852 vulnere
648 795 907 865 copulato
945 795 1160 849 salvum
1207 791 1391 846 facere
1453 788 1730 844 hominem
1783 785 1954 842 mori-

373 887 644 950 bundum,
672 894 727 940 et
761 900 819 940 se
839 900 963 938 cum
995 885 1112 953 ipso
1141 881 1536 952 periclitantes.
1564 876 1746 935 Unum
1770 886 1953 934 autem

377 989 432 1033 et
461 981 640 1034 solum
673 977 814 1048 apud
856 975 1146 1032 Heraclion
1177 975 1482 1035 inventum,
1522 980 1578 1026 et
1615 969 1802 1025 multis
1833 984 1961 1038 pre-

375 1070 538 1124 cibus
568 1081 892 1138 persuasum
964 1065 1031 1120 ad
1081 1064 1406 1135 martyrium
1455 1059 1822 1116 deduxerunt.
1853 1056 1959 1123 Qui

374 1171 495 1210 eum
526 1159 740 1228 plagam
773 1155 1005 1211 vidisset
1045 1153 1163 1208 fore
1194 1152 1556 1218 mortiferam,
1584 1149 1814 1213 recessit
1842 1161 1957 1202 rem

375 1248 579 1302 nullam
613 1262 932 1317 aggressus,
986 1244 1080 1300 sed
1118 1247 1312 1304 timore
1358 1258 1558 1312 magno
1588 1242 1867 1306 detentus,
1907 1246 1964 1294 et

376 1340 614 1394 miratus
638 1325 920 1409 quomodo
951 1338 1192 1393 nondum
1212 1344 1472 1390 mortuus
1505 1331 1960 1400 essetrGeorgius,

377 1430 469 1499 qui
507 1429 654 1484 hanc
682 1429 901 1485 sibimet
930 1429 1192 1482 intulerat
1215 1429 1429 1501 plagam
1453 1441 1466 1492 ;
1505 1423 1809 1495 praesertim
1837 1437 1962 1478 cum

377 1520 540 1580 ﬂatus
565 1535 796 1591 peream
839 1521 1180 1585 redderetur,
1201 1529 1251 1574 et
1285 1535 1475 1574 rursus
1506 1532 1602 1585 per
1621 1530 1741 1574 eam
1785 1514 1964 1584 instri-

375 1614 591 1669 ratione
622 1613 1020 1681 ingrederetur,
1067 1609 1319 1666 similiter
1344 1619 1395 1663 et
1419 1608 1680 1666 alimenta
1717 1614 1770 1661 et
1800 1612 1964 1675 potus

378 1703 506 1758 inde
531 1703 772 1757 facerent
795 1702 1024 1756 exitum.

449 1793 520 1846 At
566 1808 695 1848 vero
731 1803 1020 1862 martyres,
1054 1800 1218 1847 noctu
1266 1791 1566 1854 venientes,
1593 1788 1963 1858 dispensatori

379 1882 678 1938 dormienti
738 1881 1068 1936 medicinam
1130 1881 1561 1950 disponebant:
1621 1879 1810 1934 vinum
1846 1885 1965 1934 erat

382 1975 498 2029 haec
527 1985 580 2029 et
607 1975 814 2039 oleum,
839 1991 934 2046 per
956 1989 1119 2045 quam
1152 1983 1206 2030 et
1237 1973 1505 2029 Dominus
1524 1987 1648 2030 eum
1673 1973 1766 2043 qui
1799 1971 1968 2026 latro-

383 2083 484 2123 nes
514 2066 787 2126 inciderat
839 2069 1056 2124 salvum
1096 2065 1248 2134 fecit,
1289 2067 1476 2120 vinum
1509 2066 1630 2135 ejus
1685 2065 1966 2121 ulceribus

386 2157 681 2214 infundens
709 2167 764 2212 et
795 2159 976 2216 oleum
1003 2160 1040 2226 ;“
1059 2173 1156 2229 per
1185 2173 1348 2229 quam
1384 2167 1439 2214 et
1471 2156 1778 2213 Salvatoris
1803 2172 1970 2212 aemu-

384 2249 584 2306 latores
628 2248 924 2322 Georgium
976 2259 1198 2316 eruunt,
1254 2250 1438 2304 taliter
1483 2248 1668 2305 facere
1713 2248 1967 2304 Christo-

386 2341 528 2398 doro
563 2342 976 2413 praecipientes.
1027 2341 1308 2398 Kaloetem
1357 2341 1648 2411 quemdam
1676 2341 1965 2396 ostiarium

387 2434 923 2504 comprehendentes
975 2432 1346 2504 ﬂagellabant,
1406 2433 1681 2502 ﬂagellum
1722 2447 1789 2486 ex
1840 2431 1970 2486 fune

387 2540 647 2596 magnum
679 2525 928 2594 operati;
962 2526 1078 2595 ipse
1103 2525 1249 2580 enim
1286 2533 1404 2580 erat
1429 2527 1521 2594 qui
1557 2524 1887 2580 medieulum
1912 2525 1967 2579 in

389 2617 654 2686 templum
709 2631 872 2671 suum
906 2616 1246 2682 adduxerat;
1280 2624 1334 2672 et
1365 2616 1478 2671 haec
1518 2615 1858 2687 ﬂagellantes
1889 2617 1970 2672 di-

388 2709 632 2765 cebant:
668 2708 864 2765 Nescis
889 2709 1018 2778 quia
1063 2708 1253 2763 mundi
1298 2709 1468 2765 totius
1511 2709 1968 2764 medicamentum

391 2800 594 2854 domus
644 2805 838 2852 nostra
870 2798 1162 2854 consistit?
1201 2798 1387 2854 neseis
1421 2800 1546 2867 quia
1574 2798 1830 2855 Christus
1869 2813 1971 2853 nos

393 2891 640 2945 medicos
682 2888 910 2945 donavit
961 2889 1256 2946 ﬁdelibus?
1314 2905 1422 2960 qua
1475 2904 1607 2960 ergo
1653 2905 1756 2960 pro
1803 2903 1970 2944 causa

397 2983 671 3045 medicum
731 2984 926 3048 alium,
989 2983 1120 3039 dum
1175 2984 1294 3053 ipse
1359 2982 1724 3038 medicamine
1782 2981 1988 3036 nostro

397 3085 579 3144 egeal,
617 3075 683 3128 ad
732 3045 957 3128 domum
995 3045 1239 3134 nostrain
1273 3073 1514 3128 duxi-sti?
1547 3073 1613 3127 Et
1647 3075 1794 3128 hunc
1838 3074 1975 3129 bene
2001 3045 2046 3104 C

398 3171 607 3218 tortum
666 3164 1023 3230 dimiserunt,
1062 3179 1128 3218 ne
1179 3163 1410 3219 ulterius
1443 3162 1551 3217 hoc
1577 3163 1783 3224 faceret
1813 3162 1977 3216 inini-

402 3266 603 3311 tantes.
641 3255 916 3312 Dixissent
955 3264 1137 3310 autem
1184 3256 1285 3312 hoc
1331 3255 1621 3311 audientes
1651 3254 1798 3325 quod
1825 3270 1979 3309 com-

403 3356 655 3419 petenter
689 3364 813 3403 eum
867 3347 1285 3419 ﬂageilavcrint,
1339 3348 1384 3402 si
1417 3363 1582 3417 super
1614 3363 1679 3403 eo
1722 3346 1922 3402 factam
1952 3361 1981 3400 a

403 3440 615 3495 sanctis
696 3441 1075 3510 operationem
1147 3441 1494 3496 didicissent.
1573 3437 1983 3495 Periclitantem

404 3533 611 3603 quippe
655 3533 809 3588 illum
857 3532 926 3588 de
973 3547 1306 3602 pneumone,
1352 3540 1406 3587 et
1449 3533 1504 3587 in
1555 3532 1757 3587 int‘erni
1806 3531 1984 3602 portis

403 3612 611 3695 iugiter
659 3631 1116 3690 commorantem,
1169 3633 1226 3679 et
1266 3625 1474 3680 nullam
1509 3639 1538 3678 a
1573 3624 1802 3680 medicis
1830 3638 1983 3692 spem

407 3718 610 3774 salutis
642 3718 1036 3784 invenientem,
1081 3718 1240 3774 aloen
1287 3719 1458 3774 solam
1498 3725 1769 3788 martyres
1792 3716 1986 3772 dantes

411 3816 726 3876 sanarunt;
760 3818 815 3864 et
847 3825 956 3865 non
1002 3811 1179 3866 solum
1222 3811 1386 3882 hujus
1422 3810 1501 3867 rei
1531 3824 1698 3865 causa
1743 3808 1984 3879 ﬂagella-

407 3909 610 3956 verunt
645 3910 908 3972 tanquam
948 3904 1350 3968 immemorem,
1387 3902 1484 3958 sed
1532 3909 1586 3956 et
1617 3901 1745 3971 quia
1777 3907 1860 3955 tot
1901 3901 1989 3954 in-

408 4001 572 4049 tuens
605 3995 950 4050 curationem
985 3995 1235 4066 adeptos,
1265 4005 1697 4062 sanctorumque
1731 3993 1988 4049 fortissi—

411 4099 501 4138 ma
535 4100 637 4153 ope
675 4083 944 4147 fruentes,
974 4086 1130 4156 quasi
1183 4084 1388 4141 fuerint
1425 4085 1505 4139 illi
1547 4084 1616 4138 ad
1667 4084 1902 4140 salutem
1937 4093 1992 4139 et

313 4237 318 4246 ι
411 4177 754 4246 crcptioncm
817 4178 1044 4243 infirmi,
1106 4179 1378 4233 medicum
1437 4177 1642 4232 ducere
1695 4177 1854 4233 nisus
1905 4182 1991 4231 est

411 4266 608 4320 alium.
648 4265 856 4320 Taliter
903 4283 1032 4338 ergo
1076 4266 1341 4335 Georgius
1375 4277 1429 4322 et
1469 4268 1742 4322 insaniam
1790 4268 1991 4322 damo-

2054 420 2182 484 τοὺς
2207 417 2580 489 ἐγχειρήσεως
2601 415 2694 468 τὸν
2720 411 2826 466 ὐπδ
2847 409 3086 483 πονηροῦ
3111 408 3365 481 δαίμονος
3389 409 3651 481 ἐνεργούι

2059 525 2220 582 μενον
2238 525 2253 541 ⁸
2287 509 2382 564 καὶ
2416 507 2743 576 φοϐούμενοι
2772 504 2968 574 μήπως
2999 503 3184 565 αὐτοῖς
3208 501 3436 572 γένηται
3460 501 3648 556 κίνδυ-

2056 621 2167 669 νος,
2200 603 2282 668 είς
2305 602 2403 665 τὰς
2429 601 2679 668 γείτονας
2699 595 2894 667 κώμας
2913 595 3210 666 διέτρεχον,
3233 595 3451 664 ἰατροὺς
3473 611 3652 665 προσ.

2056 697 2406 766 καλούμενοι,
2427 693 2479 747 εί
2496 709 2614 756 πως
2638 689 2919 762 δυνηθείη,
2946 690 3145 760 ραφαῖς
3174 687 3238 742 τὸ
3264 687 3486 758 τραῦμα
3516 703 3651 741 aw-

2059 791 2319 860 άψαντες,
2352 786 2548 851 σῶσαι,
2594 785 2762 856 μήπω
2810 782 3042 837 θανόντα
3067 781 3162 840 τὸν
3195 779 3519 851 ἄνθρωπον,
3549 781 3651 833 καὶ

2058 881 2256 945 αὐτοὺς
2280 880 2377 933 σὺν
2405 877 2554 948 αὐτῷ
2582 874 3018 938 κινδυνεύοντας.
3044 871 3196 936 Ἐνὺς
3224 872 3283 926 δὲ
3319 872 3480 943 μόνου
3503 870 3652 926 κατά

2057 974 2120 1028 τὸ
2149 971 2470 1042 Ἡράκλειον
2505 968 2932 1040 εὐπορήσαντος,
2963 965 3062 1021 καὶ
3093 965 3318 1027 πολλαῖς
3341 964 3506 1018 αὐτὸν
3542 981 3655 1018 πα-

2064 1061 2362 1134 ρακλήσεσι
2412 1058 2719 1121 πείσαντες,
2748 1058 2828 1120 είς
2869 1055 2931 1107 τὸ
2977 1054 3280 1126 μαρτύριον
3308 1053 3546 1124 ἧγαγον·
3585 1052 3652 1116 ὃς

2059 1155 2160 1226 τὴν
2205 1151 2422 1224 πληγὴν
2465 1151 2802 1222 θεασάμενος
2851 1147 3224 1219 θανατηφόρον
3252 1145 3648 1214 τυγχάνουσαν,

2061 1245 2409 1318 ἀνεχώρησεν
2439 1243 2542 1296 οὐκ
2569 1242 2898 1314 ἐγχειρήσας
2931 1241 3009 1312 τῷ
3037 1240 3346 1312 πράγματι,
3371 1237 3524 1308 φόϐῳ
3550 1253 3651 1306 με·-

2062 1339 2214 1408 γάλῳ
2245 1335 2619 1408 κρατούμενος
2640 1334 2736 1388 καὶ
2759 1331 3033 1403 τεθηπὼς,
3055 1330 3173 1394 πῶς
3203 1329 3357 1385 οὔπω
3385 1327 3653 1399 τέθνηκεν

2063 1431 2093 1482 ό
2122 1428 2396 1500 Γεώργιος
2440 1429 2469 1481 ὁ
2515 1426 2721 1496 ταύτην
2765 1424 2852 1478 ἐπ’
2887 1424 3037 1494 αὐτῷ
3068 1420 3332 1494 [πληγὴν]
3361 1419 3650 1500 παρασχόο

2069 1496 2262 1592 μενοςί
2291 1520 2327 1590 ἡ
2357 1536 2417 1572 τε
2447 1517 2555 1590 γὰρ
2587 1517 2724 1588 πνοὴ
2755 1517 2822 1570 δι’
2846 1515 3018 1586 αὐτῆς
3049 1513 3337 1577 ἀνεδίδοτο,
3361 1496 3461 1565 καὶ
3490 1510 3654 1565 πάλιν

2067 1614 2103 1684 ἠ
2134 1611 2357 1682 είσπνοὴ
2384 1610 2451 1665 δι’
2473 1611 2643 1681 αὐτῆς
2673 1609 2870 1677 ὑπεισή
2881 1623 3039 1678 ρχετο
3058 1623 3072 1639 ·
3100 1604 3302 1676 ὁμοίως
3331 1603 3401 1658 τά
3429 1619 3488 1656 τε
3514 1601 3656 1674 βρῶ-

1997 1689 2040 1744 B
2073 1723 2221 1778 ματα
2243 1704 2456 1760 ἐκεῖθεν
2481 1702 2764 1777 ἐποιοῦντο
2795 1700 2892 1773 τὴν
2921 1699 3124 1766 ἔξοδον.

2139 1799 2202 1853 Οἱ
2229 1798 2589 1878 δὲομάρτυρες
2616 1795 2811 1858 νυκτὸς
2839 1792 3187 1865 ἀφικόμενοι,
3216 1789 3295 1860 τῷ
3328 1788 3658 1878 μὲνλοὶκονό-

2074 1903 2161 1958 μῳ
2207 1873 2523 1941 καθεύδοντι
2569 1886 2669 1957 τὴν
2720 1883 2966 1955 ἰατρείαν
3013 1882 3314 1936 ἐπέταττον
3367 1873 3540 1951 (οἶνος
3588 1873 3660 1950 ἦν

2071 1977 2212 2050 αὕτη
2247 1979 2343 2031 καὶ
2381 1977 2558 2031 ἔλαιον
2586 1977 2654 2030 δι’
2687 1970 2810 2048 ἦξὸ
2841 1975 3046 2048 Κύριος
3081 1974 3176 2028 τὸν
3204 1975 3282 2037 είς
3321 1973 3527 2045 λῃστὰς
3555 1971 3659 2041 ἐμο

2072 2071 2309 2124 πεσόντα
2343 2068 2636 2136 διέσωσεν,
2667 2063 2810 2122 οἶνον
2837 2067 3003 2122 αὐτοῦ
3040 2069 3152 2132 τοῖς
3181 2064 3494 2138 τραύμασιν
3540 2064 3663 2116 ἐπιο

2073 2161 2214 2232 χέων
2237 2163 2332 2214 καὶ
2367 2160 2590 2228 ἔλαιον)·
2623 2159 2690 2213 δι’
2720 2153 2791 2232 ἧς
2812 2159 2908 2212 καὶ
2935 2157 3028 2212 τοῦ
3059 2157 3313 2229 Σωτῆρος
3340 2157 3392 2210 οί
3427 2154 3663 2227 μιμηταὶ

2074 2252 2346 2324 Γεὼργιον
2395 2253 2635 2324 ῥύονται,
2668 2251 2810 2306 οὓτω
2855 2252 3030 2308 ποιεῖν
3073 2249 3436 2322 Χριστοδώρῳ
3471 2247 3664 2302 θεσπί-

2077 2362 2292 2410 σαντες.
2309 2344 2591 2415 Καλοέτην
2613 2344 2674 2398 δέ
2697 2361 2820 2398 τινα
2840 2343 3086 2414 θυρωρὸν
3107 2341 3510 2412 κατεσχηκότες
3529 2340 3667 2409 ἐμά-

2078 2437 2284 2504 στιζον,
2311 2439 2642 2508 φραγέλλιον
2668 2438 2733 2491 ἐκ
2762 2437 2999 2506 σχοινίου
3026 2435 3238 2508 μακρὸν
3259 2433 3663 2506 ἐργασάμενοι·

2076 2530 2240 2593 αὐτὸς
2268 2530 2376 2601 γὰρ
2403 2525 2470 2601 ἦν
2505 2532 2533 2583 ὁ
2554 2529 2646 2583 τὸν
2679 2531 2956 2600 ίατρίσκον
2989 2529 3195 2581 ἐκεῖνον
3221 2525 3452 2594 ἐνέγκας
3484 2524 3667 2578 αὐτῶν

2077 2623 2158 2682 εἰς
2202 2621 2263 2676 τὸ
2311 2621 2564 2692 τέμενος·
2596 2622 2690 2674 καὶ
2716 2619 2889 2674 ταῦτα
2921 2619 3274 2690 μαστίξοντες
3304 2617 3519 2685 ἔλεγον·
3551 2616 3669 2670 οὐκ

2077 2709 2226 2776 οἶδας
2269 2715 2351 2766 ὅτι
2395 2711 2490 2765 τοῦ
2531 2717 2738 2780 κόσμου
2770 2710 2972 2770 παντὸς
3003 2711 3237 2780 ἰατρεῖον
3268 2707 3425 2778 ἡμῶν
3461 2707 3490 2758 ὁ
3520 2700 3667 2768 οἶκος

2079 2805 2448 2877 καθέστηκεν;
2475 2807 2576 2859 οὐκ
2597 2802 2745 2868 οἶδας
2767 2805 2849 2857 ὅτι
2869 2802 3099 2872 Χριστὸς
3130 2802 3276 2870 ἡμᾶς
3307 2797 3528 2870 ίατροὺς
3548 2799 3666 2857 τοῖς

2081 2897 2294 2957 πιστοῖς
2336 2894 2663 2965 ἐχαρίσατο;
2705 2894 2806 2946 οὐκ
2838 2886 2986 2954 οἶδας
3018 2891 3100 2944 ὅτι
3129 2907 3188 2943 σε
3221 2888 3406 2943 πυλῶν
3437 2887 3668 2943 θανάτου

2082 2987 2244 3057 ἡμεῖς
2270 2986 2712 3056 ἀφηρπάσαμεν;
2758 2984 2913 3046 Τίνος
2953 2983 3046 3037 οὖν
3092 2982 3278 3036 ἕνεκεν
3321 2980 3506 3052 ἰατρὸν
3537 2980 3669 3050 ἡμῖν

2080 3077 2270 3149 ἕτερον
2304 3077 2546 3149 ἰατρείας
2580 3075 2858 3147 ἡμετέρας
2888 3073 3142 3145 δεόμενον
3180 3072 3260 3135 είς
3295 3070 3562 3142 ἡμέτερον
3590 3064 3674 3123 οἳ-

2081 3185 2175 3222 κον
2197 3168 2491 3239 ἐκόμισας;
2517 3168 2628 3220 Καὶ
2648 3150 2828 3228 καλῶς
2855 3165 3015 3220 αὑτὸν
3039 3163 3430 3236 βασανίσαντες
3453 3161 3670 3228 εἴασαν,

2087 3263 2284 3334 μηκέτι
2311 3279 2362 3315 τι
2388 3261 2600 3315 τοιοῦτο
2637 3263 2810 3314 ποιεῖν
2834 3242 3250 3330 ἀπειλήσαντες.
3284 3256 3502 3310 Εἵποιεν
3529 3254 3574 3307 δ⁴
3603 3254 3673 3308 ἂν

2081 3357 2132 3410 οί
2161 3355 2472 3420 ἀκούοντες,
2495 3355 2570 3414 ὡς
2605 3353 2828 3416 εἰκότως
2859 3353 3020 3406 αὐτὸν
3058 3349 3467 3422 ἐμαστίγωσαν,
3497 3348 3544 3401 εί
3571 3349 3672 3417 τὴν
3735 3371 3760 3390 ο

2085 3445 2170 3499 ἐπ’
2201 3444 2350 3515 αύτῷ
2378 3443 2670 3515 γινομένην
2721 3445 2831 3506 τοῖς
2883 3442 3060 3513 ἁγίοις
3107 3441 3391 3513 ἐνέργειαν
3429 3440 3650 3510 μάθοιεν

2089 3537 2480 3592 Κινδυνεύοντα
2529 3535 2638 3607 γάρ
2670 3535 2831 3588 αὑτὸν
2880 3536 2946 3589 ἐκ
2995 3531 3090 3587 τοῦ
3135 3534 3458 3603 πνεύμονος,
3495 3533 3588 3585 xa't
3615 3531 3676 3586 ἐν

2088 3630 2214 3702 ᾅδου
2253 3629 2451 3694 πύλαις
2481 3627 2724 3698 συνεχῶς
2752 3625 3130 3698 αὑλιζόμενον,
3162 3626 3256 3678 καὶ⁴
3301 3625 3569 3696 μηδεμίαν
3614 3622 3674 3690 ἐξ

2092 3721 2293 3793 ἰατρῶν
2324 3720 2518 3774 ἐλπίδα
2552 3718 2826 3789 σωτηρίας
2869 3718 3197 3788 εὑρίσκοντα
3217 3757 3231 3781 ,
3261 3714 3447 3787 ἀλῶην
3501 3716 3672 3786 μόνην

2089 3815 2137 3868 οἱ
2167 3814 2444 3885 μάρτυρες
2472 3813 2614 3865 πιεῖν
2638 3811 2931 3873 δεδωκότες
2964 3810 3208 3864 ίάσαντο.
3241 3809 3351 3862 Καὶ
3379 3809 3440 3862 οὐ
3470 3807 3676 3877 ταύτης

2090 3904 2253 3958 ἕνεκα
2299 3903 2458 3975 μόνον
2505 3900 2807 3974 ἐμάστιξαν
2837 3901 2912 3964 ὡς
2943 3901 3257 3971 ἀμνήμονα,
3305 3899 3419 3953 ἀλλ’
3450 3901 3532 3953 ὅτι
3578 3899 3677 3952 καὶ

2089 3994 2381 4058 τοσούτους
2406 3993 2548 4066 ὁρῶν
2573 3993 2871 4064 θεραπείας
2898 3993 3286 4063 τυγχάνοντας,
3317 3992 3413 4045 καὶ
3433 3991 3534 4061 τῆς
3563 3992 3677 4044 τῶν

2089 4089 2263 4156 ἁγίων
2287 4085 2620 4150 πανσθενοῦς
2641 4084 2865 4156 ἀρωγῆς
2883 4083 3275 4147 ἀπολαύοντας,
3291 4082 3367 4146 ὡς
3389 4083 3680 4137 ἀσθενούν-

2090 4196 2200 4232 των
2229 4176 2410 4231 αὑτῶν
2433 4176 2567 4247 πρὸς
2591 4176 2865 4247 σωτηρίαν
2889 4176 2983 4229 καὶ
3008 4174 3300 4248 λύτρωσιν,
3329 4175 3510 4244 ἰατρὸν
3533 4176 3677 4243 ἀγα-

2092 4271 2211 4338 γεῖν
2258 4267 2615 4338 ἐπεχείρησεν
2663 4266 2873 4337 ἕτερον.
2916 4264 3072 4319 Οὖτω
3105 4265 3202 4336 μὲν
3229 4261 3323 4318 οὖν
3355 4265 3383 4317 ό
3407 4262 3679 4335 Γεὼργιος

413 4357 524 4421 nis,
571 4367 626 4412 et
667 4374 827 4413 suum
896 4360 1069 4428 ipsius
1117 4358 1400 4413 occidendi
1451 4369 1705 4413 conatum
1777 4359 1977 4429 eﬂugit.

2096 4362 2193 4415 καὶ
2229 4359 2329 4430 τὴν
2366 4359 2562 4430 μανίαν
2589 4357 2684 4411 τοῦ
2719 4359 2994 4428 δαίμονος,
3023 4356 3120 4410 καὶ
3162 4355 3263 4428 τὴν
3305 4355 3497 4409 ἑαυτοῦ
3529 4373 3677 4426 μιαι-

411 4446 588 4502 Porro
624 4464 726 4504 nos
774 4456 827 4502 et
865 4465 1031 4518 super
1076 4450 1184 4504 hoc
1223 4465 1441 4519 qunque
1488 4457 1712 4506 sanctos
1754 4449 1986 4504 laudanr

415 4545 521 4602 tes,
554 4539 701 4593 aliud
729 4539 1125 4612 magnitudinis
1167 4555 1356 4594 eorum
1385 4540 1696 4612 prodigium
1735 4541 1989 4594 conscri-

416 4631 633 4686 bamus.

416 4743 650 4801 LXVIII.
682 4745 758 4800 De
795 4745 1032 4800 Joamtia
1075 4761 1192 4815 qua:
1239 4763 1270 4798 a
1316 4745 1578 4815 maleﬁcio
1611 4745 1862 4798 torsiones
1897 4759 1994 4812 pa-

1079 4819 1324 4870 tiebatur.

495 4904 696 4962 Multos
741 4907 1094 4976 pulchritudo
1128 4907 1386 4978 perdidit,
1419 4913 1474 4962 et
1505 4907 1718 4976 species
1741 4907 1994 4974 corporis

419 4999 836 5064 exterminavit,
879 5013 1077 5055 savam
1101 4999 1364 5055 invidiam
1396 4997 1725 5062 incidentes,
1757 5006 1812 5052 et
1841 5013 1995 5054 sum-

420 5099 549 5159 plus
582 5090 729 5146 acris
765 5091 958 5146 livoris
1009 5091 1226 5156 eﬂ'ccti;
1263 5090 1524 5144 invidiam
1570 5091 1774 5160 quippe
1821 5091 1996 5146 susti-

421 5189 554 5234 nent
583 5195 800 5252 semper
831 5197 895 5236 ea
941 5197 1063 5251 quae
1106 5183 1247 5235 bona
1295 5195 1526 5250 quaeque
1574 5182 1800 5236 meliora
1843 5193 1995 5247 sunt,

421 5280 476 5326 et
526 5272 730 5328 invidis
789 5274 970 5329 oculis
1018 5274 1406 5329 destruantur.
1467 5271 1580 5327 Hoc
1624 5281 1802 5328 autem
1849 5281 1904 5329 et
1946 5273 1997 5328 bi

425 5361 519 5431 qni
554 5371 664 5417 tam
717 5364 1013 5420 animabus
1064 5380 1226 5433 quam
1274 5365 1598 5435 corporibus
1645 5372 1775 5420 sunt
1816 5365 1999 5427 bonis,

425 5452 730 5520 saepissime
759 5455 1062 5524 patiuntur,
1101 5455 1206 5510 nisi
1257 5455 1426 5510 Deum
1460 5456 1695 5512 habeant
1734 5459 2002 5527 speciosi-

427 5540 558 5596 tatis
624 5557 739 5598 suae
785 5545 1136 5612 salyatorem,
1183 5546 1466 5602 custodem
1513 5552 1566 5600 ct
1609 5532 1999 5616 protectorem.

427 5628 485 5686 Si
507 5632 654 5688 enim
682 5634 1030 5692 adamantem
1071 5637 1292 5705 durum,
1339 5639 1429 5708 qui
1475 5637 1750 5708 lapidibus
1797 5639 2001 5696 nobili-

2095 4451 2255 4521 φόνον
2276 4450 2590 4521 ἐγχείρησιν
2611 4449 2830 4518 ἔφυγεν.
2849 4449 3039 4519 Ἡμεῖς
3050 4448 3129 4513 δὲ,
3149 4448 3244 4502 καὶ
3258 4448 3350 4500 ἐπὶ
3371 4446 3528 4500 τοῦτο
3550 4449 3679 4510 τοὺς

2093 4543 2279 4612 ἁγίους
2311 4542 2670 4613 ὑμνήσαντες,
2707 4541 2835 4596 ἄλλο
2863 4540 3147 4610 τεράστιον
3169 4539 3269 4611 τῆς
3297 4538 3476 4594 αὐτῶν
3507 4555 3680 4610 μεγα-

2091 4635 2184 4688 λου
2192 4634 2349 4704 ργίας
2390 4632 2816 4703 συγγράψωμεν.

2129 4748 2251 4802 ΞΗ¹.
2300 4748 2436 4815 Περί
2463 4747 2773 4813 Ἰωαννίας
2807 4745 2918 4814 τῆς
2951 4747 3019 4800 ἐκ
3062 4744 3430 4815 περιεργειάς
3465 4761 3644 4813 στί-οι

2719 4817 3050 4886 φουμένης.

2169 4909 2404 4972 Πολλοὺς
2447 4909 2509 4961 τὸ
2561 4908 2754 4970 κάλλος
2780 4907 3080 4970 ἀπώλεσεν,
3113 4908 3207 4960 καὶ
3241 4907 3274 4976 ἡ
3303 4906 3422 4977 ὥρα
3451 4923 3543 4959 του
3576 4905 3683 4959 σῶα

2102 5021 2268 5074 ματος
2298 5003 2623 5074 ἐλυμήνατο,
2662 5002 2841 5073 φθόνῳ
2869 5001 3091 5073 χαλεπῷ
3120 5001 3520 5073 περιπέσαντας
3543 5040 3558 5065 ,
3588 5000 3683 5053 καὶ

2097 5097 2390 5165 γεγονότας
2418 5095 2715 5165 βασκανίας
2744 5094 2923 5165 δεινῆς
2959 5093 3335 5166 παρανάλωμα
3353 5109 3366 5123 ⁸
3409 5093 3682 5162 φθονεῖται

2100 5191 2208 5259 γὰρ
2241 5190 2326 5244 ἀεὶ
2374 5189 2440 5242 τὰ
2486 5187 2626 5242 καλὰ
2672 5188 2765 5241 καὶ
2813 5185 2883 5239 τὰ
2927 5186 3231 5257 κρείττονα,
3266 5185 3360 5238 καὶ
3407 5182 3683 5255 φθονερῶν

2100 5281 2311 5350 ὄμμασι
2342 5279 2690 5332 καταλύεται.
2718 5276 2888 5330 Τοῦτο
2915 5277 2970 5331 δὲ
3003 5277 3098 5329 καὶ
3127 5278 3175 5330 οί
3203 5276 3360 5330 καλοὶ
3389 5275 3484 5340 τὰς
3507 5274 3685 5346 ψυχάς
3748 5342 3751 5343 ν

2102 5371 2194 5424 καὶ
2217 5369 2287 5424 τὰ
2317 5370 2543 5440 σώματα
2573 5370 2893 5438 πάσχουσιν,
2922 5369 2970 5420 εί
2998 5369 3072 5438 μὴ
3103 5368 3276 5438 ἔχοιεν
3305 5367 3436 5420 Θεὸν
3462 5367 3560 5436 τῆς
3583 5368 3684 5420 αὖ-

2102 5463 2209 5516 τῶν
2242 5463 2576 5535 ὡραιόητος
2599 5461 2821 5532 σωτῆρα
2853 5462 2949 5515 καὶ
2976 5463 3290 5532 προστάτην
3319 5461 3413 5512 καὶ
3444 5457 3682 5528 φύλακα.

2105 5555 2167 5608 Ei
2198 5553 2308 5627 γὰρ
2324 5556 2608 5626 ἀδάμαντα
2639 5553 2730 5608 τὸν
2759 5553 3096 5625 στερέμνιον,
3125 5551 3216 5605 τὸν
3243 5551 3408 5604 λίθων
3432 5552 3688 5603 ἐπαινου-

2110 5643 2285 5712 μένων
2311 5642 2656 5714 τιμιώτερον,
2684 5644 2776 5698 τὸν
2811 5640 2997 5714 χαλκῷ
3031 5642 3124 5696 καὶ
3161 5640 3364 5712 σιδήρῳ
3397 5637 3687 5710 λεγόμενον
