4060 6236
436 356 571 420 3659

1329 353 1388 415 S.
1416 346 1826 412 SOPHRONII
1868 335 2375 406 PATRIARCHE
2434 342 2484 401 Η
2497 339 2840 403 IEROSOL.

3541 336 3683 400 3660

412 467 728 538 .perfeclant
759 468 1045 523 sanitatem
1092 467 1461 539 percepisset,
1493 468 1863 538 bymnumqne
1906 474 1993 515 ee-

2119 454 2237 526 εχῶς
2269 455 2680 527 ἐπιτρέψαντες.
2727 456 2791 509 Ἦ
2834 453 2890 507 δὲ
2940 453 3186 523 φαγοῦσα
3234 452 3324 506 τὸν
3364 451 3684 529 πάστελλον,

434 561 683 625 ciuisset,
720 560 929 616 sanctis
972 559 1119 615 hunc
1163 575 1224 615 se
1252 574 1470 631 semper
1502 558 1766 613 melodice
1803 569 2002 610 canere

440 654 851 722 repromittens,
902 653 970 709 ad
1011 651 1358 709 Palaestinam
1394 651 1637 723 profecta
1671 659 1754 705 est
1784 659 1838 704 et
1886 648 2003 702 Ca:-

425 760 674 801 -saream.
705 744 880 800 Porro
918 759 1028 821 ‘nos
1056 746 1221 802 etiam
1253 758 1402 799 nunc
1437 751 1738 797 certatores
1772 740 2004 811 hymno-

436 854 556 893 rum
608 824 1374 910 praeconiisfrequentautes,
1437 834 1504 890 ad
1552 834 1715 887 aliam
1757 831 2002 901 ipsorum

435 944 787 1001 properemus
823 929 1149 985 laudabilem
1189 928 1368 983 modis
1413 926 1672 981 omnibus
1708 925 2002 978 actionem.

716 1020 904 1078 LXIX.
952 1021 1029 1077 De
1061 1020 1270 1075 Joanne
1298 1035 1435 1075 cwco
1465 1017 1721 1073 Romano.

511 1113 810 1183 Usquequo
862 1113 1128 1169 calamum
1174 1127 1457 1174 vexamus,
1503 1116 1557 1165 et
1606 1109 1888 1164 dexteram
1938 1106 2006 1161 ad

436 1204 786 1262 scribendum
839 1206 1132 1270 mittamus,
1185 1211 1241 1259 et
1296 1217 1483 1257 vocem
1538 1201 1606 1256 ad
1659 1196 2005 1255 clamandum

437 1295 779 1351 excitamus?
805 1294 1085 1365 Fatigatus
1114 1302 1199 1349 est
1235 1293 1380 1349 enim
1415 1291 1683 1353 calamus,
1727 1297 1781 1342 et.
1810 1300 2007 1341 manus

436 1402 662 1442 currere
692 1387 834 1441 ultra
881 1401 989 1441 non
1026 1386 1190 1451 valet,
1231 1385 1325 1441 sed
1362 1395 1417 1439 et
1456 1399 1558 1438 vox
1596 1396 1702 1436 uua
1754 1394 1880 1435 cum
1920 1379 2009 1434 his

439 1477 713 1534 infirmata
750 1486 854 1542 est,
888 1477 957 1532 ab
1000 1477 1323 1533 assiduitate
1370 1489 1597 1530 cessans
1636 1480 1690 1528 et
1724 1472 2005 1538 desinens,

437 1583 750 1639 quanquam
796 1567 1043 1638 sapiente
1090 1568 1383 1623 Salomone
1424 1566 1701 1622 scribente
1750 1563 2011 1618 didiceri-

440 1672 587 1721 mus,
642 1658 789 1727 quod
845 1675 864 1710 t
916 1657 1196 1713 funiculus
1248 1657 1443 1728 triplex
1509 1655 1728 1711 difﬁcile
1788 1667 2010 1724 rumpa-

440 1755 532 1802 tur
558 1747 625 1802 ⁸⁸.
664 1764 683 1799 ι
736 1748 864 1804 Haec
920 1756 1100 1805 autem
1152 1763 1277 1803 cum
1334 1748 1438 1802 tria
1499 1753 1705 1812 essent,
1740 1754 1795 1801 et
1838 1760 2008 1800 unum

441 1840 704 1895 haberent
749 1840 1064 1906 consilium,
1112 1849 1168 1897 et
1227 1840 1512 1895 sententiae
1567 1838 1733 1894 unius
1774 1837 2009 1892 exsiste-

438 1942 580 1996 rent,
613 1933 1027 2003 intentioneque
1074 1946 1182 1987 una
1218 1940 1522 1988 statuerent
1556 1929 1682 2001 Cyri
1733 1937 1787 1984 et
1841 1926 2013 1983 Joan-

440 2019 527 2075 nis
556 2017 902 2088 prtedicanda
956 2019 1248 2083 miracula,
1297 2025 1351 2073 et
1379 2018 1807 2089 dirumptionem
1839 2014 2013 2071 susti-

441 2117 679 2167 nuerunt
709 2118 764 2166 et
807 2111 981 2165 labori
1012 2111 1257 2166 immissa
1298 2119 1447 2175 sunt,
1490 2117 1545 2165 et
1581 2108 1831 2178 fatiginm
1875 2105 2014 2161 inci-

440 2201 641 2257 derunt
666 2199 766 2274 [ita
797 2199 969 2274 cod.].
992 2210 1046 2256 et
1077 2188 1482 2272 superationem
1501 2199 1821 2264 induerunt,
1858 2200 2015 2269 prius

442 2307 608 2364 quam
662 2291 1028 2364 praedicarent
1081 2291 1215 2362 quid
1263 2291 1474 2348 sanctis
1519 2289 1875 2360 condignum,
1932 2287 2015 2342 vel

443 2384 812 2440 admiratione
864 2385 1158 2456 dignorum
1210 2383 1588 2455 prodigiorum
1637 2379 2013 2435 brevissimam

408 2476 882 2547 portiunculam;
925 2475 1167 2530 clamare
1211 2482 1395 2528 autem
1441 2470 1787 2529 solummodo
1834 2469 2018 2524 valent

443 2564 777 2621 infirmitatis
813 2563 1048 2635 propriae
1098 2561 1567 2633 magnitudinem;
1607 2559 1753 2614 unde
1791 2568 1844 2613 et
1890 2571 2017 2612 cum

443 2672 684 2730 pmsens
714 2657 801 2712 vix
850 2657 1170 2728 praedicent,
1224 2655 1278 2711 in
1312 2653 1570 2726 prodigio
1602 2651 1749 2724 quod
1782 2663 1866 2708 est
1892 2661 2017 2721 post

440 2750 546 2806 hoc
591 2750 911 2814 cessabunt,
959 2749 1190 2805 multum
1243 2755 1469 2804 sanctos
1524 2747 1760 2818 petentia
1805 2744 2016 2801 veniam

442 2843 549 2901 sibi
607 2858 732 2899 cum
789 2840 1065 2899 oblivione
1120 2841 1315 2898 donari
1373 2838 1673 2911 petulantis
1734 2852 1903 2894 ausus
1964 2845 2020 2893 et

443 2936 687 2992 maximi.

472 3026 667 3083 ~Nunc
718 3036 922 3095 autem,
979 3027 1067 3084 his
1127 3026 1344 3083 interim
1398 3025 1621 3081 omissis
1700 3039 1822 3092 quae
1872 3025 2020 3080 circa

2105 549 2199 604 καὶ
2251 548 2463 614 τελείας
2505 548 2743 620 τυχοῦσα
2792 548 2892 619 τῆς
2942 548 3184 621 ῥώσεως,
3236 547 3329 601 καὶ
3373 547 3464 601 τὸν
3514 548 3687 620 ὕμνον

2106 641 2392 711 ὑμνήσασα
2411 682 2426 706 ,
2458 642 2552 695 καὶ
2574 641 2761 695 τοῦτον
2795 642 2882 696 ἀεὶ
2912 640 3166 712 μελῳδεῖν
3198 640 3545 713 ὑποσχομένη
3571 645 3684 708 τοῖς

2108 733 2397 804 μάρτυσιν,
2426 734 2521 787 ἐπὶ
2540 733 2904 804 Παλαιστίνην
2934 734 3028 787 καὶ
3060 733 3397 806 Καισάρειαν
3428 731 3682 789 ὥδευσεν.

2119 825 2305 894 Ἡμεῖς
2335 825 2391 879 δὲ
2418 826 2514 879 καὶ
2543 824 2638 880 νῦν
2666 826 2791 889 τοὺς
2822 824 3150 895 ἀθλοφόρους
3185 825 3526 896 ὑμνήσαντες
3548 869 3562 889 ,
3589 823 3690 893 ἐφ’

2107 917 2301 986 ἑτέραν
2339 918 2521 971 αὐτῶν
2559 917 2907 988 πανύμνητον
2947 918 3147 989 πρᾶξιν
3187 920 3540 989 ὁρμήσωμεν.

2364 1008 2482 1064 ΞΘ¹.
2522 1010 2659 1079 Περὶ
2701 1009 2984 1066 Ἰωάννου
3023 1010 3129 1065 τοῦ
3166 1012 3421 1079 τυφλοῦ.
3700 1074 3707 1081 ε

2177 1100 2356 1174 Μέχρι
2385 1102 2527 1166 τίνος
2560 1103 2650 1156 τὸν
2680 1104 2924 1175 κάλαμον
2955 1104 3291 1175 σκύλλωμεν,
3322 1106 3414 1159 καὶ
3458 1105 3554 1175 τὴν
3600 1105 3689 1158 δε-

2109 1193 2230 1260 ξιὰν
2283 1194 2419 1265 πρὸς
2468 1196 2529 1248 τὸ
2573 1192 2804 1266 γράφειν
2855 1197 3192 1265 ἐλαύνωμεν,
3233 1199 3328 1250 καὶ
3357 1198 3456 1269 τὴν
3503 1199 3689 1268 φωνὴν

2110 1285 2248 1355 πρὸς
2291 1285 2351 1338 τὸ
2400 1285 2529 1357 βοᾷν
2561 1287 2957 1360 διεγείρωμεν;
2999 1291 3298 1361 Κέκμηκεν
3330 1291 3437 1360 γὰρ
3465 1293 3493 1343 ὁ
3520 1291 3690 1345 κάλα-

2113 1393 2234 1446 μος,
2258 1375 2353 1429 καὶ
2381 1379 2412 1447 ή
2445 1378 2567 1450 χεὶρ
2601 1379 2681 1433 ἔτι
2723 1380 2943 1451 τρέχειν
2971 1383 3033 1435 ού
3069 1382 3319 1448 δύναται,
3351 1382 3445 1436 καὶ
3472 1385 3504 1453 ή
3537 1384 3691 1454 φωνὴ

2113 1470 2211 1523 σὺν
2264 1467 2473 1534 τούτοις
2519 1469 2853 1542 ἠσθένησεν,
2885 1472 2986 1544 τῆς
3034 1475 3312 1539 συντονίας
3362 1478 3689 1547 παυσαμένη

2112 1560 2205 1613 καὶ
2237 1560 2444 1632 λήξασα
2464 1578 2476 1594 ·
2519 1562 2697 1615 καίτοι
2724 1561 2817 1617 τοῦ
2855 1564 3020 1633 σοφοῦ
3047 1564 3388 1637 Σολομῶντος
3421 1567 3693 1636 γεγραφόο

2111 1665 2202 1713 τος
2228 1652 2588 1722 μανθάνομεν,
2615 1651 2690 1717 ὡς
2712 1671 2731 1704 ‹
2761 1653 2834 1708 Τὸ
2854 1655 3117 1726 σπαρτίον
3140 1655 3201 1708 τὸ
3222 1654 3482 1726 ἔντριτον,
3511 1656 3571 1708 οὐ
3594 1673 3692 1708 τα-

2113 1739 2252 1807 χέως
2273 1737 2719 1812 διαρραγήσεται.
2746 1760 2764 1793 ι
2785 1742 2969 1797 Ταῦτα
2987 1744 3154 1798 δὲκαὶ
3179 1746 3306 1817 τρία
3331 1745 3686 1816 τυγχάνοντα,
3722 1786 3729 1791 ο

2115 1828 2208 1881 καὶ
2239 1828 2296 1882 ἓν
2327 1831 2519 1902 ἔχοντα
2554 1832 2823 1904 βούλημα,
2867 1837 2962 1889 καὶ
2998 1837 3127 1906 μιᾶς
3158 1836 3384 1908 γνώμης
3414 1838 3692 1907 ὑπαρχον-

2112 1934 2200 1984 τα,
2232 1921 2327 1974 καὶ
2353 1921 2554 1976 σκοπὸν
2579 1922 2674 1976 ἕνα
2705 1926 3018 1996 στησάμενα
3039 1968 3053 1992 ,
3085 1927 3269 1998 Κύρου
3311 1930 3404 1981 καὶ
3443 1929 3691 1982 Ἰωάννου

2115 2012 2374 2085 κηρύξειν
2394 2014 2463 2069 τά
2486 2015 2762 2087 θαύματα,
2786 2018 2880 2072 καὶ
2904 2011 3064 2090 ῥῆξιν
3083 2020 3399 2090 ὑπέμειναν,
3423 2021 3513 2075 καὶ
3536 2021 3693 2092 κόπῳ

2117 2104 2426 2176 βέσληνται,
2463 2108 2558 2162 καὶ
2605 2110 2837 2183 καμάτῳ
2868 2111 3244 2179 πεπτώκασιν,
3277 2115 3371 2169 καὶ
3398 2115 3496 2186 τὴν
3519 2110 3690 2189 ἧτταν

2080 2270 2085 2274 ἢ
2117 2198 2443 2265 ὲνδέδννται,
2471 2201 2600 2272 πρὶν
2630 2204 2664 2273 ἢ
2696 2205 2930 2274 κηρύξαι
2958 2223 3011 2258 τι
3040 2205 3150 2258 τῶν
3179 2206 3353 2275 ἁγίων
3385 2207 3628 2272 ἐπάξιον,
3656 2206 3690 2276 ἤ

2115 2288 2224 2341 τῶν
2265 2289 2609 2359 ἀξιαγάστων
2655 2292 2832 2348 αὐτῶν
2861 2294 3105 2363 τεράτων
3136 2293 3309 2365 βραχύ
3345 2292 3462 2358 πώς
3512 2312 3563 2347 τι
3605 2294 3697 2363 μόι

2119 2393 2262 2454 ριονο
2294 2382 2424 2454 βοᾷν
2452 2385 2507 2438 δὲ
2541 2385 2635 2440 καὶ
2680 2387 2840 2456 μόνον
2872 2386 3140 2457 ἰσχύουσι,
3170 2388 3268 2457 τῆς
3302 2386 3507 2450 οἰκείας
3533 2387 3696 2440 ἀσθε-

2118 2471 2267 2534 νείας
2299 2473 2359 2526 τὸ
2391 2474 2623 2545 μέγεθος
2649 2493 2664 2508 ·
2700 2476 2824 2531 ὅθεν
2852 2479 2945 2531 καὶ
2988 2478 3049 2531 τὸ
3091 2478 3261 2549 παρὸν
3293 2476 3478 2547 θαῦμα
3509 2477 3696 2547 βιαίως

2119 2563 2458 2634 κηρύξαντα,
2503 2568 2562 2621 ὲν
2603 2568 2682 2640 τῷ
2735 2569 2874 2641 μετά
2919 2569 3079 2623 τοῦτο
3134 2570 3319 2641 τέρατι
3374 2569 3695 2631 παύσονται,

2120 2653 2290 2707 πολλά
2318 2656 2442 2720 τοὺς
2467 2656 2652 2725 ἁγίους
2685 2658 3000 2730 αἰτήσαντα,
3035 2658 3362 2731 συγγνώμην
3394 2660 3576 2723 αὐτοῖς
3600 2662 3699 2714 σὺν

2120 2747 2428 2821 ἀμνηστεία
2455 2749 2804 2822 δωρήσασθαι
2830 2750 3132 2822 προπετοῦς
3156 2752 3252 2806 καὶ
3288 2752 3546 2823 μεγίστου
3575 2751 3701 2806 τολ-

2123 2838 2198 2909 μή
2207 2845 2395 2910 ματος.

2193 3023 2308 3078 Νῦν
2335 3022 2394 3078 δὲ
2423 3024 2558 3089 τέως
2587 3024 2793 3078 τούτων
2827 3023 3125 3096 ἀφέμενοι,
3162 3025 3229 3080 τὰ
3272 3025 3413 3081 κατά
3446 3028 3701 3099 Ἰωάννην

445 3117 710 3175 Joannem
745 3128 896 3190 gesta
956 3127 1105 3184 sunt,
1147 3127 1309 3190 prout
1348 3120 1659 3189 possumus,
1720 3118 2016 3185 edicamus,

2123 3115 2261 3189 πρὸς
2305 3114 2536 3187 δύναμιν
2580 3114 2848 3186 λέξωμεν,
2879 3116 2974 3170 καὶ⁵
3012 3118 3122 3181 τοῖς
3171 3117 3428 3172 ἀκούουσι
3462 3126 3701 3192 ποιησώ-

444 3218 497 3264 et
531 3210 884 3267 audientibus
931 3212 1148 3283 cognita
1208 3210 1497 3267 faciamus.
1552 3209 1831 3264 Romanus
1871 3210 2016 3264 enim

448 3310 588 3368 erat,
621 3317 727 3357 non
783 3303 1024 3359 civitatis
1048 3304 1315 3358 oriundus
1363 3301 1627 3358 Romanis
1657 3302 1758 3357 sub
1815 3301 2023 3356 tributo

450 3395 705 3461 redactae,
738 3394 833 3450 sed
868 3394 1040 3466 ipsam
1072 3393 1326 3460 Romam,
1362 3409 1484 3464 qua:
1516 3394 1689 3465 prima
1724 3394 1777 3449 in
1809 3394 1890 3449 eis
1916 3395 2018 3449 im-

449 3496 626 3557 perat,
658 3487 849 3541 urbem
878 3493 934 3542 et
964 3486 1193 3556 patriam
1232 3485 1539 3557 possidens.
1583 3484 1798 3541 Etenim
1827 3496 1880 3541 et
1908 3483 2021 3540 Ro-

449 3592 533 3632 ma
562 3578 797 3650 propriae
831 3579 1101 3635 veraciter
1160 3577 1491 3637 desideravit
1544 3579 1706 3633 etiam
1744 3578 1846 3633 hoc
1894 3577 2023 3632 addi

448 3669 722 3737 claritati;
793 3670 1065 3736 videlicet,
1123 3668 1249 3740 Cyri
1301 3666 1641 3740 Joannisque
1700 3669 2019 3732 miraculis,

449 3772 712 3833 tanquam
743 3761 1074 3832 quibusdam
1117 3760 1516 3817 sacratioribus
1550 3761 1851 3827 venustari,
1903 3762 2021 3815 cla-

449 3855 596 3909 riora
622 3854 737 3909 hzec
774 3852 997 3910 coronis
1049 3861 1106 3944 et
1144 3854 1378 3926 sceptris
1429 3864 1485 3910 et
1526 3869 1762 3925 purpura
1816 3854 2020 3910 sciens.

449 3943 585 4001 Nam
615 3958 740 4001 cum
765 3946 881 4001 haec
904 3962 970 4002 ex
994 3943 1139 4001 terra
1170 3946 1412 4017 genesim
1443 3947 1699 4013 habeant,
1732 3948 1786 4001 in
1815 3954 2018 4002 terram

447 4039 650 4094 iterum
688 4037 1103 4106 dissolvuntur;
1162 4039 1499 4094 charismata
1530 4054 1663 4095 vero
1716 4048 2021 4111 martyrum

454 4134 747 4187 desursam
805 4140 859 4187 et
910 4147 941 4189 e
992 4132 1134 4187 ccelo
1193 4132 1603 4201 descendentia,
1659 4149 1783 4189 cum
1838 4134 2022 4189 divina

449 4223 654 4279 virtute
682 4225 796 4279 sint
852 4224 1016 4289 edita,
1049 4224 1436 4281 resolutionem
1471 4225 1524 4280 in
1561 4225 1787 4281 terrant‘
1815 4241 2026 4296 nequa-

452 4329 615 4385 quam
681 4316 993 4369 admittunt.
1047 4313 1233 4370 Romae
1279 4314 1464 4386 itaque
1518 4331 1625 4371 non
1685 4316 2025 4372 invideamus

455 4408 752 4474 desiderio,
784 4407 828 4462 s'i
875 4415 1219 4463 terrenarum
1262 4408 1566 4464 claritatem
1600 4409 1830 4475 habens,
1862 4411 2025 4466 caele-

2129 3206 2271 3279 μεθα
2314 3204 2590 3277 γνώριμα.
2652 3208 2924 3278 Ῥωμαῖος
2967 3202 3120 3273 οὗτος
3152 3209 3476 3281 ἐτύγχανεν,
3509 3213 3569 3265 οὐ
3603 3214 3702 3265 πό-

2125 3299 2262 3364 λεως
2286 3300 2563 3371 ὑποφόρου
2599 3300 2891 3370 Ῥωμαίοις
2939 3300 3280 3372 ὁρμώμενος,
3310 3303 3448 3356 ἀλλὰ
3478 3303 3701 3375 Ῥώμην

2125 3388 2296 3459 αὐτὴν
2317 3389 2416 3460 τὴν
2440 3388 2661 3461 πρώτην
2687 3389 2866 3444 αὐτῶν
2897 3388 3315 3459 βασιλεύσασαν,
3345 3390 3578 3462 πατρίδα
3604 3393 3702 3448 καὶ

2125 3483 2281 3538 πόλιν
2295 3483 2637 3554 κτησάμενος
2652 3497 2666 3513 ο
2695 3482 2789 3536 καὶ
2815 3481 3000 3554 Ῥώμη
3022 3483 3128 3553 γὰρ
3151 3482 3364 3554 ἀληθῶς
3384 3482 3698 3554 ἐπεθύμησε

2124 3576 2190 3643 τῇ
2221 3571 2400 3641 οἰκεία
2436 3572 2533 3625 καὶ
2570 3570 2727 3625 τοῦτο
2756 3570 3070 3642 προσθεῖναι
3099 3571 3463 3644 λαμπρότητι,
3491 3572 3553 3626 τὸ
3585 3571 3702 3626 Κύ-

2127 3681 2221 3734 ρου
2254 3664 2348 3716 καὶ
2382 3660 2628 3715 Ἰωάννου
2673 3664 2785 3726 τοῖς
2833 3661 3108 3733 θαύμασιν
3152 3662 3227 3727 ὡς
3271 3662 3562 3735 θειοτέροις
3589 3666 3703 3718 τισὶ

2125 3753 2658 3823 ἐγκαλλωπίζεσθαι.
2683 3753 2817 3808 πολὺ
2845 3753 3016 3807 ταῦτα
3043 3753 3396 3827 λαμπρότερα
3421 3757 3703 3824 στεφάνων

2125 3845 2220 3901 καὶ
2268 3847 2565 3915 σκήπτρων
2598 3844 2692 3897 κοιλ⁸
2721 3845 3050 3916 πορφυρίδος
3078 3845 3476 3913 γιγνώσκουσα.
3517 3845 3704 3899 Ταῦτα

2127 3938 2226 4010 μὲν
2273 3938 2381 4008 γὰρ
2410 3938 2474 3990 ὲκ
2508 3937 2610 4005 γῆς
2656 3936 2756 4007 τὴν
2800 3936 3014 4006 γένεσιν
3052 3937 3265 4009 ἔχοντα,
3301 3937 3460 3993 πάλιν
3488 3940 3568 4000 εἰς
3597 3939 3703 4008 γῆν

2123 4030 2445 4086 ἅναλύεται’
2479 4030 2544 4084 τὰ
2575 4029 2632 4083 δὲ
2662 4028 2767 4082 τῶν
2816 4030 3111 4102 μαρτύρων
3151 4031 3465 4102 χαρίσματα
3495 4030 3703 4084 ἄνωθεν

2125 4122 2184 4189 ἐξ
2211 4122 2441 4193 ούρανοῦ
2472 4124 2841 4195 καταγόμενα,
2865 4122 2959 4176 καὶ
2989 4121 3109 4194 θείᾳ
3133 4123 3358 4193 δυνάμει
3384 4123 3701 4192 τικτόμενα,

2124 4213 2384 4273 ἀνάλυσιν
2406 4214 2506 4285 τήν
2535 4216 2613 4277 είς
2641 4214 2744 4286 γῆν
2775 4213 2874 4267 ούκ
2899 4211 3198 4283 εἰσδέχεται
3220 4228 3234 4242 ο
3264 4215 3331 4285 τῇ
3363 4212 3550 4287 Ῥώμῃ
3575 4213 3706 4281 γοῦν

2130 4305 2206 4377 μὴ
2235 4304 2592 4378 φθονήσωμεν
2620 4305 2718 4376 τῆς
2763 4304 3025 4375 ἐφέσεως,
3054 4304 3090 4376 ἢ
3117 4303 3224 4359 τῶν
3258 4306 3461 4377 γηΐνων
3488 4306 3587 4377 τὴν
3615 4305 3707 4359 εὖ-

2129 4396 2316 4451 κλειαν
2345 4395 2562 4468 ἔχουσα,
2593 4397 2687 4451 καὶ
2713 4396 2820 4451 τῶν
2839 4397 3105 4468 οὐρανίων
3127 4397 3224 4468 τῆς
3244 4396 3403 4467 δόξης
3432 4396 3700 4468 ὀρέγεται·

455 4500 621 4554 stium
658 4510 877 4569 quoque
921 4499 1150 4571 gloriam
1178 4500 1402 4571 appetit.
1438 4499 1542 4556 Sed
1574 4500 1804 4567 Joanne,
1835 4504 1926 4572 qui
1954 4518 2016 4558 ex

2133 4488 2248 4543 ἀλλ’
2284 4489 2537 4559 Ἰωάννην
2579 4487 2670 4542 τὸν
2700 4489 2764 4542 ὲκ
2788 4488 2992 4560 ταύτης
3030 4491 3110 4552 είς
3161 4489 3325 4560 μέσον
3357 4489 3705 4555 καλέσαντες,

402 4580 419 4599 ‘
457 4588 557 4643 hac
592 4587 790 4654 fuerat,
825 4589 876 4643 iu
913 4589 1152 4645 medium
1192 4587 1477 4655 advocato,
1514 4602 1609 4658 per
1638 4589 1783 4645 hunc
1806 4592 2023 4648 deside-

454 4679 595 4733 rium
629 4681 749 4748 ejus
778 4678 1191 4749 adimpleamus.
1279 4684 1287 4693 '
2016 4752 2018 4755 ι

526 4765 625 4823 llic
688 4769 973 4823 oculorum
1032 4767 1288 4836 primitus
1348 4769 1628 4824 detinetur
1685 4770 2021 4838 infirmitate,

454 4866 678 4925 promer
717 4871 879 4925 qttam
929 4854 1157 4911 medicis
1214 4854 1492 4909 tribulatio
1526 4854 1662 4910 facta
1692 4865 1798 4924 est,
1856 4858 2025 4928 depo-

456 4960 586 5001 nere
618 4945 992 5002 infirmitatem
1016 4945 1359 5007 desiderans,
1387 4954 1441 5001 et
1460 4947 1719 5018 accipere
1743 4965 1866 5019 quae
1897 4961 2024 5007 ante

458 5036 599 5090 hanc
635 5035 811 5090 fuerat
843 5035 1156 5102 sanitatem,
1200 5029 1353 5106 quod
1378 5038 1558 5094 omnis
1606 5046 1690 5094 est
1740 5038 2028 5096 infirman-

456 5128 529 5182 tis
553 5127 839 5182 iudicium.
881 5125 1122 5182 Sedhoc
1151 5127 1377 5196 adipisci
1406 5144 1514 5183 non
1550 5130 1713 5196 valet,
1744 5131 1868 5187 licet
1896 5133 2028 5189 mul-

457 5228 513 5274 ta
559 5220 787 5276 medicis
826 5219 1151 5285 tribuisset;
1212 5236 1430 5292 semper
1484 5222 1627 5276 enim
1691 5239 2026 5296 persequens

456 5313 762 5374 meliorem,
819 5309 1061 5383 pejoretn
1097 5311 1331 5369 faciebat
1383 5312 1741 5385 languorem;
1788 5325 1842 5371 et
1895 5317 2026 5373 dum

336 5430 353 5451 ο
456 5417 582 5459 eum
635 5405 729 5475 qui
779 5405 834 5460 in
878 5405 1002 5461 istis
1036 5411 1153 5460 erat
1202 5406 1535 5475 conspicuus
1587 5407 2027 5476 amplecteretur,

462 5496 577 5563 ipse
636 5497 756 5551 sine
806 5497 926 5552 visu
970 5496 1233 5568 paulatim
1290 5495 1519 5553 effectus
1568 5506 1689 5566 est;
1744 5515 2030 5571 usquequo

409 5602 416 5608 ·
464 5586 793 5655 spectabiles
825 5598 879 5644 et
909 5588 1152 5644 illustres
1183 5588 1394 5656 adiens,
1426 5590 1696 5646 obscurus
1720 5600 1772 5646 et
1799 5592 2024 5649 obteue-

554 5752 600 5785 ³⁸
643 5756 819 5814 Eccle.
845 5777 918 5828 tv,
952 5761 1039 5815 l2.

2131 4581 2219 4653 διὰ
2253 4580 2441 4635 τούτου
2480 4582 2572 4636 τὸν
2612 4580 2775 4636 πόθον
2811 4581 2983 4654 αὐτῆς
3021 4581 3488 4655 ὲκπληρώσωμεν.

2200 4757 2371 4829 Οὗτος
2419 4764 2713 4837 ὀφθαλμῶν
2759 4764 3013 4837 ἀσθενείᾳ
3040 4766 3102 4820 τὺ
3133 4766 3350 4838 πρῶτον
3395 4767 3705 4838 κατέχεται,

2129 4856 2196 4910 δι’
2216 4858 2282 4928 ἢν
2313 4858 2514 4930 ίατροῖς
2536 4857 2689 4928 δχλος
2708 4857 2934 4926 ἐγίνετο,
2955 4856 3256 4912 ἀποθέσθαι
3291 4860 3389 4928 μὲν
3412 4858 3590 4912 ποθῶν
3609 4859 3721 4930 τὴν,

2130 4949 2437 5013 ἀσθένειαν,
2465 4950 2754 5004 ἀναλαϐεῖν
2781 4949 2838 5003 δὲ
2867 4949 2963 5021 τὴν
2993 4949 3098 5021 πρὸ
3122 4949 3325 5022 ταύτης
3357 4952 3647 5017 ἀπάθειαν,
3680 4952 3708 5005 δ

2132 5042 2334 5106 παντὸς
2358 5040 2710 5107 ἀσθενοῦντος
2737 5042 3042 5114 καθέστηκε
3072 5043 3378 5115 γνώρισμα.
3411 5043 3569 5096 Ἀλλὰ
3588 5042 3711 5096 τού-

2128 5151 2222 5187 του
2264 5136 2448 5205 τυχεῖν
2495 5134 2556 5188 ού
2605 5134 2920 5205 δεδύνηται,
2970 5136 3173 5206 πολλὴν
3228 5134 3426 5204 ἰατρῶν
3476 5134 3708 5206 ἀμοιϐὴν

2130 5225 2531 5295 ποιησάμενος·
2564 5225 2650 5279 ἀεὶ
2679 5225 2782 5296 γάρ
2830 5225 3041 5279 διώκων
3067 5226 3157 5280 τὸν
3190 5225 3501 5298 κρείσσονα,
3528 5228 3707 5296 χεῖρον

2132 5317 2305 5371 ἐποίει
2333 5307 2413 5369 ’τὸ
2461 5317 2672 5387 νόσημα
2694 5334 2708 5347 ·
2761 5317 2855 5371 καὶ
2901 5318 2992 5372 τδν
3024 5320 3081 5371 έν
3110 5317 3321 5381 τούτοις
3350 5316 3707 5386 περίϐλεπτον

2137 5407 2536 5478 ἀσπαζόμενος,
2573 5407 2838 5472 ἄδλεπτος
2885 5409 3046 5474 αὐτὸς
3094 5408 3216 5464 κατ’
3241 5407 3421 5474 ὀλίγον
3451 5408 3667 5476 ἐγένετο
3691 5424 3705 5438 ·

2088 5514 2091 5517 ·
2139 5500 2330 5571 μέχρις
2375 5492 2435 5554 οὗ
2487 5502 2600 5565 τοῖς
2645 5503 2914 5570 ἐμφανέσι
2961 5502 3056 5556 καὶ
3107 5503 3383 5573 λαμπροῖς
3431 5499 3697 5572 προσιὼν,

2137 5593 2347 5664 ἀφανὴς
2404 5594 2499 5648 καὶ
2551 5594 2811 5669 ἁλαμπὴς
2855 5596 3099 5668 διαμπὰξ
3146 5594 3559 5652 ἀποδείκνυται·
3616 5594 3710 5649 καὶ
