4060 6236
414 313 547 379 3661

1414 317 1515 379 SS.
1556 320 1734 380 CYRI
1766 320 1861 381 ET
1894 323 2215 386 JOANNIS
2251 326 2666 388 MIRACULA.

3544 321 3686 387 3*‘62

415 429 559 497 τάχα
583 426 683 480 οὑκ
719 425 785 482 ἃν
814 426 934 481 οὑδὲ
964 428 1083 481 τότε
1108 428 1217 482 τῶν
1253 429 1450 500 ἰατρῶν
1478 430 1574 494 τὰς
1602 433 1791 505 χεῖρας
1819 433 2001 502 διέφυ-

2108 436 2299 492 brosus
2359 453 2587 508 prorsus
2625 449 2878 494 esu-usus
2940 445 3042 492 est.
3100 435 3163 490 Et
3209 435 3349 491 forte
3403 451 3501 491 nec
3555 445 3681 491 tunc

416 533 534 585 γεν,
564 517 612 568 εἰ
647 515 722 588 μὴ
752 515 987 570 κενωθὲν
1015 516 1075 570 τὸ
1109 517 1411 588 βαλάντιον,
1442 521 1541 592 τὴν
1569 522 1678 575 τῶν
1708 523 2001 593 ὀφθαλμῶν

417 610 731 681 ἐφανέρωσε
766 609 1038 679 τύφλωσιν
1061 628 1073 643 ’
1108 613 1201 665 σὺν
1231 611 1309 682 τῷ
1352 616 1461 686 γὰρ
1484 614 1832 687 ὀφθαλμιαίῳ
1862 619 2004 687 φωτὶ

2108 528 2441 582 medicorum
2477 545 2673 583 manus
2700 529 3000 599 ell'ugisset,
3029 528 3133 582 nisi
3158 534 3455 582 evacuatus
3488 543 3685 581 sacen-
3708 538 3721 551 '

2106 620 2210 683 lus,
2247 622 2525 676 oculorum
2572 625 2870 678 caecitatem
2903 620 3324 679 manifeStassct.
3376 621 3513 675 Cum
3550 635 3683 673 oeu-

418 703 510 755 καὶ
536 702 597 754 τὸ
628 701 972 771 βαλαντιαῖον
1002 702 1204 771 φέγγος
1235 705 1484 770 ἐξέλιπεν
1507 724 1520 736 ·
1563 702 1736 778 οὗπερ
1765 710 2018 781 ἀνιάτως,

2106 715 2281 767 lorum
2315 717 2517 786 quippe
2573 716 2779 771 lumine
2830 717 3091 788 splendor
3123 716 3324 771 defecit
3371 716 3677 784 marsupii;
3764 708 3773 719 “

418 796 763 865 νοσήσαντος,
805 796 899 848 καὶ
946 796 1113 866 ρῶσιν
1163 797 1347 851 λαϐεῖν
1393 798 1652 869 οὐδεμίαν
1705 799 2002 870 ἰσχύοντος,

418 890 593 941 νοσεῖν
628 888 723 940 καλ⁸
769 888 932 952 αὑτὸς
960 889 1194 951 ἀνιάτως
1228 889 1549 961 ἐμάνθανεν.
1591 890 1735 954 Ἕως
1762 893 1860 963 μὲν
1897 891 2005 963 γὰρ

416 975 485 1050 ἦν
513 979 673 1044 άδρδν
704 980 766 1034 τὸ
793 980 1096 1051 βαλάντιον,
1130 983 1357 1054 Θάρσει,
1387 984 1524 1056 πρὸς
1545 985 1651 1038 τῶν
1679 985 1879 1057 ἰατρῶν
1911 1003 2006 1040 συ-

419 1073 671 1144 χνὸτερον
697 1072 916 1144 ἤκουεν,
946 1075 1040 1128 καὶ
1065 1074 1243 1146 λύπην
1276 1076 1541 1147 μηδαμῶς
1569 1079 1705 1149 μηδέ
1732 1079 2006 1150 μέριμναν

420 1166 658 1236 κέκτησο
685 1183 699 1198 ο
726 1166 922 1220 θᾶττον
952 1168 1059 1239 γάρ
1108 1184 1167 1221 σε
1214 1169 1394 1232 καλῶς
1428 1169 1645 1240 βλέπειν
1691 1171 2004 1242 ἐλπίζομεν.

432 1257 651 1329 Ἐπειδὴ
685 1257 739 1312 δέ
764 1257 826 1311 τὸ
862 1257 1146 1328 βαλάντιον
1177 1260 1276 1331 τὴν
1306 1260 1538 1315 κένωσιν
1564 1261 1831 1316 πέπονθεν
1859 1264 2006 1335 (συν-

420 1348 659 1421 ερῤύηκε
685 1349 792 1421 γὰρ
821 1350 1087 1405 καὶτοῦτο
1117 1354 1227 1417 τοῖς
1257 1351 1547 1424 ὄμμασιν),
1569 1355 1766 1425 πάσχει
1793 1356 1887 1409 καὶ
1912 1356 2009 1410 αὐ-

418 1442 509 1506 τὸς
553 1443 652 1496 σὺν
696 1442 871 1515 τούτῳ
917 1443 1015 1515 τὴν
1070 1444 1347 1515 στέρησιν,
1379 1446 1444 1516 ἢν
1472 1447 1867 1514 προπεπονθὼς
1897 1449 2006 1503 τῶν

418 1535 682 1606 ὀμμάτων
694 1535 1009 1607 ἐτύγχανεν.
1028 1537 1283 1604 ’Δπελθε,
1305 1538 1442 1611 πρὸς
1458 1539 1638 1593 αὑτῶν
1654 1540 2005 1607 ἐπυνθάνετο,

427 1627 616 1698 μηδείς
645 1644 706 1681 σε
749 1627 959 1698 θνητῶν
993 1631 1354 1697 ἀπατήσειεν,
1402 1630 1577 1699 λέγων
1627 1631 1705 1693 ὠς
1749 1631 1873 1703 ὄψει
1916 1632 2007 1686 τὸν

418 1720 598 1790 mror
645 1720 704 1774 αἰ
749 1720 908 1790 κόραι
951 1720 1060 1791 γάρ
1107 1738 1201 1775 σου
1242 1720 1595 1794 διέρῤευσαν,
1629 1723 1722 1776 καί
1754 1724 2006 1797 ἀλλήλοις

420 1808 706 1880 ἐπάγη’τὰ
740 1808 1006 1880 βλέφαρα.
1044 1810 1187 1881 Ὅρα
1227 1793 1416 1882 μηδείς
1461 1828 1553 1865 σου
1589 1813 1753 1881 φάγοι
1783 1793 1894 1867 τῶν
1922 1818 2004 1870 ἰα-
2037 1793 2077 1846 Β

421 1901 564 1970 τρῶν
593 1902 653 1956 τὸ
682 1905 966 1975 ἀργύριον,
1000 1904 1182 1974 μόνοις
1212 1921 1272 1957 σε
1307 1905 1476 1960 ποιῶν
1504 1909 1616 1972 τοῖς
1642 1907 1818 1976 λόγοις
1850 1910 2001 1962 εὑέλ-

425 1995 571 2062 πιδα,
614 1996 925 2069 εύόμματον
963 1997 1019 2051 δὲ
1061 2000 1238 2051 ποιεῖν
1277 1998 1335 2052 οὑ
1375 1999 1693 2072 δυνάμενος.

491 2179 711 2243 Ταύτας
761 2180 1014 2251 Ἰωάννης
1064 2181 1163 2245 τὰς
1212 2182 1520 2252 ἀποφάσεις
1561 2184 1874 2258 δεξάμενος,
1897 2189 2005 2243 ἔτι·

420 2291 527 2345 περ
559 2273 798 2345 ἐνοχλεῖν
831 2276 1033 2346 ἰατροῖς
1059 2276 1160 2329 ούκ
1189 2276 1442 2346 ἠδύνατο,
1471 2277 1573 2333 οὑκ
1607 2281 1795 2353 ἐπειδὴ
1841 2283 2004 2353 μόνον

417 2365 494 2429 ὡς
534 2365 717 2420 οὑκέτι
761 2365 947 2437 βλέψοι
981 2367 1326 2438 μεμάθηκεν,
1374 2367 1492 2422 ἀλλ’
1534 2370 1617 2424 ὅτι
1657 2372 1753 2425 καὶ
1787 2374 2004 2444 χρημά-

419 2477 524 2512 των
541 2460 794 2531 ὲχήρευε,
816 2460 885 2513 δι’
905 2453 980 2515 ὧν
1013 2462 1237 2533 ἰατροὺς
1266 2461 1678 2533 θεραπεύσειεν.
1714 2466 1803 2519 Ἐν
1826 2467 2003 2537 τούτῳ

419 2548 660 2618 γεγονὼς
682 2551 1094 2616 καταστάσεως,
1117 2551 1321 2623 ἰατρῶν
1346 2551 1531 2607 πλεῖον
1554 2542 1875 2626 δυνάμενον,
1910 2560 2004 2612 καὶ

418 2640 644 2714 γνώμην
670 2643 869 2715 ἰατρῶν
886 2644 1188 2716 χρημάτων
1215 2644 1276 2697 ού
1296 2643 1566 2717 χρῄζοντα
1597 2645 1808 2716 ἔχοντα,
1833 2649 1925 2703 καὶ
1939 2650 2002 2702 οὑ

419 2732 579 2788 τοῦτο
605 2736 787 2807 μόνον,
821 2736 958 2791 ἀλλὰ
987 2736 1084 2791 καὶ
1108 2737 1197 2792 τὸν
1222 2738 1503 2809 ἄρρωστον
1534 2740 1808 2810 τρέφοντα
1829 2757 1840 2770 ·
1865 2741 2005 2813 ὅπερ

419 2824 697 2899 ἐπιζητῶν
732 2829 1173 2902 σπουδαιότερον,
1202 2829 1344 2884 κατὰ
1363 2830 1461 2901 τὴν
1485 2833 1754 2904 σωτήριον
1779 2833 2002 2906 εὕρισκε

419 2919 744 2993 πρόρρησιν,
772 2921 868 2975 καὶ
893 2921 1105 2994 κροτῶν
1135 2921 1553 2995 συντονώτερον,
1588 2923 1759 2996 θύρας
1792 2926 2003 2998 ἠνεῳγ-

423 3012 589 3084 μένης
634 3012 955 3084 ἐτύγχανεν.
1004 3013 1189 3084 Κῦρον
1234 3013 1341 3087 γάρ
1382 3014 1485 3069 οὑκ
1516 3016 1598 3079 εἰς
1653 3020 1874 3089 μακρὰν
1907 3020 2002 3073 καὶ

431 3104 687 3175 Ἰωάννην
735 3106 795 3159 ἐν
838 3104 1220 3179 Ἀλεξανδρείᾳ
1262 3107 1596 3163 πυνθάνεται
1641 3111 1787 3176 οἴους
1821 3114 2004 3184 εὑρεῖν

416 3194 591 3249 ἐθέλοι
620 3196 715 3250 καὶ
745 3197 1015 3268 γλίχεται,
1046 3199 1257 3254 πιστῶν
1290 3199 1458 3254 αὑτοῦ
1488 3203 1815 3274 νοσημάτων
1844 3204 2005 3261 δυνά-

420 3305 568 3358 μεως
601 3290 946 3361 κρείσσονας.
981 3291 1096 3346 Καὶ
1126 3290 1286 3345 τοῦτο
1319 3292 1529 3365 μαθὼν,
1573 3296 1773 3365 μᾶλλον
1801 3296 1858 3350 δὲ
1886 3315 2017 3351 πει-’

418 3374 587 3442 σθεὶς,
619 3376 921 3449 ἐπειδήπερ
946 3380 1012 3433 ὲκ
1047 3381 1239 3450 φήμης
1275 3382 1406 3435 αὑτὸ
1446 3384 1843 3454 προεγίνωσκε,
1874 3385 2002 3441 θᾶτ-

413 3480 506 3519 τον
536 3467 663 3530 τοὺς
694 3467 882 3536 ἁγίους
911 3469 1237 3539 κατέλαϐεν,
1264 3472 1389 3543 ὅρον
1422 3474 1719 3530 ἀσάλευτον
1750 3477 2001 3550 θέμενος,

418 3554 494 3628 μὴ
529 3556 790 3612 εἰσελθεῖν
819 3559 982 3615 αὑτὸν
1001 3561 1063 3615 τὸ
1095 3562 1391 3634 σεὸάσμιον
1416 3566 1663 3637 τέμενος,
1690 3571 1737 3623 εἰ
1772 3571 1845 3642 μὴ
1888 3573 2005 3641 φῶς

415 3646 666 3701 θεάσοιτο
700 3650 990 3721 πρότερον,
1023 3653 1118 3708 καὶ
1148 3654 1257 3708 τῶν
1300 3656 1565 3727 ὀμμάτων
1609 3661 1875 3716 ἀποϐάλοι
1905 3663 2004 3736 τὴν

414 3740 667 3810 πήρωσιν
692 3757 719 3817 ζ,
740 3743 837 3797 καί
864 3745 955 3798 τὸν
989 3748 1189 3800 οἰκεῖον
1215 3748 1342 3818 ὅρον
1378 3750 1518 3819 μετὰ
1549 3752 1780 3826 δοκιμὴν
1814 3757 1874 3809 οὑ
1903 3774 2003 3827 με·

415 3832 572 3903 τρίαν
593 3833 934 3906 ἐπλήρωσεν,
959 3837 1019 3892 τὸ
1037 3839 1254 3908 Ὤμοσα
1273 3841 1366 3895 καὶ
1387 3841 1609 3919 ἕστησα,
1625 3845 1800 3916 λέγων
1821 3850 2005 3919 συχνό-

417 3942 598 3996 τερον,
631 3928 726 3983 καὶ
754 3929 824 3985 τὰ
851 3932 1265 4004 ἐκπορευόμενα
1290 3936 1355 3991 ἐκ
1392 3938 1500 3990 τῶν
1523 3938 1746 4008 χειλέων
1777 3959 1880 4012 μου
1903 3944 2003 3998 οὑκ

418 4019 691 4093 ἀθετήσω,
727 4023 866 4094 μετὰ
896 4024 991 4078 τοῦ
1018 4026 1382 4097 Μελογράφου
1416 4016 1709 4102 βοώμενος.
1748 4035 1862 4106 Πρὸ
1893 4037 2000 4109 γὰρ

414 4110 516 4181 τῆς
544 4113 639 4168 τοῦ
664 4114 770 4168 νεὼ
797 4115 971 4189 θύρας
1007 4118 1262 4191 ἐκάθητο,
1292 4120 1564 4188 ἀνέκειτο,
1596 4124 1805 4195 ήσθιεν.
1834 4127 2000 4181 ἐκάθ-

421 4204 607 4259 ευδενο
642 4208 702 4261 ἐν
731 4207 853 4280 ὥρα
902 4209 1001 4280 μὲν
1053 4210 1247 4282 θέρους
1290 4213 1685 4285 καυσούμενος,
1720 4219 1777 4269 ἐν
1824 4219 2001 4291 καιρῷ

419 4296 475 4353 δὲ
518 4299 789 4369 χειμῶνος
816 4302 1164 4374 πηγνύμενος
1188 4317 1201 4332 '
1236 4304 1332 4359 καὶ
1381 4307 1511 4359 ποτὲ
1558 4308 1656 4377 μὲν
1687 4309 1864 4374 ὑετοῖς
1905 4312 2001 4364 λα-

414 4388 700 4463 ϐροτέροίς
731 4392 1086 4466 βρεχόμενος,
1118 4398 1250 4451 ποτέ
1297 4398 1355 4452 δέ
1398 4399 1789 4472 σφοδροτέραις
1818 4406 1999 4458 ἀκτῖσι

414 4482 768 4556 φλεγόμενος,
801 4487 944 4559 ὑπὲρ
988 4490 1234 4561 κεφαλῆς
1279 4490 1420 4562 ἔχων
1454 4492 1549 4546 τὸν
1590 4494 1745 4565 ἥλιον
1782 4497 1999 4570 ἡμέρας

415 4578 768 4644 συγκαίοντα,
793 4582 888 4635 καὶ
918 4582 1110 4647 νυκτὸς
1140 4583 1237 4653 τὴν
1270 4584 1503 4655 σελήνην
1528 4585 1848 4642 ἐκλύουσαν.

413 4665 781 4726 inﬂammatus
810 4688 826 4737 ;
894 4686 1059 4741 supra

397 4771 540 4838 tem.
743 4759 749 4764 ’

483 4853 640 4909 Οὕτω
670 4855 726 4909 δὲ
762 4856 990 4928 χρόνους
1030 4856 1176 4911 ὀκτὼ
1215 4859 1530 4926 διατελέσας
1559 4864 1871 4935 ὑπαίθριος,
1899 4868 1995 4922 καὶ

410 4947 507 5020 τὴν
543 4948 753 5003 οἰκείαν
795 4951 895 5004 οὑκ
941 4952 1218 5023 ἀτιμάσας
1255 4953 1552 5024 ἀπόφασιν,
1578 4958 1689 5011 οὐδ’
1726 4960 1993 5030 ἀτιμάσαι

413 5041 788 5111 προσδοκήσας
833 5042 912 5105 εἰς
944 5042 1218 5115 ἔπειτα,ἢ
1262 5046 1598 5118 ποιήσασθαι
1642 5049 1739 5120 τὴν
1781 5051 1993 5105 ἐκεῖθεν

410 5132 701 5199 ἀπόϐασιν,
727 5135 776 5187 εἰ
813 5134 908 5188 καὶ
958 5134 1118 5208 μέχρι
1145 5135 1379 5190 θανάτου
1422 5137 1621 5205 τυφλὸς
1660 5139 1989 5206 ἐξετάζοιτο.

413 5223 575 5276 Ὅθεν
608 5225 847 5279 ἐπαίνων
885 5225 985 5295 μὲν
1015 5226 1111 5297 τῆς
1140 5226 1284 5280 οὕτω
1309 5231 1577 5301 παθερᾶς
1606 5231 1698 5285 τοῦ
1727 5232 1991 5305 λογισμοῦ

411 5314 503 5365 καὶ
539 5311 765 5383 βεϐαίας
814 5314 1049 5385 κρίσεως
1083 5314 1255 5381 ἄξιος,
1290 5317 1441 5386 παρὰ
1472 5319 1608 5371 πᾶσι
1649 5321 1761 5383 τοῖς
1790 5320 1992 5376 εἰδόσιν

410 5403 678 5475 ἐκρίνετο,
729 5403 884 5475 παρὰ
928 5408 1041 5468 τοῖς
1088 5406 1326 5477 μάρτυσι
1358 5410 1454 5461 καὶ
1505 5408 1718 5474 τελείας
1771 5411 1988 5477 ἰάσεως.

422 5494 775 5560 Ἐπιστάντες
800 5495 932 5563 γοῦν
960 5496 1111 5567 αὑτῷ
1156 5499 1352 5564 νυκτὸς
1370 5539 1385 5562 ,
1416 5501 1493 5565 ὡς
1517 5503 1834 5571 ἐκάθευδεν,
1886 5506 1987 5579 τὴν

412 5583 597 5653 ὑγείαν
624 5586 946 5656 παρέχουσι,
982 5587 1075 5641 καὶ
1101 5587 1161 5640 τὸ
1185 5587 1407 5658 βλέπειν
1434 5592 1775 5663 χαρίζονται,
1800 5588 1989 5665 ’λόγοις

1167 4682 1333 4743 caput
1408 4674 1618 4732 habens
1692 4679 1895 4734 solem.
1937 4679 2172 4736 interdiu
2242 4684 2741 4737 concremantem,

2105 805 2195 874 qui
2227 821 2347 860 eum
2379 808 2752 864 insatiabiliter
2777 809 3130 879 elanguisset,
3153 815 3207 862 et
3240 808 3529 861 sanitatem
3560 806 3683 860 nul-

2105 897 2211 949 lam
2245 898 2492 968 accipere
2519 899 2801 962 valuisset,
2836 899 3095 969 languere
3127 908 3182 952 et
3214 900 3330 969 ipse
3358 898 3685 952 insanabili-

2107 998 2188 1042 ter
2218 988 2429 1044 didicit.
2486 989 2668 1046 Donec
2698 991 2843 1047 enim
2906 990 3242 1061 marsupium
3282 990 3495 1060 dapsile
3553 987 3679 1047 fuit.

2099 1076 2335 1142 Conlide,
2376 1096 2406 1136 a
2464 1082 2692 1139 medicis
2772 1084 2973 1154 smpius
3036 1082 3336 1149 audiebat,
3404 1083 3682 1152 tristitiam

2108 1188 2451 1244 nequaquam
2487 1190 2667 1246 neque
2689 1174 3119 1232 sollicitudinem
3141 1174 3307 1239 habe,
3345 1175 3510 1230 citius
3538 1176 3681 1230 enim

2070 1307 2078 1314 .
2108 1276 2160 1322 te
2194 1267 2331 1322 bene
2366 1266 2551 1322 videre
2582 1282 2891 1336 speramus.
2927 1266 3065 1332 Quia
3100 1281 3233 1322 vero
3264 1265 3411 1322 follis
3446 1282 3685 1321 evacua.

2109 1363 2313 1416 tionem
2347 1376 2543 1431 passus
2570 1369 2675 1426 est,
2729 1359 2939 1417 eﬂluxit
2968 1360 3113 1416 enim
3179 1360 3345 1415 etiam
3400 1360 3504 1416 iste
3559 1376 3681 1416 cum

2107 1451 2305 1515 oculis,
2336 1452 2544 1521 patitur
2569 1460 2622 1505 et
2653 1452 2769 1520 ipse
2797 1465 2921 1505 cum
2959 1451 3063 1506 hoc
3090 1451 3481 1521 privationem.
3519 1466 3681 1520 quam

2107 1553 2160 1598 et
2191 1558 2390 1613 passus
2417 1542 2472 1597 in
2499 1544 2674 1597 oculis
2702 1543 2924 1611 fuerat;
2952 1544 3114 1607 Vade,
3164 1543 3232 1596 ab
3277 1545 3357 1599 eis
3406 1542 3713 1608 audiebat;

2108 1638 2291 1691 nullus
2315 1647 2366 1691 te
2395 1637 2709 1691 mortalium
2756 1636 2993 1707 decipiat
3044 1636 3234 1690 dicens
3269 1637 3415 1706 quod
3466 1638 3687 1694 visurus

2107 1730 2186 1785 sis
2216 1716 2422 1794 solem;
2456 1728 2676 1797 pupillae
2700 1727 2902 1805 quippe
2937 1728 3035 1780 tibi
3089 1726 3462 1790 deﬂuxerunt,
3493 1735 3551 1782 et
3575 1729 3688 1798 pal-

2106 1821 2283 1890 pebrae
2308 1829 2498 1876 mutuo
2515 1820 2813 1891 congelatze
2836 1827 2982 1874 sunt.
3020 1817 3176 1883 Vide,
3210 1818 3395 1873 nullus
3423 1835 3484 1873 ex
3519 1820 3689 1874 medi-

2105 1915 2199 1969 cis.
2224 1913 2512 1984 pecuniam
2539 1923 2687 1966 tuam
2724 1914 3036 1973 manducet,
3065 1910 3201 1966 solis
3227 1922 3279 1965 te
3335 1909 3546 1966 faciens
3590 1911 3689 1966 bo-

2105 2022 2189 2061 na:
2217 2007 2333 2076 spei
2393 2005 2767 2067 sermonibus.
2800 2018 2925 2058 cum
2979 2003 3140 2058 bonis
3183 2011 3235 2059 te
3289 2003 3466 2058 oculis
3510 2004 3689 2059 facere

2064 2155 2067 2158 .
2104 2111 2359 2173 nequeat.

2183 2194 2279 2250 llis
2315 2191 2557 2249 Joannes
2587 2190 2830 2260 acceptis
2896 2189 3211 2254 sententiis,
3261 2188 3405 2262 ultra
3461 2188 3688 2243 medicis

2105 2287 2377 2344 molestus
2406 2301 2533 2342 esse
2553 2299 2664 2340 non
2694 2292 2907 2354 poterat
2933 2298 2948 2347 ;
2984 2295 3090 2336 non
3124 2289 3338 2336 tantum
3363 2280 3511 2351 quia,
3541 2283 3686 2352 quod

2103 2397 2214 2437 non
2309 2388 2459 2437 esset
2513 2377 2658 2431 ultra
2739 2377 2963 2431 visurus
3017 2374 3306 2441 didicerat,
3392 2373 3489 2429 sed
3539 2377 3688 2444 quod

2104 2477 2269 2531 etiam
2302 2471 2552 2544 pecuniis
2581 2470 2876 2525 destitutus
2910 2474 3073 2533 esset,
3106 2483 3204 2538 per
3234 2483 3374 2538 quas
3399 2466 3543 2522 foret
3570 2481 3686 2520 me-

2105 2563 2258 2618 dicos
2283 2561 2619 2631 plaeaturus.
2652 2556 2710 2610 In
2739 2555 2842 2610 hoc
2893 2555 3217 2615 deveniens.
3272 2554 3544 2610 medicum
3603 2555 3689 2609 in-

2106 2653 2414 2725 vestigabat
2445 2653 2538 2723 qui
2586 2653 2710 2722 plus
2764 2649 2994 2705 medicis
3027 2656 3235 2719 posset,
3266 2648 3472 2718 quique
3511 2647 3688 2702 medi-

2105 2762 2295 2803 corum
2335 2745 2562 2801 haberet
2598 2744 2865 2808 animum,
2894 2743 2987 2812 qui
3022 2741 3272 2810 pecuniis
3312 2756 3418 2796 non
3468 2746 3685 2811 egeret;

2104 2848 2162 2895 et
2187 2854 2297 2894 non
2323 2838 2500 2894 solum
2531 2836 2657 2901 hoc,
2685 2836 2778 2891 sed
2806 2843 2859 2889 et
2884 2834 2978 2905 qui
3008 2832 3284 2887 inﬁrmum
3312 2831 3501 2887 aleret.
3531 2830 3685 2898 Quod
3768 2883 3775 2889 ,

2105 2931 2411 2988 studiosius
2464 2931 2788 3001 requirens.
2858 2927 3161 2984 secundum
3220 2924 3425 2995 reperit
3478 2925 3688 2980 salma-

2106 3040 2166 3080 re
2201 3024 2316 3096 (55)
2361 3024 2718 3088 vaticinium;
2749 3030 2796 3074 et
2852 3020 3080 3091 pulsans
3112 3020 3429 3084 instantius,
3483 3020 3686 3071 ostium

2109 3126 2360 3189 apertum
2393 3116 2624 3186 adeptus
2651 3122 2758 3169 est.
2791 3114 2994 3184 Cyrum
3064 3125 3301 3181 namque
3354 3126 3462 3164 non
3529 3110 3683 3176 longe

2108 3220 2273 3282 atque
2303 3209 2592 3269 Joannem,
2623 3206 2673 3261 id
2702 3214 2787 3261 est
2810 3203 3159 3259 Alexandriae
3190 3202 3495 3259 consistere
3513 3201 3687 3262 audit,

2107 3304 2300 3375 quales
2324 3300 2574 3356 invenire
2605 3297 2766 3364 vellet
2797 3306 2851 3352 et
2892 3302 3139 3367 cuperet,
3171 3296 3378 3365 quique
3430 3292 3548 3349 suis
3608 3292 3691 3347 lo-

2105 3407 2229 3453 rent
2258 3396 2459 3452 virtute
2489 3393 2852 3465 languoribus
2883 3390 3159 3446 fortiores.
3204 3391 3271 3443 Et
3296 3388 3400 3444 hoc
3433 3388 3688 3444 ediscens

2104 3490 2216 3545 imo
2268 3478 2538 3550 credens,
2601 3486 2863 3556 quoniam
2918 3483 2971 3537 id
3005 3482 3121 3554 jam
3151 3498 3215 3536 ex
3254 3480 3686 3548 lama‘noverai,

2104 3578 2171 3633 ad
2221 3588 2445 3634 sanetos
2509 3576 2766 3630 celeriter
2822 3571 2994 3639 venit,
3051 3569 3371 3625 deﬁnitione
3421 3569 3687 3623 immobili

2103 3671 2306 3742 posita,
2337 3684 2446 3724 non
2493 3684 2553 3722 se
2586 3668 2966 3737 ingressurum
3019 3677 3208 3718 eorum
3265 3660 3483 3717 celebre
3550 3668 3678 3713 tem-

2103 3763 2277 3835 plum,
2311 3762 2412 3817 nisi
2446 3762 2596 3823 prius
2639 3760 2815 3813 lucem
2847 3755 3100 3820 vidisset,
3136 3762 3191 3808 et
3221 3755 3521 3809 erecitatem
3554 3768 3689 3805 ocu-

2104 3855 2284 3909 lorum
2318 3852 2689 3921 deposuisset.
2732 3850 2800 3905 Et
2829 3847 3109 3918 propriam
3163 3845 3532 3902 deﬁuilimiem
3569 3858 3689 3914 post

2105 3961 2215 4001 non
2247 3942 2581 3998 mediocrem
2636 3939 3021 4021 probationem
3066 3937 3335 4008 implevit,
3385 3934 3575 3991 Juravi
3634 3946 3688 3989 et

2104 4036 2294 4103 statui,
2328 4035 2531 4105 saepius
2579 4033 2794 4096 dicens,
2829 4039 2884 4086 et
2914 4046 3037 4102 qua:
3098 4029 3405 4100 procedunt
3460 4045 3555 4099 per
3606 4030 3688 4082 la-
3742 4092 3745 4093 ν

2103 4127 2191 4181 bia
2231 4139 2351 4178 mea
2393 4139 2497 4177 non
2536 4122 2734 4175 faciam
2769 4120 2946 4186 irrita,
2988 4134 3113 4175 cum
3174 4116 3531 4188 Melograpbo
3573 4117 3686 4171 cla-

2105 4231 2287 4271 mans.
2345 4213 2463 4267 Pra:
2514 4213 2729 4267 foribus
2782 4211 2927 4265 enim
2993 4208 3179 4278 templi
3242 4207 3491 4269 sedebat,
3540 4207 3687 4277 jdce—
3769 4231 3772 4234 ’

2106 4308 2217 4370 bat.
2255 4305 2648 4365 manducabat,
2689 4309 2743 4356 et
2772 4300 3102 4363 dormiebat,
3164 4310 3410 4370 tempore
3463 4298 3682 4369 quidem

2103 4399 2312 4455 aestatis
2350 4396 2603 4454 adustus.
2665 4400 2914 4461 tempore
2981 4402 3164 4447 autem
3223 4392 3421 4446 hiemis
3480 4406 3680 4460 conge-

2108 4494 2291 4558 latus;
2367 4499 2421 4545 et
2508 4488 2669 4543 modo
2742 4486 2967 4558 quidem
3047 4486 3408 4541 validioribus
3490 4484 3680 4559 imbri-

2025 4580 2070 4637 ο
2104 4590 2205 4643 bus
2236 4585 2570 4654 complutos,
2615 4582 2777 4636 modo
2812 4589 2996 4635 autem
3053 4580 3471 4636 vehementibus
3514 4579 3681 4634 radiis

2803 4680 2858 4728 et
2917 4681 3081 4727 noctu
3134 4672 3321 4726 lunam
3390 4672 3681 4728 exsolven-

2174 4862 2379 4916 Taliter
2411 4867 2594 4913 autem
2629 4872 2804 4912 annos
2834 4864 2958 4911 octo
3001 4857 3104 4912 sub
3159 4857 3288 4913 divo
3345 4859 3675 4935 transigcns-

2102 4964 2154 5011 et
2196 4954 2470 5025 propriam
2504 4967 2611 5005 non
2643 4965 2911 5018 spernens
2935 4950 3286 5032 sententiam,
3318 4966 3496 5021 neque
3529 4950 3679 5020 dein-

2101 5062 2231 5118 ceps
2284 5060 2343 5101 se
2401 5043 2613 5098 irritam
2672 5042 2946 5096 facturum
2998 5052 3342 5111 exspectans,
3409 5049 3499 5094 aut
3552 5040 3679 5094 inde

2104 5136 2377 5190 facturum
2406 5135 2638 5193 exitum,
2676 5132 2840 5186 etiam
2885 5132 2930 5185 si
2965 5146 3142 5202 usque
3199 5133 3264 5185 ad
3302 5139 3532 5185 mortem
3566 5146 3676 5183 ea»

2102 5243 2202 5283 cus
2232 5226 2374 5281 foret
2424 5225 2763 5296 probandus.
2818 5221 2977 5279 Unde
3014 5224 3270 5277 laudibus
3296 5221 3516 5291 quidem
3570 5232 3678 5275 tam

2101 5320 2410 5377 constantis
2438 5319 2602 5373 animi
2638 5326 2692 5370 et
2720 5317 2934 5372 stabilis
2962 5317 3156 5385 judicii
3191 5315 3332 5387 apud
3367 5328 3559 5377 omnes
3587 5314 3678 5383 qui

2099 5420 2366 5467 noverant
2402 5409 2802 5467 decernebatur
2834 5406 2931 5481 [ex
2966 5407 3117 5480 Gn],
3176 5418 3231 5462 et
3277 5405 3420 5477 apud
3475 5416 3680 5473 marty-

2102 5521 2192 5560 res
2249 5504 2414 5559 etiam
2470 5501 2711 5573 perfecta
2777 5502 3014 5555 sanitate
3053 5501 3251 5571 dignus
3304 5501 3677 5570 jndicabatur.

2101 5596 2441 5652 Assistentes
2472 5609 2603 5664 ergo
2630 5593 2676 5647 ei
2698 5600 2859 5646 noctu
2888 5592 3203 5657 dormienti,
3233 5595 3520 5648 sanitatem
3547 5609 3682 5664 prr-

1932 5691 2164 5747 NOTAE.

518 5770 630 5844 ('65)
668 5772 1033 5835 llcllrnismns
1067 5795 1167 5850 pro
1196 5779 1517 5837 Saluatoris.
