4060 6236
424 313 564 377 3663
1395 317 1812 383 ΞΟῘἮΒΟΝΙΙ
1834 320 1976 382 ΡᾹΤ

2082 318 2339 393 ARCHE
2402 317 2803 380 HIEROSOL.
3530 317 3670 382 3664

402 427 573 490 bent,
609 435 663 484 ct
698 429 877 483 videre
931 429 1154 494 donant,
1208 431 1388 487 verbis
1442 434 1543 486 hoc
1596 431 1874 502 iubentes.
1932 437 1978 483 et

2089 423 2245 478 τοῦτο
2280 423 2656 488 κελεύσαντες,
2691 425 2787 476 καὶ
2805 423 2913 476 τῶν
2940 422 3202 496 ὀμμάτων
3234 423 3503 496 ἁψάμενοι
3524 466 3537 491 ,
3565 427 3661 478 καὶ

421 517 609 570 orulos
636 526 935 588 tangentes,
968 517 1021 575 ét
1057 536 1163 577 non
1213 521 1669 579 medicaminibus
1712 522 1792 577 uti
1851 533 1978 589 prae-

2094 517 2408 588 φαρμάκοις
2440 517 2501 570 ού
2533 516 3001 589 παραγγείλαντες
3048 516 3378 589 χρήσασθαι.
3402 516 3526 581 Πῶς
3555 516 3666 589 δὲῆ

421 607 710 674 eipientes.
765 608 1010 674 Qualiter
1039 619 1220 665 tamen
1246 612 1324 667 vel
1377 615 1653 683 quOunbdo
1684 611 1978 683 aperiente:

2093 608 2236 680 ποίῳ
2266 610 2453 679 τρόπῳ
2476 609 2601 672 τοὺς
2627 607 2940 679 ὀφθαλμοὺς
2966 609 3276 673 ἀνοίξαντες
3310 608 3669 679 ἐκκαθαίρου-

419 701 610 753 oculos
639 708 962 770 expurgant,
1023 717 1368 773 nequaquam
1398 703 1708 759 didicimus.
1743 701 1988 774 Surgens

420 790 563 841 enim
603 798 722 859 post
750 794 1020 848 somnium
1059 809 1088 849 e
1117 801 1312 862 strato,
1341 793 1531 851 eadem
1564 795 1838 850 mediante
1891 809 1989 849 no-

423 893 507 938 ete
554 883 820 953 sinopidis
860 895 1085 956 accepto
1122 888 1328 954 colore,
1386 888 1477 959 qui
1529 886 1761 942 ﬂammae
1794 887 1989 943 similis

421 981 522 1033 est.
562 975 675 1030 haec
711 978 763 1031 in
797 978 1004 1047 pariete
1030 979 1122 1049 qui
1149 986 1234 1035 est
1259 988 1385 1035 ante
1412 987 1622 1050 portam
1658 977 1841 1049 templi
1896 978 1987 1032 ubi

420 1076 469 1118 et
496 1066 709 1135 jacebat
732 1068 1047 1139 descripsit.
1093 1089 1113 1124 ι
1154 1070 1264 1143 Ego
1311 1070 1550 1127 Joannes
1585 1072 1835 1126 maximae
1889 1085 1986 1124 ur-

423 1158 504 1211 nis
530 1157 715 1214 Romze
748 1159 1035 1223 oriundus,
1084 1172 1208 1216 ctIm
1250 1154 1346 1231 per
1394 1169 1519 1217 octo
1580 1176 1756 1216 annos
1808 1174 1986 1215 cmeus

421 1248 666 1315 fuissem,
704 1252 792 1307 liic
825 1269 919 1323 per
948 1260 1261 1308 sanctorum
1294 1253 1419 1325 Cyri
1451 1261 1503 1309 et
1532 1250 1760 1308 Joannis
1816 1251 1988 1305 virtu-

421 1347 527 1390 tmu
571 1340 968 1408 perseverando
999 1340 1178 1397 visum
1228 1342 1404 1412 recepi
1446 1359 1491 1395 ι.
1551 1339 1616 1395 Ει
1661 1340 1849 1395 colore
1900 1339 1986 1395 liis

417 1431 678 1497 maratis,
735 1431 1127 1502 ingressusque
1177 1431 1368 1488 videns
1414 1433 1467 1494 in
1518 1433 1781 1501 templum
1842 1430 1983 1485 sicut

423 1518 765 1586 promiserat,
795 1530 846 1576 et
881 1521 1134 1590 precibus
1163 1520 1425 1590 impensis
1442 1521 1781 1591 martyribus
1805 1518 1985 1589 prius-

422 1627 583 1679 quam
640 1626 802 1682 super
852 1622 1051 1668 terram
1101 1614 1184 1668 sol
1225 1613 1402 1678 ﬁeret,
1432 1621 1484 1669 et
1534 1628 1629 1669 eos
1676 1613 1768 1683 qui
1821 1626 1985 1678 super

422 1712 620 1758 terrain
639 1713 798 1760 erant
820 1704 989 1760 radiis
1012 1705 1331 1773 illustraret,
1352 1705 1507 1761 lactus
1532 1705 1831 1776 discessit;
1867 1718 1982 1758 me-

421 1796 643 1849 muriale
674 1796 906 1866 propria:
935 1796 1344 1861 benevolentiae,
1389 1806 1800 1869 martyrumque
1854 1811 1981 1865 gra-

417 1887 505 1939 tiae
537 1887 1014 1956 prmdieameutum
1064 1887 1277 1944 litteras
1306 1904 1442 1959 quas
1490 1887 1604 1944 ﬁxit
1663 1890 1716 1943 in
1777 1889 1983 1959 pariete

416 1980 821 2051 derelinquens.
856 1978 1028 2035 Porro
1091 1996 1193 2037 nos
1259 1980 1424 2051 hujus
1472 1980 1849 2051 redemptione
1896 1980 1980 2034 vi-

417 2085 511 2125 sus
561 2071 773 2137 edicta,
838 2076 891 2125 et
936 2070 1150 2124 cantico
1205 2071 1416 2125 sanctis
1471 2084 1571 2140 pro
1626 2069 1726 2124 hac
1783 2068 1977 2133 relato,

416 2162 480 2215 ad
534 2175 632 2216 nos
689 2161 839 2231 ipsos
890 2162 1161 2216 calamum
1212 2168 1620 2224 convertamus,
1677 2169 1731 2215 et
1785 2159 1978 2214 oculo-

417 2268 531 2306 rum
564 2252 993 2307 incolumitatem
1033 2261 1346 2307 nostrorum
1378 2251 1704 2312 scribamus.
1739 2248 1975 2304 novissi-

414 2346 660 2402 mos'nos
689 2346 830 2403 inter
860 2345 1123 2401 miracula
1152 2359 1269 2414 quae
1299 2344 1500 2414 scripta
1528 2351 1657 2397 sunt
1690 2342 1974 2398 facientes.

414 2457 573 2514 LXX.
608 2458 685 2514 De
737 2457 1030 2527 Sophronia
1074 2455 1364 2528 monacho,
1412 2457 1504 2528 qui
1562 2454 1673 2511 lucc
1729 2454 1975 2523 scripsit,

1009 2527 1187 2582 oculos
1231 2543 1411 2597 passo.

483 2642 675 2714 Magna
700 2650 757 2700 et
782 2641 929 2700 clara
957 2651 1042 2699 est
1091 2641 1212 2714 ejus
1239 2642 1332 2713 qui
1359 2656 1389 2696 a
1420 2640 1689 2697 daemonio
1739 2640 1978 2696 vexaba-

412 2749 498 2791 tur
521 2735 758 2802 devotio,
789 2736 880 2805 qui
926 2745 1052 2790 ante
1105 2742 1336 2789 mortem
1385 2731 1663 2787 habitabat
1701 2730 1756 2784 in
1792 2745 1980 2785 monu-

413 2829 631 2896 mentis,
661 2830 806 2884 sicut
845 2828 1089 2883 divinum
1126 2828 1177 2882 ei
1206 2826 1482 2898 eloquium
1512 2825 1759 2895 perhibet
1820 2823 1975 2878 testi.

413 2905 677 2974 monium.
717 2917 761 2973 Α
809 2915 1095 2973 Salvatore
1144 2916 1345 2988 quippe
1391 2916 1493 2972 iste
1548 2916 1641 2986 qui
1687 2915 1976 2969 sanitatem

412 3010 725 3077 recepisset,
757 3015 811 3063 et
847 3008 1052 3079 fugeret
1078 3007 1355 3064 daemonas
1389 3007 1482 3078 qui
1523 3006 1577 3061 in
1605 3020 1665 3062 se
1706 3006 1825 3061 sine
1857 3018 1983 3074 par-

2094 718 2199 767 σιν,
2248 701 2346 754 οὐκ
2394 701 2689 771 ἐμάθομεν.
2729 700 2995 764 Ἀναστὰς
3032 701 3143 772 γάρ
3206 700 3327 771 μεθ’
3359 699 3526 753 ὕπνον
3570 698 3666 752 τοῦ

2091 792 2436 865 στρώματος,
2465 795 2585 848 κατ’
2611 793 2744 847 αὐτὸ
2769 794 2866 864 τῆς
2898 793 3090 857 νυκτὸς
3118 794 3180 847 τὸ
3210 793 3532 863 μεσότατον,
3564 793 3659 846 καί

2089 885 2270 940 λαϐὼν
2301 887 2592 941 σινοπίδιον
2624 886 2842 957 (χρῶμα
2869 886 3025 940 τοῦτο
3056 885 3214 955 φλογί
3235 883 3660 955 παραπλήσιον),

2088 977 2261 1031 ταῦτα
2290 976 2369 1047 τῷ
2421 978 2585 1048 τοίχῳ
2633 977 2711 1047 τῷ
2740 977 2845 1048 πρὸ
2886 977 2988 1046 τῆς
3048 977 3221 1047 πύλης
3257 975 3351 1029 τοῦ
3400 976 3662 1046 τεμένους

2087 1066 2218 1137 ἔνθα
2260 1068 2545 1123 κατέκειτο
2582 1069 2860 1141 γέγραφεν
2882 1084 2897 1098 ο
2933 1086 2951 1121 ι
3001 1067 3141 1137 Ἐγὼ
3174 1068 3424 1138 Ἰωάννης
3454 1066 3663 1128 πόλεως

2085 1159 2185 1227 τῆς
2221 1158 2439 1230 Ῥώμης
2465 1157 2810 1230 ὁρμώμενος,
2841 1160 3041 1228 τυφλὸς
3071 1160 3215 1213 ὀκτὼ
3254 1163 3478 1231 χρόνους
3507 1158 3661 1226 γενό-

2092 1264 2272 1317 μενος,
2302 1247 2487 1302 ἐνθάδε
2522 1248 2611 1301 διὰ
2653 1248 2749 1319 τῆς
2777 1249 2885 1302 τῶν
2920 1248 3090 1317 ἁγίων
3125 1248 3308 1317 Κύρου
3339 1247 3437 1300 καὶ
3474 1246 3656 1300 Ἰωάν-

2087 1356 2178 1391 νου
2198 1338 2482 1410 δυνάμεως
2514 1338 3010 1411 προσκαρτερήσας
3032 1337 3300 1408 ἀνέσλεψα
3328 1336 3462 1408 (56).
3500 1354 3520 1389 ι
3551 1337 3659 1400 Καὶ

2086 1430 2257 1485 ταῦτα
2283 1429 2530 1500 χαράξας
2554 1427 2632 1497 τῷ
2656 1428 2929 1500 χρώματι,
2965 1425 3218 1481 εἰσελθών
3244 1443 3304 1480 τε
3345 1425 3556 1496 βλέπων
3578 1425 3658 1485 είς

2084 1523 2176 1576 τὸν
2207 1520 2343 1575 νεὼν
2384 1521 2459 1585 ὡς
2488 1521 2761 1587 συνέθετο,
2794 1520 2889 1575 καὶ
2916 1521 3017 1584 τὰς
3047 1519 3198 1582 λιτὰς
3234 1517 3518 1581 ἀνατείνας
3543 1519 3657 1578 τοῖς

2089 1615 2378 1686 μάρτυσιν,
2421 1613 2550 1682 πρὶν
2600 1612 2742 1684 ὑπὲρ
2785 1612 2889 1681 γῆν
2916 1609 3075 1682 ἥλιος
3114 1610 3365 1681 γένηται,
3396 1610 3489 1663 καὶ
3530 1609 3655 1672 τοὺς

2086 1706 2178 1758 ἐπὶ
2199 1705 2303 1774 γῆς
2331 1706 2449 1767 ταῖς
2479 1704 2660 1757 ἀκτῖσι
2700 1702 3062 1774 φαιδρύνειεν,
3087 1701 3297 1756 ἐκεῖθεν
3326 1701 3531 1764 πιστῶς
3564 1700 3659 1754 ἀν-

2084 1794 2352 1867 εχώρησε,
2390 1794 2489 1864 τῆς
2512 1793 2719 1857 οἰκείας
2754 1792 2967 1857 εὐνοίας
2998 1793 3344 1865 μνημόσυνον
3383 1792 3477 1845 καὶ
3519 1807 3657 1861 μαρ-

2082 1888 2314 1960 τυρνικῆς
2343 1887 2565 1957 χάριτος
2593 1887 2813 1957 κήρυκα
2836 1884 2898 1939 τὸ
2920 1887 2978 1938 έν
3016 1885 3181 1956 τοίχῳ
3209 1885 3446 1957 γράμμα
3476 1881 3655 1954 πηξά-

2084 1994 2265 2049 μενος.
2300 1978 2490 2049 Ἡμεῖς
2504 1977 2560 2030 δὲ
2584 1979 2775 2031 τούτου
2795 1978 2897 2047 τὴν
2924 1977 3221 2047 ἀνάϐλεψιν
3243 1978 3534 2048 φήσαντες,
3558 1975 3655 2029 καὶ

2079 2070 2181 2140 τὴν
2214 2068 2352 2141 ὑπὲρ
2399 2067 2603 2137 ταύτης
2651 2068 2793 2140 ᾠδὴν
2819 2071 2933 2134 τοῖς
2981 2069 3158 2137 ἀγίοις
3206 2068 3532 2138 ἀνάψαντες,
3568 2068 3656 2135 ἐφ’

2081 2160 2307 2223 ἑαυτοὺς
2348 2160 2438 2213 τὸν
2467 2160 2714 2229 κάλαμον
2749 2159 3090 2230 στρέψωμεν,
3125 2160 3216 2214 καὶ
3254 2160 3355 2230 τὴν
3380 2158 3491 2212 τῶν
3516 2162 3657 2229 ἡμε-

2079 2250 2253 2314 τέςων
2283 2251 2547 2321 ὀμμάτων
2571 2252 2738 2323 ρῶσιν
2766 2250 3116 2324 χαράξωμεν,
3140 2251 3656 2322 τελευταίαν-αὑτὴν

2078 2342 2187 2396 τῶν
2218 2344 2538 2416 γραφέντων
2574 2343 2871 2415 θαυμάτων
2898 2343 3241 2413 ποιούμενοι.

2079 2468 2158 2523 0'.
2213 2472 2352 2537 Περί
2382 2469 2724 2540 Σωφρονίου
2745 2468 3017 2539 μοναχοῦ
3043 2466 3653 2540 τοῦγσυγφάψαντος,

2254 2539 2551 2607 παθόντος
2587 2539 2727 2606 τοὺς
2761 2539 3109 2609 ὀφθαλμοὺς
3142 2539 3497 2609 ἐπιχύσεως.

2149 2652 2374 2722 Μεγάλη
2406 2650 2501 2703 καὶ
2540 2648 2772 2720 λαμπρά
2806 2648 2901 2707 τοῦ
2949 2647 3313 2719 δαιμονῶντας
3361 2648 3395 2713 ἡ
3442 2646 3651 2712 εὔνοια,

2078 2744 2172 2799 τοῦ
2207 2742 2314 2814 πρὸ
2344 2741 2599 2809 τελευτῆς
2622 2740 2898 2803 οἰκοῦντος
2921 2740 2988 2793 τὰ
3015 2740 3299 2811 μνήματα,
3320 2740 3396 2804 ὼς
3418 2740 3479 2794 τὸ
3508 2739 3654 2794 θεῖον

2084 2837 2235 2907 αὐτῷ
2269 2832 2668 2906 μεμαρτύρηκε
2707 2832 2910 2901 λόγιον.
2948 2833 3090 2903 Πρὸς
3138 2835 3233 2886 τοῦ
3264 2833 3515 2905 Σωτῆρος
3545 2834 3654 2904 γὰρ

2079 2924 2233 2993 οὗτος
2261 2927 2362 2997 τὴν
2395 2926 2561 2997 ρὦιν
2588 2923 2904 2995 δεξάμενος,
2929 2925 3020 2978 καὶ
3048 2924 3235 2995 φυγὼν
3266 2924 3393 2987 τοὺς
3420 2925 3655 2993 ἀφειδῶς

2080 3017 2243 3073 αὐτὸν
2293 3015 2731 3086 ἐκϐακχεύοντας
2770 3016 3032 3086 δαίμονας
3081 3018 3341 3089 (λεγεῶνα
3385 3019 3493 3089 γὰρ
3528 3017 3653 3087 ἔσχε

410 3103 574 3154 citate
606 3098 971 3166 iusaniebant,
1019 3098 1283 3169 legionem
1320 3097 1573 3162 habebat,
1604 3112 1726 3167 qua:
1779 3096 1975 3150 multo-

2082 3112 2292 3167 πολλῶν
2339 3109 2634 3178 δαιμονίων
2680 3113 3048 3182 πονηρότατον
3070 3110 3386 3183 ἄθροισμα),
3416 3110 3652 3183 Χριστοῦ

412 3207 530 3244 rum
563 3196 679 3244 erat
713 3188 1104 3244 daemoniorum
1140 3198 1356 3244 caterva
1384 3188 1740 3259 nequissima,
1770 3186 1976 3243 Christi

412 3284 502 3352 qui
535 3297 594 3337 se
629 3282 935 3337 salvaverat
970 3280 1084 3338 ﬁeri
1112 3268 1326 3338 volebat
1369 3280 1719 3352 pedisequus,
1768 3291 1823 3335 et
1869 3295 1975 3334 non

411 3376 600 3431 valens
631 3375 730 3428 hoc
759 3374 919 3430 modo
969 3373 1403 3430 benevolentiam
1440 3389 1605 3445 quam
1634 3388 1762 3443 erga
1821 3373 1975 3427 illum

410 3466 646 3521 habebat
675 3465 998 3532 ostendere;
1032 3466 1425 3536 deprecabatur
1455 3466 1625 3535 enim,
1664 3467 1867 3537 inquit,
1913 3464 1979 3519 il-

414 3562 523 3612 lum
559 3559 651 3629 qui
684 3575 714 3614 a
747 3558 1018 3614 daemonio
1056 3568 1283 3615 vexatus
1331 3558 1529 3625 fuerat,
1565 3570 1624 3614 ut
1649 3569 1795 3615 esset
1851 3574 1975 3612 cum

415 3652 525 3711 illo.
558 3649 718 3706 Jesns
750 3659 931 3706 autem
959 3664 1068 3705 non
1104 3651 1325 3706 admisit
1372 3665 1517 3716 eum,
1550 3651 1643 3708 sed
1699 3651 1777 3707 ire
1810 3651 1979 3722 Jussit

412 3754 465 3798 et
503 3745 618 3798 suis
644 3742 970 3799 annuntiare
1008 3743 1062 3799 in
1089 3758 1148 3799 se
1176 3743 1472 3800 salutarem
1508 3742 1703 3798 factam
1762 3742 1981 3798 miseri-

414 3835 655 3890 cordiam
684 3851 699 3900 ;
734 3837 1058 3907 praedicator
1089 3835 1279 3891 abiens
1325 3835 1553 3906 impiger
1574 3842 1631 3891 et
1687 3835 1981 3891 munificus

414 3930 467 3983 in
501 3927 757 4000 Decapoli
808 3928 1110 3985 Salvatoris
1138 3927 1365 3984 cﬂ‘eetns
1403 3937 1510 3995 est,
1572 3927 1981 4000 ingratitudinis

412 4036 535 4076 esse
573 4023 853 4091 proprium
887 4021 1208 4086 arbitratus,
1240 4021 1287 4076 si
1334 4022 1450 4077 suis
1504 4030 1713 4076 tantum
1752 4022 1976 4077 benefa-

413 4120 642 4175 ctoreni,
673 4120 860 4167 etnon
888 4112 1140 4170 omnibus
1168 4112 1259 4183 qui
1307 4110 1452 4168 hunc
1502 4113 1776 4168 inﬁrmum
1834 4114 1984 4169 vide-

414 4212 558 4266 rant,
583 4204 924 4273 prredicaret.

482 4295 826 4364 QuaprOpter
854 4310 1013 4351 nemo
1043 4310 1142 4351 nos
1170 4297 1405 4367 querelis
1438 4300 1762 4364 submittat,
1794 4300 1839 4356 si
1876 4298 1981 4355 bu-

405 4386 497 4451 jus
550 4387 852 4443 imitatores
913 4401 1035 4443 esse
1090 4388 1445 4458 voluerimus,
1488 4390 1572 4447 vel
1647 4390 1849 4464 Cyrum
1917 4408 1980 4447 ac

350 4538 381 4569 Χ
411 4476 673 4532 Joannem
707 4475 1078 4533 bencl‘actores
1106 4488 1328 4536 nostros
1377 4492 1500 4551 post
1554 4481 1719 4537 Deum
1773 4483 1972 4552 praedi-

370 4567 739 4631 ‘mverimns,
781 4567 1078 4639 gratiaeque
1154 4568 1502 4627 donationem
1552 4572 1653 4629 hac
1695 4575 1973 4642 scriptura

372 4652 885 4729 ':ioscripseritnus.
941 4658 1076 4725 Nam
1130 4678 1289 4719 nemo
1323 4680 1563 4735 unquam
1624 4666 1977 4736 reprehendit

410 4752 707 4818 leprosum,
731 4765 891 4821 quem
914 4765 945 4806 a
980 4752 1125 4823 lepra
1159 4752 1414 4811 Christus
1439 4756 1742 4822 mundavit,
1774 4758 1976 4828 quique

414 4841 616 4896 nemini
642 4843 936 4915 quidquam
972 4845 1152 4902 dicere
1176 4847 1241 4903 de
1271 4849 1556 4903 curatione
1602 4850 1830 4913 audivit,
1876 4850 1975 4907 sed

412 4934 458 4986 is
490 4942 697 4987 tantum
729 4932 931 4990 donum
957 4935 1108 5007 juxta
1171 4936 1390 5008 Moysen
1446 4937 1627 4993 oﬂ'crrl
1670 4949 1974 5011 praeceptus

408 5023 613 5096 ubique
640 5023 927 5081 Dominum
994 5028 1297 5098 praedicans
1355 5030 1650 5095 enarravit,
1689 5034 1973 5103 purgatio-

410 5131 644 5187 nenique
666 5132 820 5173 suam
840 5117 1164 5182 diﬂ‘amavit,
1195 5120 1289 5176 sed
1318 5127 1371 5175 et
1393 5129 1576 5176 tacere
1600 5137 1825 5192 prorsus
1873 5138 1971 5178 no-

410 5208 531 5262 luit.
569 5206 715 5274 Quos
745 5215 799 5266 et
821 5225 922 5265 nos
948 5207 1020 5265 ob
1048 5210 1391 5266 devotionem
1428 5214 1769 5275 aemulantes.
1808 5230 1973 5270 cura-

407 5302 612 5357 tionem
647 5318 756 5358 non
810 5301 1232 5371 occultabimus,
1290 5306 1383 5360 sed
1420 5307 1713 5363 eﬂicicmur
1754 5319 1971 5365 sancto-

2078 3206 2172 3258 τοῦ
2220 3204 2524 3265 σεσωκότος
2580 3203 2779 3267 ὀπαδὸς
2826 3202 3087 3273 ἠϐούλετο
3127 3205 3405 3275 γίνεσθαι·
3432 3204 3526 3258 καὶ
3576 3203 3653 3273 μὴ

2078 3294 2325 3365 δυνηθεὶς
2359 3293 2532 3364 ταύτῃ
2555 3293 2653 3363 τὴν
2676 3293 2813 3366 πρὸς
2832 3294 2997 3348 αὐτὸν
3022 3292 3236 3349 εὖνοιαν
3278 3292 3648 3361 ἐπιδείξασθαι

2083 3386 2412 3459 (παρεκάλει
2441 3386 2549 3456 γὰρ
2584 3385 2743 3438 αὑτὸν
2766 3387 2794 3438 ό
2826 3385 3208 3457 δαιμονισθεὶς,
3249 3386 3316 3439 ἵν’
3411 3386 3526 3457 μετ’
3552 3385 3654 3438 αύ-

2077 3478 2202 3534 τοῦο
2236 3479 2264 3530 ὁ
2305 3478 2360 3530 δὲ
2398 3474 2601 3547 Ἰησοῦς
2641 3476 2742 3530 οὐκ
2775 3476 2986 3547 ἀφῆκεν
3030 3476 3244 3546 αὐτόν)’
3278 3475 3394 3530 ἀλλ’
3436 3477 3654 3531 ἀπιέναι

2079 3562 2413 3629 κελευσθεὶς,
2451 3564 2545 3617 καὶ
2584 3566 2698 3625 τοῖς
2753 3563 2975 3627 οἰκείοις
3008 3564 3371 3633 ἀπαγγέλλειν
3420 3563 3512 3619 τδν
3567 3564 3654 3617 ἐπ’

2080 3654 2227 3724 αὖτῷ
2277 3656 2542 3724 σωτήριον
2584 3653 2751 3720 ἔλεον,
2800 3653 2980 3725 κήρυξ
3025 3654 3277 3710 ἀπελθὼν
3321 3656 3513 3721 ἄοκνος
3561 3658 3654 3710 καὶ

2081 3746 2361 3816 φιλότιμος
2405 3748 2462 3798 ὲν
2500 3747 2567 3817 τῇ
2616 3745 2917 3798 Δεκαπόλει
2956 3739 3064 3800 ’τοῦ
3110 3746 3361 3819 Σωτῆρος
3413 3747 3651 3816 ἐγένετο,

2079 3834 2473 3907 ἀγνωμοσύνης
2520 3835 2648 3890 ἴδιον
2688 3834 3071 3904 λογισάμενος,
3107 3834 3157 3889 εἰ
3205 3836 3388 3907 μόνοις
3430 3838 3655 3901 οἰκείοις

2078 3925 2170 3979 τὸν
2194 3925 2510 3997 εὐεργέτην,
2538 3926 2631 3979 καὶ
2649 3924 2726 3997 μὴ
2743 3927 2911 3981 πᾶσιν
2947 3929 3060 3990 τοίς
3085 3927 3281 3981 εἰδόσιν
3306 3928 3468 3983 αὑτὸν
3495 3927 3656 3983 ἀσθε-

2080 4016 2278 4071 νοῦντα
2315 4017 2627 4088 κηρύξειεν.

2155 4304 2247 4358 Διὸ
2281 4302 2473 4375 μηδεὶς
2503 4303 2651 4375 ἡμᾶς
2683 4302 2927 4375 βαλλέτω
2965 4306 3085 4370 ταῖς
3118 4305 3412 4377 μέμψεσιν,
3442 4306 3491 4361 εί
3526 4307 3654 4362 τού-

2084 4413 2178 4450 του
2226 4396 2465 4465 μιμηταὶ
2515 4394 2773 4463 γενέσθαι
2811 4395 3166 4467 θελήσαιμεν,
3217 4399 3312 4451 καί¹
3356 4398 3483 4477 τοὺς
3519 4398 3656 4467 μετά

2085 4489 2215 4543 Θεὸν
2250 4488 2404 4560 ἡμῶν
2432 4487 2727 4557 εὐεργέτας
2765 4488 2947 4561 Κῦρον
2979 4490 3073 4544 κα)⁸
3106 4490 3359 4561 Ἰωάννην
3390 4491 3657 4563 κηρύξαι-

2088 4598 2209 4651 μεν,
2244 4581 2337 4633 καὶ
2368 4578 2464 4650 τὴν
2496 4578 2705 4647 δωρεὰν
2738 4578 2818 4649 τῷ
2846 4579 3137 4651 γράμματι
3173 4581 3501 4652 γράψωμενο
3535 4581 3659 4635 ἐπεὶ

2086 4673 2310 4744 μηδέπω
2351 4689 2433 4734 τις
2465 4670 2556 4725 τὸν
2585 4670 2785 4742 λεπρδν
2824 4671 3188 4742 διεμέμψατο,
3223 4672 3284 4726 δν
3311 4673 3410 4743 τῆς
3448 4673 3656 4746 λέπρας

2081 4766 2110 4817 ὁ
2137 4762 2371 4834 Χριστὸς
2400 4761 2745 4833 ἐκαθάρισεν,
2782 4761 2947 4833 μηδὲν
2984 4761 3163 4830 λέγειν
3202 4762 3455 4834 περὶτῆς
3488 4763 3654 4834 θερα-

2083 4853 2243 4916 πείας
2283 4851 2611 4916 ἀκούσαντα,
2647 4852 2806 4922 μόνον
2842 4851 2899 4905 δὲ
2942 4853 3005 4906 τὸ
3032 4852 3206 4925 δῶρον
3234 4854 3377 4908 κατὰ
3406 4854 3465 4907 τὸ
3493 4855 3658 4908 Μωῡ-

2084 4944 2219 5007 σέως
2246 4943 2544 5013 προσάγειν
2594 4941 2898 5012 ἐπίταγμα,
2931 4942 3208 5014 πανταχοῦ
3254 4944 3346 4998 τὸν
3379 4945 3657 5015 Δεσπότην

2082 5036 2419 5107 κηρύξαντα,
2456 5034 2551 5088 καὶ
2600 5035 2701 5105 τὴν
2751 5034 2945 5089 ἑαυτοῦ
3003 5035 3311 5106 φημίζοντα
3364 5038 3652 5106 κάθαρσιν,

2081 5127 2174 5185 καὶ
2221 5127 2379 5196 σιγᾷν
2412 5114 2487 5189 ώς
2536 5126 2863 5180 κεκέλευστο
2914 5126 2990 5199 μὴ
3030 5127 3358 5196 θελήσαντα.
3396 5126 3504 5191 Οὓς
3559 5129 3655 5180 καὶ

2080 5221 2242 5291 ἡμεῖς
2275 5219 2342 5273 δι’
2375 5218 2801 5290 εὐγνωμοσύνην
2833 5219 3203 5288 ζηλώσαντες,
3233 5220 3331 5292 τὴν
3357 5219 3657 5292 θεραπείαν

2081 5314 2143 5367 οὐ
2193 5311 2513 5384 κρύψωμεν,
2560 5311 2695 5365 ἀλλά
2746 5313 3046 5383 γιγνόμεθα
3101 5314 3269 5382 ἁγίων
3313 5312 3654 5382 εὐγνώμονες

1912 5495 2144 5553 ΝΟΤιΕ.

478 5627 592 5695 (56)
609 5611 907 5710 Inscriptio
929 5630 1042 5685 hac
1064 5629 1677 5710 addaturutituloprimo
1700 5632 1964 5710 Christia-

405 5710 611 5768 narum
637 5702 1054 5768 inscriptionum
1081 5714 1111 5753 a
1147 5716 1231 5755 me
1266 5702 1393 5757 alibi
1436 5702 1703 5757 eilitarnm
1732 5720 1746 5768 ;
1806 5707 1963 5756 item-

406 5780 511 5835 que
531 5766 922 5841 epigrammata
938 5768 1080 5825 edita
1109 5785 1274 5842 supra
1303 5782 1423 5843 post
1446 5766 1749 5830 Sermonem
1775 5774 1827 5827 in
1852 5772 1971 5826 tau-

2069 5626 2187 5681 dem
2212 5625 2315 5682 SS.
2346 5626 2475 5697 Cyri
2505 5636 2553 5681 et
2582 5624 2807 5681 Joannis
2843 5624 3051 5698 (supra,
3079 5627 3181 5682 col.
3208 5625 3369 5697 εινι)
3404 5632 3653 5683 attentan-

2074 5724 2166 5771 tur
2197 5714 2427 5786 poetica:
2458 5714 2805 5786 antliologiae.
