4060 6236
418 314 559 383 3665

1405 302 1727 388 ss,"er
1765 322 1861 382 ET
1902 303 2675 385 ιῡΑΝΝιτξἨιῙιᾺεῐιιΑῐ

2188 303 2367 313 ...η-ει...

3529 257 3667 376 3660

412 430 675 502 κήρυκες,
706 430 801 485 καὶ
824 431 894 485 τά
931 431 1053 488 καθ’
1079 433 1307 502 ἑαυτοὺς
1346 438 1459 501 τοῖς
1494 435 1871 510 προλεχθεῖσιν
1901 435 1989 488 ἐπ-

2100 449 2216 489 rum
2256 434 2437 492 devoti
2462 447 2778 507 praecones;
2809 440 2864 489 et
2891 439 3079 489 nostra
3121 442 3350 501 qumque
3379 442 3500 482 cum
3530 405 3673 494 ιιι-θεέ

412 523 670 594 ἁγωμενο
720 524 813 579 καὶ
854 525 1090 596 Χριστὸν
1129 527 1285 582 αὐτοὶ
1322 529 1413 583 τὸν
1460 528 1669 583 ἑαυτῶν
1696 527 1991 597 παιδευτὴν

415 611 838 683 ἐκμιμούμενοι,
884 615 1079 687 μηδενὶ
1104 618 1272 688 μηδὲν
1305 620 1452 691 ἡμᾶς
1475 619 1654 689 λέγειν
1700 616 1957 674 ἐθέλωσιν
1976 633 1989 649 ·

412 702 741 774 λέξωμενδὲ
763 706 956 779 ὄνομα,
988 710 1083 764 καὶ
1105 709 1281 777 πόλιν,
1305 712 1399 765 καὶ
1430 712 1684 783 πατρίδα,
1715 712 1810 765 καὶ
1832 727 1994 780 φρον-

413 796 662 866 τιστήριο
675 817 715 864 ι,
751 797 874 854 ὅθεν
901 816 961 853 τε
987 798 1218 871 ἔφυμεν,
1252 802 1351 857 καὶ
1382 802 1493 874 ὅπη
1521 801 1658 856 Θεοῦ
1701 800 1993 871 βουληθέν-

413 903 504 951 τος
541 888 869 962 ἐτάχθημεν,
910 893 1004 947 καὶ
1031 894 1124 948 ἐπὶ
1147 894 1357 958 τούτοις
1379 894 1676 965 ὀφθαλμῶν
1701 894 1800 965 τὴν
1831 892 1993 948 ἀσθέ-

370 1015 379 1021 -
414 994 583 1046 νειαν,
615 982 710 1035 καὶ
749 982 850 1055 τὴν
881 983 1037 1040 θείαν
1089 986 1195 1041 τῶν
1230 986 1402 1056 ἁγίων
1443 986 1752 1057 ἐπίσκεψιν,
1787 986 1862 1050 ὡς
1902 983 1993 1038 ἐπὶ

412 1071 521 1125 τῶν
554 1073 936 1141 προλαϐόντων
982 1077 1316 1149 ἐδράσαμεν,
1361 1079 1544 1133 πλεῖον
1582 1078 1734 1132 οὐδὲν
1777 1079 1992 1141 ἑαυτοῖς

412 1162 782 1235 Χαριξόμενοι,
812 1168 950 1224 ἀλλά
996 1171 1090 1223 καὶ
1118 1169 1290 1225 ταῦτα
1327 1173 1712 1243 χαράττοντες,
1742 1171 1840 1242 τῆς
1883 1169 1992 1222 τῶν

413 1257 851 1333 ἐντυγχανόντων
877 1260 1132 1329 γνώσεως
1157 1264 1375 1319 ἑνεκεψ
1400 1256 1461 1318 οὗ
1491 1264 1548 1319 δὲ
1578 1264 1738 1336 χάριν
1767 1264 1988 1325 ἑαυτοὺς

411 1348 1075 1425 τελευταίουςιὲτάξαμεν,
1113 1353 1339 1428 ὕστερον
1376 1355 1643 1430 λέξωμεν,
1677 1338 1901 1410 ἐπειδὰν
1929 1355 1991 1409 τὸ

413 1440 586 1506 πάθος
614 1443 710 1496 καὶ
746 1442 846 1515 τὴν
876 1444 1020 1500 ἴασιν
1052 1446 1380 1519 γράψωμεν.

487 1624 643 1679 Ἔστι
680 1626 782 1696 μὲν
823 1626 994 1699 ὄνομα
1035 1628 1113 1701 τῷ
1141 1632 1444 1703 γεγραφότι
1477 1631 1801 1701 Σωφρόνιος,
1836 1629 1991 1694 πόλις

414 1716 702 1785 Δαμασκδς
730 1720 762 1789 ἡ
796 1721 1128 1792 μητρόπολις
1161 1723 1399 1793 (57-38),
1435 1723 1634 1794 πατρὶς
1663 1724 1697 1793 ἡ
1743 1721 1985 1791 Φοινίκη,

412 1811 513 1880 οὐχ
545 1813 577 1877 ἡ
607 1811 873 1883 παραλία,
899 1814 1015 1868 ἀλλ’
1048 1816 1082 1886 ἡ
1107 1816 1340 1869 Λιϐάνου
1371 1815 1466 1870 τοῦ
1494 1815 1653 1889 ὅρους
1680 1813 1987 1886 ἐπώνυμος,

412 1898 480 1973 ἦς
518 1902 632 1957 ἑστι
665 1907 959 1976 Δαμασκδς
993 1909 1027 1979 ἡ
1057 1909 1262 1981 ἀρχαία
1309 1909 1643 1981 μητρόπολις
1666 1925 1680 1940 °
1718 1909 1779 1962 τὺ
1807 1908 1863 1962 δὲ
1892 1925 1989 1979 μο-

414 1997 707 2068 ναστήριον
733 1997 871 2069 ὅπερ
892 1999 921 2052 ὁ
947 2000 1091 2072 ίερδς
1114 2000 1413 2068 Θεοδόσιος,
1438 2002 1466 2054 ὁ
1496 2003 1717 2055 πάντων
1739 1999 1847 2053 τῶν
1873 2001 1988 2054 Πα-

413 2087 762 2143 λαιστιναίων
809 2091 1091 2159 μοναστῶν
1138 2092 1250 2146 τῶν
1308 2110 1367 2147 τε
1410 2094 1517 2165 πρὸ
1562 2093 1748 2156 αὐτοῦ,
1779 2092 1888 2146 τῶν
1929 2109 1988 2145 τε

415 2182 534 2249 μετ’
562 2180 748 2244 αὐτοῦ,
768 2183 838 2237 δι’
867 2185 1070 2255 ἀρετὴν
1112 2187 1480 2259 ἡγησάμενος,
1507 2187 1611 2242 ἀνά
1646 2187 1745 2258 τὴν
1785 2187 1989 2259 ἔρημον

409 2272 510 2340 τῆς
535 2273 698 2339 ἁγίας
722 2274 960 2346 Χριστοῦ
990 2276 1126 2330 Θεοῦ
1161 2277 1318 2348 ἡμῶν
1350 2279 1558 2342 πόλεως
1586 2279 1798 2349 ἵδρυσεν
1834 2278 1946 2349 (59)
1973 2294 1986 2308 ⁶

411 2363 470 2415 ἐν
519 2363 900 2438 Ἀλεξανδρείᾳ
937 2367 1070 2436 γοῦν
1114 2367 1356 2438 γεγονὼς
1398 2371 1426 2423 ό
1463 2370 1774 2440 Σωφρόνιος
1805 2369 1871 2422 δι’
1904 2369 1991 2422 αἱ·

410 2454 530 2508 τίαν
558 2449 625 2527 ἦς
650 2456 751 2510 οὐκ
792 2459 1007 2528 ἀνάγκη
1056 2460 1367 2531 μεμνῆσθαι
1405 2460 1482 2531 τῷ
1511 2461 1824 2532 γράμματι,
1859 2460 1989 2524 τοὺς

409 2547 720 2616 ὀφθαλμοὺς
745 2551 1092 2623 ἀμφοτέρους
1121 2552 1421 2624 ἠσθένησεν
1455 2553 1567 2624 (40)
1593 2569 1606 2585 ⁸
1643 2557 1745 2607 οὒκ
1766 2554 1852 2607 ἐπ’
1878 2553 1990 2606 ὀλί-

409 2656 513 2706 γας
562 2641 619 2697 δὲ
662 2642 830 2713 μόνας
883 2645 1098 2717 ἡμέρας
1151 2645 1278 2717 ἔσχε
1328 2646 1388 2703 τδ
1443 2648 1679 2720 νόσημα,
1720 2648 1834 2701 ἀλλ’
1895 2648 1991 2701 ἐπὶ

413 2733 589 2802 μῆνας
637 2735 736 2787 οὐκ
786 2734 1004 2803 ὀλίγους
1055 2738 1353 2809 ἐτρύχετοο
1400 2739 1604 2811 καὶμὴ
1657 2739 1839 2811 φέρων
1882 2740 1990 2793 τῶν

410 2822 721 2893 ἀλγηδόνων
757 2825 817 2878 τὸ
862 2827 1098 2896 πέλαγος
1148 2828 1404 2899 (ἄτακτον
1442 2831 1552 2902 γὰρ
1595 2831 1655 2883 τὸ
1688 2830 1858 2895 πάθος
1888 2833 1992 2885 ὑπ-

410 2912 648 2986 έμενεν),
663 2918 774 2982 τοῖς
793 2917 1037 2989 ἀρίστοις
1060 2921 1252 2974 ἑαυτὸν
1280 2923 1483 2993 ἰατροῖς
1504 2923 1873 2989 ἐπεδείκνυεν,
1901 2924 1991 2977 καὶ

416 3009 648 3079 μάλιστα
681 3013 796 3074 τοῖς
828 3012 1082 3078 περιττόν
1112 3030 1165 3067 τι
1195 3013 1303 3068 τῶν
1343 3013 1517 3069 ἄλλων
1563 3014 1708 3086 ἔχειν
1740 3015 1992 3086 νομίζου-

2094 525 2418 583 cedentibus
2446 525 2835 591 conferamus;
2874 523 3005 580 licet
3034 522 3139 594 ipsi
3170 519 3448 576 Christum
3479 515 3667 571 erudi-

2094 624 2267 673 torem
2308 633 2469 674 suum
2508 618 2729 685 imitati,
2754 616 2957 673 nemini
2987 615 3282 687 quidquam
3329 625 3432 667 nos
3485 607 3670 663 dicere

2094 708 2283 764 velint.
2328 706 2499 765 Porro
2527 708 2774 766 dicemus
2828 715 2883 765 et
2924 721 3161 772 nomen,
3195 711 3249 759 et
3285 703 3585 766 civitatem,
3613 706 3669 754 et

2093 801 2346 870 patriam,
2401 809 2455 856 et
2488 803 2850 869 curatorium,
2896 799 3148 870 undeque
3193 797 3305 852 nati
3366 794 3562 855 simus,
3611 800 3666 847 et

2094 891 2189 947 ubi
2219 893 2505 948 voluntate
2544 893 2638 948 Dei
2667 893 2942 961 ordinati;
2970 899 3022 947 et
3075 906 3240 961 super
3273 889 3387 943 haec
3432 884 3663 941 inllrmi-

2095 993 2261 1040 tatem
2292 983 2600 1051 oculorum,
2631 992 2687 1040 et
2721 984 2962 1039 divinam
3012 981 3387 1036 visitationem
3446 982 3665 1034 sam-to-

2097 1091 2240 1142 rum,
2270 1076 2418 1132 sicut
2450 1075 2614 1130 etiam
2652 1075 2706 1129 in
2734 1072 3175 1145 praecedentibus
3192 1071 3499 1141 gessimus;
3543 1066 3664 1136 plus

2088 1168 2254 1225 nobis
2278 1168 2465 1239 gratiae
2495 1167 2572 1222 nil
2616 1176 2957 1237 praestantes,
2998 1165 3092 1221 sed
3123 1164 3239 1219 haec
3281 1162 3663 1216 abbreviantes

2095 1258 2166 1313 ob
2191 1258 2440 1314 notitiam
2464 1272 2651 1313 eorum
2691 1256 2782 1325 qui
2841 1258 2943 1312 ista
2998 1254 3190 1310 lecturi
3246 1260 3398 1307 sunt.
3457 1252 3664 1304 Interea

2093 1352 2256 1422 cujus
2285 1352 2364 1407 rei
2424 1352 2599 1420 gratia
2664 1359 2884 1405 nosmet
2927 1348 3254 1417 novissimos
3299 1344 3665 1416 Posuerimus.

2093 1454 2284 1516 postea
2323 1443 2682 1510 disseremus,
2715 1457 2839 1495 cum
2866 1441 3071 1495 scilicet
3098 1439 3404 1511 passionem
3430 1437 3668 1505 scripse—

2093 1539 2265 1592 rimus
2294 1535 2348 1591 e't
2380 1538 2699 1593 sanitatem.

2162 1644 2259 1701 Est
2290 1660 2419 1716 ergo
2444 1661 2640 1700 nomen
2670 1649 2886 1717 quidem
2923 1648 2971 1702 ei
3019 1638 3111 1714 qui
3149 1641 3377 1712 scripsit
3422 1634 3669 1706 Sophro-

2093 1737 2239 1803 ῐιίυεν
2275 1737 2468 1793 civitas
2503 1735 2804 1794 Damascus
2833 1752 2955 1809 quae
2985 1746 3069 1792 est
3099 1730 3444 1802 metropolis,
3493 1726 3669 1798 patria

2100 1827 2358 1881 Phoenice
2387 1841 2495 1881 non
2520 1827 2815 1893 maritima,
2845 1828 2936 1883 sed
2985 1842 3105 1898 quae
3129 1838 3191 1879 ex
3226 1821 3434 1877 Libano
3486 1822 3673 1872 monte

2097 1919 2544 1990 cognominatur,
2573 1919 2734 1989 cujus
2755 1928 2838 1974 est
2861 1917 3160 1974 Damascus
3192 1915 3417 1983 antiqua
3471 1919 3674 1965 metro-

2098 2012 2237 2082 polis
2266 2028 2281 2078 ;
2306 2011 2701 2066 monasterium
2735 2019 2919 2066 autem
2954 2011 3097 2080 quod
3119 2023 3276 2065 sacer
3304 2002 3669 2065 Theodosius,

2040 2174 2043 2175 ν
2098 2105 2189 2175 qui
2212 2104 2468 2158 omnibus
2509 2103 2991 2159 Palmstincnsibus
3034 2101 3339 2163 monachis,
3373 2106 3481 2151 tam
3516 2094 3671 2151 scili-

2098 2207 2185 2254 cet
2213 2198 2295 2253 his
2322 2198 2416 2269 qui
2445 2205 2571 2252 ante
2600 2213 2749 2262 eum,
2793 2211 2958 2268 quam
3010 2195 3103 2267 qui
3173 2202 3291 2264 post
3342 2207 3464 2247 eum
3522 2186 3671 2242 fuere

2098 2296 2317 2358 propter
2339 2285 2595 2341 virtutem
2623 2285 2862 2356 praefuit,
2910 2285 2964 2339 in
3013 2298 3197 2339 eremo
3230 2289 3436 2338 sanctae
3464 2276 3670 2337 Christi

2099 2380 2193 2436 Dei
2225 2378 2397 2434 nostri
2428 2378 2667 2434 civitatis
2711 2376 2976 2432 fumlavit-.
3025 2374 3215 2445 Itaque
3250 2388 3373 2428 eum
3403 2378 3547 2427 esset
3572 2368 3676 2424 So~

2099 2469 2364 2536 phronius
2387 2468 2755 2535 Alexandria),
2815 2475 3040 2539 propter
3089 2482 3336 2531 causam,
3369 2463 3526 2533 cujus
3574 2476 3673 2518 ne-

2099 2575 2254 2616 cesse
2286 2575 2393 2615 non
2421 2559 2577 2615 estin
2622 2561 2726 2613 hoc
2763 2573 2928 2634 opere
2963 2556 3139 2612 facere
3169 2555 3522 2617 mentionem,
3555 2565 3671 2607 ain-

2100 2655 2274 2710 bobus
2297 2653 2475 2709 oculis
2500 2651 2816 2707 infirmatus
2847 2662 2951 2707 est.
2980 2650 3096 2705 Non
3122 2658 3303 2704 autem
3352 2662 3443 2717 per
3469 2659 3672 2716 paucos

2098 2755 2309 2802 tantmn
2351 2746 2469 2801 dies
2491 2746 2804 2815 languorem
2832 2743 3041 2809 habuit,
3077 2742 3171 2797 sed
3207 2757 3299 2813 per
3321 2754 3536 2793 menses
3566 2751 3671 2791 non

2099 2854 2302 2909 paucos
2329 2838 2696 2902 cruciabatur,
2718 2845 2903 2892 etnon
2934 2835 3112 2892 ferens
3143 2835 3363 2906 pelagus
3390 2832 3663 2893 dolorum,

2100 2934 2393 3003 inquietem
2451 2930 2650 3001 quippe
2693 2930 2999 2986 sustinebat
3051 2929 3397 2998 passionem,
3453 2923 3674 2993 optimis

2099 3041 2221 3083 sese
2244 3025 2471 3081 medicis
2498 3024 2930 3089 demonstrabat,
2955 3031 3010 3078 et
3046 3024 3276 3097 maxime
3306 3020 3392 3076 his
3424 3019 3515 3089 qui
3538 3019 3673 3090 plus

413 3117 497 3196 σιν
527 3100 583 3154 ἔν
611 3118 670 3153 τε
705 3100 884 3170 λόγοις
913 3103 1007 3156 καὶ
1053 3104 1349 3174 σχήμασιν.
1387 3105 1450 3159 Οἳ
1487 3106 1697 3176 συχνῶς
1737 3105 1874 3177 πρὸς
1900 3106 1989 3161 τὸν

2097 3121 2219 3175 aliis
2243 3120 2540 3189 quidquam
2579 3118 2782 3172 habere
2805 3117 3140 3188 putabantur
3166 3125 3275 3171 tam
3310 3115 3475 3171 verbo
3507 3128 3670 3184 quam

411 3191 550 3263 ἀέρα
597 3194 689 3247 τὸν
722 3193 1001 3266 πάσχοντα
1035 3196 1313 3267 σύροντες,
1359 3197 1455 3252 καὶ
1498 3198 1599 3262 τὰς
1635 3199 1808 3269 κόρας
1858 3200 1993 3270 πρὸς

410 3285 509 3348 τάς
545 3285 776 3355 ἡλιακὰς
822 3287 1049 3351 ἀκτῖνας
1092 3289 1497 3359 σκεπτόμενοι,“
1532 3290 1601 3345 τὰ
1651 3291 1752 3360 μὲν
1800 3291 1995 3362 πρῶτα

412 3380 654 3451 ἀλλαγὴν
687 3380 849 3452 ἀέρος
896 3381 960 3435 τὸ
987 3380 1082 3434 τοῦ
1111 3380 1316 3447 πάθους
1356 3380 1542 3452 ἔλεγον
1590 3382 1792 3437 αίτιον⁸
1829 3385 1995 3447 εὐθὺς

412 3468 524 3541 γὰρ
551 3472 688 3541 μετά
733 3472 833 3541 τὴν
865 3454 1055 3540 ἄφιξιν
1101 3473 1309 3545 ὑπέστη
1343 3474 1500 3528 τοῦτο
1529 3475 1857 3545 Σωφρόνιος.
1904 3476 1995 3539 Ὠς

411 3563 469 3617 δὲ
497 3563 722 3618 διέτεινε
756 3566 816 3617 τὸ
849 3564 1211 3637 ἀρρώστημα,
1266 3565 1402 3637 πρὸς
1449 3556 1865 3639 ξηροφθαλμίαν
1895 3569 1994 3620 αὖα

413 3661 525 3721 τοῖς
572 3658 987 3735 μετςπλάττετο,
1041 3660 1102 3714 οὐ
1154 3659 1338 3725 ξένους
1389 3660 1560 3733 ἀέρας
1602 3660 1806 3728 αἰτίαν,
1858 3662 1995 3718 ἀλλὰ

414 3747 749 3819 δυσκρασίαν
774 3748 912 3820 ἔχων
945 3750 1036 3804 τοῦ
1065 3749 1316 3822 σώματος
1336 3767 1349 3782 ·
1385 3750 1634 3817 ὃθενκαὶ
1663 3753 1732 3807 τά
1760 3754 1997 3827 σμικρό-

415 3856 575 3893 νοντα
600 3840 661 3893 τὸ
699 3840 861 3910 σῶμα
906 3841 1295 3912 προσέταττον,
1327 3844 1402 3908 ὡς
1429 3843 1518 3899 διὰ
1546 3843 1752 3900 τούτων
1776 3846 1999 3917 ίὼμενοι

415 3932 542 3994 τοὺς
571 3930 757 4003 τοιῷδε
785 3932 1052 4003 νοσήματι
1088 3934 1536 4006 περιπίπτοντας.
1575 3935 1715 3991 Ἀλλ’
1743 3936 1819 4001 ὡς
1845 3939 1998 3993 οὐδὲν

416 4021 502 4077 διὰ
524 4023 730 4077 τούτων
757 4023 942 4077 ἀνύειν
968 4023 1253 4094 ἠδύναντο,
1280 4024 1463 4080 καίτοι
1490 4027 1626 4100 πρὸς
1643 4028 1823 4082 πάντα
1848 4028 2000 4083 πειθ-

417 4117 566 4184 ήνιον
605 4116 705 4186 τῆς
755 4116 1005 4186 ἀνάγκης
1063 4116 1227 4195 ἑνεκα
1280 4117 1373 4174 τὸν
1419 4118 1703 4191 ἄρρωστον
1757 4120 1995 4192 ἔχοντες,

417 4207 511 4260 ἐπὶ
536 4208 634 4280 τὴν
665 4209 1021 4279 ἀνιάτρευτον
1054 4209 1307 4281 ἐπίχυσιν
1335 4211 1430 4265 καὶ
1465 4211 1838 4284 πλατυκορίαν
1863 4231 1997 4269 κατ-

418 4302 670 4369 έφευγον.
738 4303 801 4355 Οἱ
832 4303 931 4374 μὲν
978 4302 1085 4376 γὰρ
1135 4304 1365 4376 ταύτην,
1412 4305 1463 4359 oi
1509 4305 1696 4380 δὲτὴν
1737 4306 1905 4380 ἀλλην
1938 4308 2000 4361 τὸ

416 4392 587 4456 πάθος
614 4391 897 4463 ὠνόμαζον
917 4393 1096 4467 ἀέρων
1129 4395 1352 4451 ὀθνείων
1383 4399 1729 4470 κακωμάτων
1755 4400 1995 4471 δυσκρα-

2100 3212 2309 3267 habitu.
2350 3209 2452 3278 Qui
2512 3210 2827 3279 frequenter
2881 3207 2946 3262 ad
2994 3222 3174 3262 acrem
3223 3205 3315 3276 qui
3370 3205 3677 3274 patiebatur

2099 3306 2398 3370 trahentes,
2440 3312 2494 3358 et
2525 3302 2765 3375 pupillas
2800 3308 2994 3354 contra
3029 3298 3262 3353 solarios
3285 3296 3470 3351 radios
3497 3295 3672 3365 inspi-

2098 3399 2330 3460 cientes,
2365 3395 2544 3465 primo
2570 3393 2789 3464 quidem
2821 3390 3175 3445 nmtationem
3204 3389 3369 3451 aeris,
3401 3387 3676 3457 passionis

2100 3502 2322 3543 causam
2354 3499 2478 3542 esse
2509 3484 2784 3548 dicebant,
2836 3498 2959 3536 mox
3010 3482 3154 3536 enim
3207 3487 3326 3549 post
3362 3478 3672 3534 ventionem

2099 3577 2449 3649 pertulithoc
2480 3573 2848 3644 Sophronius.
2878 3572 2945 3625 At
2972 3586 3100 3626 vero
3135 3583 3258 3624 cum
3290 3567 3677 3623 extenderetnr

2102 3670 2400 3725 inﬁrmitas
2419 3665 2483 3721 ad
2512 3666 2888 3722 exsiccitatenn
2906 3664 3215 3728 oculorum,
3236 3658 3673 3731 xemphthahnii

2108 3762 2210 3817 sibi
2242 3761 2603 3823 formabatur,
2659 3773 2769 3812 non
2801 3765 3059 3812 externos
3096 3756 3304 3810 habens
3342 3766 3505 3807 'aercs
3547 3765 3676 3804 can-

2101 3870 2240 3917 sam,
2280 3851 2375 3908 sed
2426 3848 2905 3920 intemperantiam
2958 3849 3254 3918 corporis;
3312 3846 3455 3900 unde
3502 3854 3555 3899 et
3596 3858 3673 3927 et

2100 3962 2219 4017 qua:
2247 3950 2553 4016 temperant
2580 3958 2783 4013 corpus
2808 3942 3221 4012 praecipiebant,
3255 3938 3408 4010 quasi
3433 3953 3528 4006 per
3563 3938 3675 3990 haz-

2101 4044 2359 4094 sanantes
2388 4050 2484 4090 eos
2500 4034 2593 4105 qui
2629 4036 2679 4087 in
2703 4033 2844 4086 hunc
2868 4033 3182 4104 languorem
3206 4030 3548 4085 incidissent.
3572 4027 3675 4081 Sel

2103 4145 2225 4185 cum
2260 4143 2361 4184 nec
2400 4143 2497 4199 per
2530 4128 2634 4182 ista
2699 4126 2979 4197 quidpiam
3044 4123 3308 4195 proiicere
3349 4119 3676 4191 potuissent.

2102 4234 2415 4293 quanquam
2465 4219 2794 4275 necessitate
2841 4226 3069 4289 cogente
3116 4212 3577 4270 obsecundantem
3611 4211 3677 4264 ad

2102 4313 2286 4369 omnia
2325 4311 2604 4366 inﬁrmum
2645 4312 2928 4374 baberent,
2960 4309 3025 4362 ad
3069 4306 3423 4362 insanabilem
3463 4314 3680 4358 catara-

2102 4414 2269 4469 ctam,
2294 4412 2350 4458 et
2378 4401 2715 4473 piaticoriam
2745 4396 3154 4470 ceni‘ugiebant.
3179 4394 3390 4451 Etenim
3433 4394 3524 4448 alii
3553 4393 3678 4462 qui-

417 4486 536 4555 σίας
566 4486 856 4556 ἀφέμενοι·
902 4488 1086 4542 καὶτὸ
1131 4488 1231 4559 μὲν
1260 4468 1814 4563 πρότερονάλλήλοις
1859 4468 1989 4563 ὀμο-

2101 4495 2224 4552 dem
2255 4494 2419 4558 hanc,
2454 4493 2545 4548 alii
2584 4508 2716 4549 vero
2773 4492 3003 4546 alteram
3054 4490 3364 4560 passionem
3431 4487 3679 4540 nomina-

415 4577 650 4646 φώνουν,
705 4581 917 4643 ἑαυτοῖς
955 4579 1012 4634 δὲ
1058 4581 1169 4635 τῶν
1205 4581 1489 4653 ὀνομάτων
1538 4584 1865 4654 ἐναλλαγαῖς
1911 4586 1996 4640 δι-

413 4671 681 4742 εμάχοντο
699 4688 713 4701 ·
746 4669 973 4744 ὕστερον
1001 4672 1079 4741 δὲ,
1112 4674 1206 4728 καὶ
1229 4674 1320 4730 τὸν
1346 4676 1482 4747 πρὸς
1511 4676 1744 4741 ἑαυτοὺς
1778 4677 1873 4732 καὶ
1903 4678 1994 4733 τὸν

2102 4588 2257 4654 b‘ant,
2282 4601 2409 4641 aera
2444 4593 2765 4641 extraneum
2794 4585 2905 4655 jam
2938 4600 3031 4639 seu
3065 4597 3356 4653 corporum
3417 4580 3680 4649 intempe-

2103 4683 2314 4738 rantias
2349 4681 2533 4737 dicere
2554 4679 2902 4748 desinentes;
2928 4688 2981 4736 et
3007 4678 3185 4750 primo
3211 4676 3429 4748 quidem
3447 4673 3680 4730 invicem

1937 4816 2171 4875 NOTAE.

486 4926 939 5009 (βζ-ᾷβλῐῖροοιε
967 4929 1262 5009 Sophronii
1309 4934 1385 5009 de
1422 4935 1609 5009 seipso
1646 4939 1977 5009 epigramma

415 4997 543 5082 (pol.
558 4999 693 5082 διες
707 5001 748 5082 ),
769 4998 887 5055 Jam
906 4997 1058 5082 quod
1074 5004 1147 5057 ibi
1163 5004 1361 5082 legitur
1374 4997 1624 5082 evaiégn
1643 4997 1832 5064 codice
1854 5011 1978 5082 qni-

2089 4940 2298 5010 carinm
2333 4937 2597 5010 oppidum
2629 4936 2882 5010 Damasci
2912 4936 3035 5010 fuit,

2158 5009 2250 5082 (59
2278 5010 2295 5079 )
2331 4999 2786 5082 Ita'Sophronius
2811 5009 2975 5082 etiam
3018 5008 3070 5061 in
3094 5003 3519 5082 _o_peris_titr_t.io.-
3560 4999 3680 5082 Jant

412 5068 820 5147 dctn_scribi_t_ur
845 5068 1343 5147 evulgquodjuid
1391 5068 1682 5147 signiticet,
1734 5068 1978 5135 nondum
2026 5070 2030 5074 ’
2085 5068 2216 5137 vero
2240 5068 2537 5133 Anastasii.
2560 5080 2723 5147 hujus
2758 5077 3038 5147 copiosam
3094 5068 3268 5147 Vitam
3311 5071 3680 5147 in__\"aticanis

410 5139 683 5219 expl_ico._
723 5139 891 5219 Video
941 5139 1121 5219 iamian
1186 5139 1407 5219 Petrum
1444 5139 1976 5219 'AParthenopensem

413 5206 780 5284 §ophroniani
812 5212 995 5284 operis
1023 5215 1409 5284 compendium
1433 5217 1515 5272 sic
1537 5206 1913 5274 exordie'ntem
1957 5238 1973 5276 :

414 5278 879 5359 §ophroniusmvir
915 5278 1315 5359 ίίίιιεινὶεὲἱηιιιε
1347 5285 1563 5341 Pheneo
1591 5288 1720 5343 urbe
1751 5291 1975 5359 genitus.

2084 5150 2373 5206 codicibus
2406 5149 2538 5220 vidi.
2578 5139 3010 5216 Dénique'addo,
3055 5145 3328 5220 iniisdem
3365 5143 3480 5220 Vat.
3515 5139 3673 5220 codd.

2084 5230 2304 5276 exstare
2338 5219 2652 5288 passionem
2697 5213 3019 5288 sanctorum
3068 5215 3197 5288 lilii.
3249 5213 3680 5288 Amorieusimn,

2089 5280 2407 5358 δορίποιὶἰο
2441 5297 2632 5344 nostro
2681 5288 2899 5358 diserte
2947 5286 3321 5358 inscriptam,_
3357 5283 3447 5349 qui
3489 5280 3681 5333 titulus

411 5349 705 5431 δαιμονίᾳ
733 5347 947 5431 Pitanen
964 5354 1099 5431 latet
1124 5355 1186 5431 in
1211 5366 1475 5424 corrupto
1509 5347 1774 5431 vocabulo
1803 5362 1990 5431 évaig?
2094 5347 2559 5431 Aliatioquoque
2585 5365 2638 5431 et
2678 5355 2933 5431 Fabricio
2979 5347 3165 5409 fucum
3196 5353 3347 5431 .frcit
3375 5347 3388 5414 ;
3443 5365 3548 5403 non
3601 5361 3682 5431 est

410 5420 574 5475 Certe
607 5418 739 5501 urbs
762 5418 1068 5501 Palaestina;
1115 5421 1354 5501 Philitea
1381 5418 1631 5501 oceurrjt
1671 5429 1725 5483 in
1786 5418 1986 5501 priscis

414 5490 1154 5566 itfignmis_apgd_Cellarium
1186 5495 1250 5566 (ἶ,
1300 5496 1393 5552 lib.
1429 5498 1628 5563 "1,13,
1686 5490 1808 5566 (μιθέ
1854 5501 1985 5557 urbs

415 5560 1047 5639 ul)i_itam‘in;Palaastina
1082 5564 1391 5639 sitail'uerit
1415 5560 1633 5639 ignorat
1679 5560 1820 5625 idem
1865 5570 1986 5627 Cel-

415 5632 621 5711 larius._
641 5627 748 5687 Sed
774 5646 903 5688 ecce
941 5648 1133 5711 rursus
1163 5638 1366 5703 obstat,
1409 5627 1556 5709 quod
1609 5639 1699 5711 hic
1741 5640 1983 5711 itemque

415 5704 728 5781 ri'tatoloco
754 5711 935 5781 ortum
975 5719 1033 5759 se
1061 5704 1328 5781 Damasco
1375 5704 1664 5781 metropoii
1739 5704 1979 5780 Saphra-

418 5773 538 5826 nius
580 5772 1274 5845 dicit;nisif0rtePhcnca
1307 5778 1390 5834 vel
1446 5772 1665 5836 Pha'nea
1716 5772 1975 5837 sub'urbi-

2094 5432 2238 5486 enim
2278 5429 2330 5485 id
2356 5420 2557 5496 reapse
2587 5426 2732 5496 Soph
2746 5426 2887 5496 ronii
2917 5439 3079 5494 opus,
3118 5425 3245 5492 quia
3269 5422 3332 5496 in
3360 5436 3453 5496 Aen
3488 5420 3674 5488 appel-

2096 5501 2246 5555 latur
2312 5494 2614 5570 imperator
2665 5494 3048 5570 Theophilus;
3089 5502 3202 5547 tum
3268 5494 3368 5561 ipsi
3408 5504 3685 5570 martyres

2096 5570 2242 5625 haud
2278 5564 2407 5625 ante
2446 5582 2654 5624 nonum
2685 5564 2948 5621 saeculum
2980 5564 3161 5632 fecere
3193 5566 3542 5632 martyrium.

2170 5640 2281 5710 (i0)
2317 5640 2513 5696 Recole
2561 5635 2855 5708 Sophronii
2888 5634 3058 5705 ipsius
3093 5631 3475 5690 Praefationem
3494 5634 3687 5704 (supra

2093 5712 2197 5768 col.
2233 5710 2417 5783 3H9).
