4060 6236
341 352 493 418 ’3667

1270 350 1327 408 S.
1372 335 1725 409 SOPHRON
1738 348 1792 406 [Ι
1834 337 2342 405 PATBIARCIIE
2398 333 2823 398 IllEROSOL.

3487 320 3630 386 3668

355 464 785 530 coiit-ardebant,
818 463 914 519 sed
946 461 1233 517 nominum
1279 463 1501 519 sibimet
1534 462 1935 517 immutationi—

2058 455 2181 526 πρὸς
2210 453 2474 525 ἀλλήλους
2502 451 2709 522 ἤραντο
2743 444 3003 514 πόλεμον,
3038 443 3117 506 εἰς
3155 437 3315 494 τοῦτο
3347 437 3440 492 καὶ
3475 438 3637 507 μόνον

357 559 462 614 bus
492 557 906 628 impugnabant.
948 555 1145 617 Postea
1178 570 1308 611 vero
1362 556 1607 611 tulerunt
1650 566 1704 611 et
1744 563 1939 610 contra

356 664 437 711 se,
472 654 526 702 ct
558 650 823 702 adversus
852 646 1084 702 invicem
1110 647 1330 711 bellum,
1355 647 1409 701 in
1440 648 1541 701 hoc
1559 646 1942 702 tantummodo

355 746 749 807 t-misouantes,
792 742 846 794 in
886 754 993 811 quo
1039 739 1327 795 dicebatur
1360 739 1428 795 ab
1468 741 1551 797 eis
1581 740 1769 813 passio
1793 740 1942 797 insa-

357 826 578 889 nubilis.

385 958 391 964 -
430 919 544 977 lloc
561 937 685 976 cum
725 922 959 979 vidisset
991 923 1359 994 Sephronius,
1386 932 1458 977 .et
1519 924 1662 994 quod
1731 925 1940 979 nullum

356 1012 649 1070 habiturus
676 1016 745 1069 ab
777 1015 1096 1071 hominibus
1126 1026 1273 1071 esset
1298 1017 1592 1083 auxilium,
1649 1016 1942 1072 manifeste

358 1108 636 1176 ροειι·›νὶι,
711 1109 840 1177 quia
893 1109 1091 1163 medici
1153 1124 1262 1164 non
1318 1109 1750 1177 resuscitabunt,
1800 1111 1944 1164 sicut

359 1213 591 1267 magnus
614 1199 906 1269 superillis
929 1202 1272 1269 praphetavit
1314 1200 1503 1257 Isaias.
1554 1202 1767 1257 Interea
1800 1216 1945 1257 sem-

360 1305 455 1358 per
476 1291 602 1361 Cyri
632 1289 972 1362 Joannisque
1000 1293 1141 1348 dona
1164 1294 1533 1363 comperiens,
1558 1302 1613 1349 et
1634 1296 1817 1364 qualia
1843 1295 1944 1349 mi-

359 1382 545 1437 racula
601 1378 883 1452 patrarcnt
917 1384 972 1437 in
1032 1386 1346 1441 numerosis
1423 1386 1783 1457 languoribus
1846 1402 1944 1440 au-

358 1473 536 1537 diens,
568 1474 635 1528 ad
662 1490 759 1531 eos
798 1476 903 1531 lidc
935 1477 1129 1545 plenus
1164 1478 1463 1548 egreditur,
1514 1494 1640 1535 cum
1699 1494 1806 1550 qua
1850 1481 1941 1549 qui

359 1566 425 1618 ad
457 1566 578 1621 illos
595 1567 885 1631 accedunt,
923 1583 1084 1625 omne
1108 1570 1254 1640 quod
1287 1570 1604 1626 desiderant
1635 1586 1945 1641 assequun-

362 1663 488 1720 tur,
538 1655 881 1713 abundantes
942 1673 1037 1713 eos
1095 1658 1150 1714 in
1227 1660 1384 1715 bonis
1442 1672 1947 1731 recompensatores

362 1746 484 1802 ﬁdei
520 1789 534 1811 ,
591 1764 697 1816 qua
747 1765 874 1819 erga
949 1751 1073 1805 illos
1159 1752 1392 1822 ﬂagrant
1438 1795 1451 1817 ,
1573 1755 1934 1811 invenientes.

2052 547 2391 619 συνᾴδοντες,
2418 547 2497 607 εἰς
2525 542 2587 598 τὸ
2616 540 2724 596 τῶν
2754 537 2885 609 παρ’
2910 535 3090 592 αὐτῶν
3114 532 3423 607 λεγομένων
3449 530 3639 587 παθῶν

2050 639 2447 711 ἀθεράπευτόν.

2124 930 2296 983 Τοῦτο
2331 929 2519 1000 μαθὼν
2552 930 2580 982 ὁ
2612 926 2944 1000 Σωφρόνιος,
2983 925 3076 978 καὶ
3103 924 3179 986 ὡς
3218 921 3477 992 οὐδεμίαν
3525 919 3641 989 ἔχοι

2053 1024 2190 1093 πρὸς
2219 1021 2528 1093 ἀνθρώπιον
2556 1020 2832 1092 βοήθειαν,
2856 1018 3001 1088 ἔγνω
3033 1016 3222 1086 σαφῶς
3255 1015 3331 1078 ὡς
3368 1013 3546 1085 ἰατροὶ
3575 1012 3639 1066 οὐ

2057 1116 2132 1185 μὴ
2168 1115 2591 1186 ἀναστήσουσιν,
2619 1114 2694 1177 ὼς
2726 1114 2755 1166 ὁ
2800 1112 2974 1184 μέγας
3023 1109 3252 1171 Ἡσαΐας
3288 1109 3417 1179 περὶ
3459 1105 3640 1159 αὐτῶν

2053 1210 2469 1281 προεφήτευσεν
2496 1225 2509 1240 ·
2536 1212 2626 1263 ἀεὶ
2671 1207 2727 1262 δὲ
2755 1206 2863 1260 τῶν
2892 1203 3077 1275 Κύρου
3108 1202 3206 1258 καὶ
3249 1201 3503 1256 Ἰωάννου
3533 1199 3639 1252 δω-

2061 1299 2200 1369 ρεῶν
2238 1299 2666 1370 πυνθανόμενος,
2720 1299 2815 1352 καὶ
2865 1291 2953 1351 οἷα
2997 1295 3256 1366 θαύματα
3306 1292 3642 1362 πράττουσιν

2056 1389 2141 1443 ἐπ’
2173 1390 2475 1460 ἀμυθήτοις
2508 1389 2722 1443 ἀκούων
2758 1389 3085 1459 νοσήμασιν,
3131 1387 3219 1438 ἐπ’
3253 1384 3453 1446 αὐτοὺς
3503 1382 3644 1453 μετά

2054 1484 2291 1546 πίστεως
2310 1483 2529 1549 ἔξεισιν,
2568 1482 2688 1554 μεθ’
2722 1477 2787 1555 ἧς
2810 1484 2857 1536 οί
2883 1480 3018 1553 πρὸς
3046 1474 3241 1542 αὐτοὺς
3276 1476 3644 1549 ἀπερχόμενοι

2053 1576 2163 1628 πᾶν
2192 1575 2332 1645 ὅπερ
2379 1573 2604 1628 ποθοῦσι
2651 1572 2996 1645 κομίζονται,
3026 1570 3353 1642 ἀμοιϐαίους
3388 1569 3500 1640 (41)
3532 1570 3631 1621 αὺ-

2052 1669 2181 1731 τοὺς
2212 1670 2270 1722 ὲν
2298 1667 2526 1736 ἀγαθοῖς
2560 1664 3006 1738 περιττεύοντας,
3050 1664 3149 1734 τῆς
3177 1662 3259 1725 εἰς
3303 1660 3503 1724 αὐτοὺς
3551 1660 3642 1713 εὖ·

2058 1761 2340 1831 ρίσκοντες
2368 1760 2629 1821 πίστεως.
2652 1756 2717 1810 Οἳ
2744 1755 2842 1810 καὶ
2868 1754 2989 1809 τότε
3020 1752 3284 1808 νοσοῦντα
3309 1752 3639 1823 Σωφρόνιον,

365 1841 467 1907 Qui
492 1848 546 1897 et
590 1851 723 1897 tunc
775 1843 1123 1912 languentem
1171 1844 1226 1897 in
1293 1860 1352 1899 se
1407 1853 1521 1899 toto
1562 1846 1745 1900 animo
1783 1846 1939 1902 ﬁdem

2058 1852 2141 1906 καὶ
2168 1854 2248 1914 είς
2278 1852 2477 1914 αὐτοὺς
2514 1849 2795 1919 ὁλοψύχως
2829 1845 3159 1901 πιστεύοντα
3191 1844 3510 1916 βλέποντες,
3541 1842 3642 1914 τῆς

362 1934 563 1989 habere
595 1934 846 1990 videntes
869 1935 1267 2004 Saphronium,
1302 1953 1402 1992 sua
1436 1955 1562 1994 eum
1593 1941 1818 2009 dignum
1848 1956 1940 1996 sa-

363 2038 536 2081 nitate
563 2028 889 2082 decernunt.
921 2027 986 2081 Et
1039 2029 1277 2098 primum
1307 2032 1529 2100 quidem
1584 2047 1801 2086 omnem
1837 2048 1947 2087 me-

362 2118 680 2172 tlit'illﬂlilllll
702 2119 1174 2190 stultiloquiorum
1200 2122 1553 2190 sponsionem
1574 2124 1944 2184 destruentes.

364 2210 590 2279 patienti
622 2212 851 2267 credere
916 2212 1255 2284 persuadent
1287 2213 1361 2267 nil
1404 2213 1520 2268 fore
1554 2231 1843 2285 passurum
1882 2232 1947 2270 ex

365 2302 451 2357 his
516 2317 638 2372 quae
703 2303 898 2358 rnedici
955 2305 1257 2362 novissime
1337 2315 1691 2362 asseruerant
1752 2322 1764 2358 :
1831 2314 1950 2377 post

364 2391 478 2445 Inrc
534 2393 830 2446 sanitatem
887 2393 1135 2457 donant,
1199 2410 1363 2465 quam
1417 2397 1493 2450 illi
1547 2397 1791 2467 praebere
1840 2414 1947 2452 non

364 2492 638 2553 poterant.
1190 2468 1207 2491 ’

434 2578 771 2635 Assistcntes
805 2593 935 2651 ergo
969 2581 1017 2637 ei
1049 2583 1286 2638 amboin
1316 2584 1525 2639 somnis
1591 2586 1772 2656 (tertia
1822 2601 1951 2641 vero

364 2683 473 2722 nux
498 2676 615 2722 erat
646 2685 710 2724 ex
740 2685 843 2739 qua
896 2672 1162 2743 venerat),
1206 2674 1285 2728 sic
1326 2674 1375 2729 ei
1413 2676 1668 2731 sanitatis
1698 2675 1856 2732 tidem
1887 2678 1953 2731 de

370 2755 997 2830 futurisimposuerunt.
1032 2763 1277 2818 Mouachi
1326 2764 1545 2834 quidem
1600 2766 1737 2821 alter
1794 2782 1952 2823 sacro

366 2849 599 2906 vestitus
628 2862 745 2906 erat
798 2854 1011 2918 habitu,
1065 2863 1120 2909 et
1170 2853 1366 2911 Joanni
1402 2857 1673 2927 spirituali
1728 2862 1866 2929 patri
1901 2871 1954 2916 et

367 2940 636 3011 magistro
669 2938 980 3013 languentis
1005 2944 1343 3010 simillimus,
1386 2947 1478 3017 qui
1520 2955 1574 3000 et
1600 2946 1716 3017 ipse
1733 2964 1855 3001 cum
1889 2966 1954 3003 eu

368 3040 488 3087 erat
548 3034 600 3088 in
675 3038 977 3108 martyrico
1042 3039 1264 3107 templo,
1308 3047 1362 3093 et
1391 3030 1571 3109 super'
1590 3039 1860 3110 discipulo
1903 3051 1956 3095 et

370 3126 483 3179 tilio
545 3128 908 3198 supplicabat.
966 3128 1147 3201 Cyrus
1193 3140 1401 3202 martyr
1438 3140 1580 3195 erat,
1626 3132 1718 3201 qui
1783 3133 1956 3201 patris

2048 1942 2254 2005 οἰκείας
2311 1941 2477 1995 αὑτὸν
2517 1939 2767 2005 ἀξιοῦσιν
2816 1939 3014 2002 ίάσεως
3042 1979 3058 2003 ,
3114 1938 3210 1992 καὶ
3258 1935 3475 2009 πρῶτον
3530 1935 3630 2006 μὲν

2051 2034 2270 2087 ἅπαντα
2298 2033 2390 2087 τὸν
2441 2034 2552 2087 τῶν
2599 2031 2801 2104 ἰατρῶν
2849 2031 3127 2102 φλήναφον
3160 2028 3387 2101 ὁρισμὸν
3412 2029 3638 2098 ἀνατρέ·

2048 2124 2268 2193 ψαντες,
2304 2124 2399 2177 καὶ
2426 2124 2518 2178 τὸν
2552 2125 2833 2194 πάσχοντα
2884 2123 3194 2185 πείσαντες,
3227 2121 3303 2184 ὡς
3332 2120 3487 2173 οὐδὲν
3518 2119 3638 2174 πεί-

2056 2231 2209 2268 σεται
2240 2207 2315 2269 ὧν
2348 2214 2524 2284 ἰατροὶ
2546 2214 2932 2268 τὸτελευταῖον
2955 2211 3307 2282 ἐφθέγξαντο,
3343 2210 3484 2279 μετά
3510 2209 3640 2264 ταῦ-

2050 2322 2118 2358 τα
2144 2305 2246 2374 τὴν
2275 2304 2467 2375 ύγείαν
2495 2305 2837 2377 χαρίζονται,
2864 2304 2931 2374 ῆν
2975 2304 3170 2356 ἐκεῖνοι
3199 2302 3500 2373 παρασχεῖν
3543 2300 3643 2354 οὐκ

2051 2396 2334 2468 ἠδύναντο.

2122 2576 2580 2644 Ἐπιστάντεςοῦν
2603 2579 2751 2651 αὐτῷ
2769 2579 2892 2640 καθ’
2910 2578 3111 2641 ὕπνους
3136 2576 3439 2649 ἀμφότεροι
3458 2575 3642 2648 (τρίτη

2051 2672 2105 2725 δὲ
2137 2672 2290 2744 mea
2320 2673 2413 2742 ἀφ’
2447 2669 2513 2746 ἧς
2548 2673 2926 2743 παρεγένετο),
2960 2672 3137 2736 οὕτως
3173 2669 3324 2741 αὐτῷ
3369 2670 3499 2741 περὶ
3545 2670 3642 2741 τῆς

2051 2763 2161 2817 τῶν
2194 2765 2501 2833 μελλόντων
2547 2764 2817 2828 ἀπαθείας
2849 2766 2949 2835 τὴν
2983 2763 3166 2819 πίστιν
3215 2762 3501 2834 ἐνέθηκαν.
3536 2763 3646 2816 Μο-

2060 2855 2257 2911 να“στοῦ
2296 2857 2396 2928 μὲν
2419 2861 2447 2912 ὁ
2493 2852 2575 2920 εἷς
2607 2858 2794 2928 σχῆμα
2832 2857 2976 2912 θεῖον
3022 2857 3316 2928 ἠμφίεστο,
3340 2856 3437 2909 καὶ
3465 2854 3645 2909 Ἰωάνα

2056 2964 2122 3022 νη
2153 2946 2266 3020 (42)
2292 2949 2368 3020 τῷ
2402 2949 2756 3021 πνευματικῷ
2790 2948 2966 3020 Πατρὶ
2989 2948 3083 3003 καὶ
3103 2945 3411 3017 διδασκάλῳ
3429 2944 3524 2999 τοῦ
3555 2961 3642 3000 νο-

2057 3044 2277 3108 σούντος
2293 3036 2565 3114 ὡμόίωτο,
2591 3045 2921 3097 συντείνοντι
2946 3043 3041 3096 καὶ
3063 3040 3210 3111 αὐτῴ
3231 3040 3372 3095 κατά
3395 3039 3488 3093 τὸν
3514 3055 3647 3110 μαρ-

2054 3137 2277 3206 τυρικὸν
2306 3136 2493 3206 σηκὸν,
2520 3138 2614 3191 καὶ
2645 3138 2773 3209 περ)⁸
2792 3136 2884 3189 τοῦ
2915 3133 3162 3206 μαθητοῦ
3189 3134 3283 3188 καὶ
3318 3133 3509 3197 παιδὸς
3533 3134 3646 3186 ίκε-

369 3212 603 3275 [οτιιιιιίη
642 3220 786 3275 sicut
820 3223 1123 3277 monachus
1155 3232 1488 3292 sumpserat,
1516 3234 1566 3278 et
1595 3225 1733 3279 stola
1763 3239 1953 3279 mona-

2058 3225 2290 3279 τεύοντι.
2332 3226 2516 3297 Κῦρος
2549 3229 2577 3280 ὁ
2635 3227 2849 3299 μάρτυς
2880 3225 3195 3297 ἐτύγχανεν,
3238 3226 3267 3277 ό
3302 3221 3396 3277 τοῦ
3442 3222 3648 3295 πατρὸς

368 3309 458 3367 chi
493 3319 611 3366 erat
642 3312 898 3369 amictus.
934 3313 1176 3370 Joannes
1206 3323 1388 3368 autem
1422 3332 1576 3385 :eque
1611 3316 1806 3372 beatus
1855 3314 1955 3372 Pe—

370 3411 515 3456 trum
546 3404 1003 3471 Alexandrinum,
1034 3407 1127 3476 qui
1185 3405 1476 3477 przefectus
1521 3416 1637 3464 erat
1675 3408 1956 3477 prmtorio.

374 3509 493 3546 rum
521 3494 793 3564 ﬁgurabat
823 3513 837 3563 ;
862 3496 954 3567 qui
985 3512 1109 3552 cum
1134 3498 1364 3553 veniens
1410 3498 1752 3570 chlamydem
1817 3501 1955 3553 ruti—

373 3586 579 3641 lantem
650 3596 919 3656 portaret.
992 3588 1423 3660 percontabatur
1494 3589 1695 3661 (Tyrum
1747 3592 1840 3660 qui
1900 3593 1954 3644 in

374 3677 637 3748 magistro
661 3676 740 3751 [in
799 3677 972 3733 forma
1036 3677 1307 3752 magistri]
1342 3681 1650 3750 languentis
1690 3695 1957 3751 apparue-

374 3778 456 3823 rat
490 3788 505 3824 :
540 3767 743 3835 llabes,
793 3770 1073 3841 inquiens,
1149 3770 1504 3842 discipulum,
1572 3774 1663 3843 qui
1742 3773 1956 3826 dicatur

374 3861 685 3919 lituum-us?
714 3861 1189 3920 Noveruutautem
1223 3872 1276 3919 et
1304 3864 1357 3918 hi
1387 3867 1479 3935 qui
1504 3864 1774 3920 vestibula
1806 3882 1958 3920 mun-

372 3965 527 4014 danre
556 3968 767 4015 tantum
807 3960 1110 4030 disciplina:
1155 3961 1534 4027 calcaverunt,
1596 3960 1745 4031 quod
1777 3976 1957 4016 caicus

375 4052 569 4108 fuisset
596 4052 893 4118 Homerus,
928 4060 1241 4109 cataractas
1270 4054 1317 4109 ei
1351 4062 1640 4108 senectute
1671 4053 1955 4120 induente;

376 4144 482 4200 hoc
498 4146 645 4199 enim
667 4151 988 4201 sanctorum
1025 4144 1254 4215 anagnia
1285 4143 1460 4198 voluit
1486 4142 1751 4199 indicare.
1773 4147 1840 4198 At
1867 4143 1959 4197 ille

374 4256 500 4295 cum
529 4239 846 4309 juramcnto
876 4238 1073 4293 eﬂ‘alus
1114 4246 1222 4303 est,
1252 4237 1453 4293 habete
1504 4237 1724 4305 quidem
1786 4252 1845 4291 se
1882 4236 1958 4290 di-

356 4332 669 4398 scipulum,
702 4330 795 4387 sed
826 4330 1117 4386 Homerum
1152 4330 1306 4384 nullo
1339 4330 1501 4383 modo
1531 4328 1748 4395 dici;et
1780 4329 1959 4385 adhuc

376 4424 585 4488 intulit,
623 4421 769 4492 quod
798 4437 896 4476 nec
938 4436 1130 4476 versus
1181 4419 1505 4476 Homericus
1560 4419 1799 4491 tetigerit
1854 4436 1957 4482 un-

356 4531 574 4582 quam;
613 4531 709 4585 per
734 4515 837 4570 hoc
876 4516 1131 4569 innucus.
1161 4514 1306 4583 quod
1329 4514 1634 4569 llmncrica:
1668 4512 1832 4568 fuerit
1864 4528 1954 4566 ca.

378 4608 559 4676 ligiuis
582 4623 798 4663 cxners.
833 4607 912 4660 Ad
950 4624 1112 4676 quem
1147 4619 1371 4662 sanctus
1395 4605 1657 4667 Joannes,
1693 4606 1850 4676 quasi
1884 4605 1950 4659 ad
1990 4584 2032 4637 ι’

292 4708 305 4723 ί
379 4713 587 4769 patrem
622 4702 851 4771 loquens
903 4711 959 4756 et
1011 4701 1370 4765 cruditorem,
1437 4703 1719 4772 respondit
1768 4699 1946 4757 :Jios

380 4792 485 4847 hoc
514 4802 822 4861 comperto,
858 4793 925 4847 ad
960 4793 1227 4848 visionem
1270 4793 1391 4861 ejus
1443 4793 1853 4848 concurrimus.
1899 4790 1956 4847 Si

378 4891 560 4937 autem
588 4899 696 4938 non
732 4884 955 4951 dicitur,
987 4885 1189 4956 inquit,
1231 4886 1525 4951 Homerus,
1560 4885 1707 4941 sicut
1740 4884 1959 4941 audivi-

344 4972 719 5044 ~mus,Dcum
767 4978 860 5049 qui
910 4987 994 5034 cst
1055 4994 1223 5048 super
1264 4978 1453 5033 omnia
1500 4978 1961 5047 gloritlcahinnis,

376 5072 583 5140 quique
622 5086 650 5123 a
681 5070 938 5141 passione
967 5071 1113 5125 hunc
1145 5079 1294 5125 tanta
1338 5078 1394 5126 et
1444 5071 1713 5126 vocabulo
1755 5071 1960 5125 libera-

379 5165 476 5220 vit.
504 5166 568 5219 Et
603 5174 735 5220 tunc
759 5166 979 5236 quidem
1016 5165 1200 5219 taliter
1254 5172 1606 5234 apparentes,
1665 5171 1721 5219 ct
1752 5163 1962 5232 talibus

377 5269 499 5307 cum
528 5253 711 5309 verbis
740 5253 964 5308 credere
991 5254 1279 5313 facientes,
1316 5252 1460 5321 quod
1489 5251 1792 5307 llomericae
1822 5253 1961 5306 alio-

378 5349 513 5416 quin
538 5349 804 5405 cmcitatis
856 5365 965 5403 non
1013 5357 1159 5402 esset
1222 5346 1441 5402 iuturus
1496 5346 1960 5411 communicatur,

382 5440 656 5498 sonmiutn
688 5441 955 5503 abeuntes
983 5439 1286 5495 solverunt.

2058 3318 2156 3388 τὴν
2185 3317 2403 3388 μορφὴν
2440 3318 2514 3381 ὡς
2545 3318 2777 3388 μυναχὸς
2808 3316 3153 3387 ἀνελόμενος,
3191 3316 3288 3369 καὶ
3329 3313 3523 3385 στολὴν
3553 3329 3644 3383 μοι

2062 3407 2259 3462 ναστού
2288 3408 2649 3479 περιθέμενος
2671 3426 2686 3441 ·
2733 3408 2989 3478 Ἰωάννης
3011 3406 3067 3461 δὲ
3090 3409 3117 3461 ὁ
3149 3406 3248 3459 σὺν
3269 3403 3439 3476 Κύρῳ
3468 3402 3650 3475 μακά·-

2063 3518 2197 3570 ριος,
2226 3501 2318 3556 τὸν
2352 3500 2713 3573 Ἀλεξανδρέα
2752 3500 2981 3572 Πέτρον,
3021 3501 3113 3552 τὸν
3156 3499 3265 3551 τῶν
3297 3495 3649 3568 πραιτωρίων

2059 3593 2326 3658 εἰκόνιζεν
2352 3593 2613 3665 έπαρχον,
2645 3592 2703 3656 ὃς
2724 3592 2977 3663 χλαμύδα
3009 3590 3191 3662 φορῶν
3219 3589 3649 3660 ἀπαστράπτου-

2062 3701 2184 3749 σαν,
2208 3686 2400 3756 ἠρώτα
2432 3685 2615 3755 Κῦρον
2665 3684 2837 3738 ὲλθὼν
2860 3684 2953 3736 τὸν
2985 3684 3065 3745 εἰς
3099 3682 3190 3735 τὸν
3218 3681 3339 3735 τοῦ·
3365 3680 3648 3744 νοσοῦντος

2061 3778 2297 3846 φανέντα
2325 3777 2664 3842 διδάσκαλον,
2687 3776 2892 3846 Ἔχεις,
2922 3775 3114 3841 εἰπὼν,
3138 3773 3386 3846 μαθητὴν
3424 3773 3652 3845 λεγόμε-

2060 3885 2149 3920 νον
2180 3867 2463 3939 ’⁹Ομηρον;
2497 3868 2675 3921 Ἰσασι
2705 3867 2763 3920 δὲ
2795 3869 2889 3922 καὶ
2914 3867 2963 3919 ot
2993 3866 3242 3937 πρόθυρα
3262 3867 3423 3935 μόνον
3451 3883 3643 3937 κοσμι-

2060 3960 2163 4030 κῆς
2188 3959 2434 4023 παιδείας
2457 3961 2826 4031 πατήσαντες,
2848 3958 2922 4022 ὡς
2941 3958 3139 4028 τυφλὸς
3160 3958 3405 4029 ὑπῆρχεν
3427 3959 3455 4011 ὁ
3474 3957 3653 4028 Ὄμη-

2061 4068 2176 4122 ρος,
2227 4052 2481 4121 ἐπίχυσιν
2529 4050 2802 4123 αύτῷτοῦ
2837 4053 3027 4123 γήρως
3078 4050 3433 4121 ἐνέγκαντοςο
3492 4048 3655 4104 τοῦτο

2060 4143 2169 4213 γὰρ
2201 4143 2396 4213 δηλοῦν
2425 4144 2484 4197 τὸ
2511 4143 2622 4199 τῶν
2656 4143 2826 4214 ἁγίων
2856 4144 3049 4214 ἢθελεν
3080 4143 3331 4214 αἴνιγμα.
3362 4142 3420 4196 '0
3442 4142 3498 4196 δὲ
3529 4139 3649 4214 μεθ’

2060 4235 2243 4306 ὅρκων
2278 4236 2608 4305 ἐφθέγξατο,
2652 4235 2798 4306 ἔχειν
2836 4236 2936 4306 μὲν
2983 4236 3260 4307 μαθητὴν,
3302 4236 3651 4307 Ὅμηρον¹δὲ

2064 4328 2136 4399 μὴ
2168 4327 2461 4396 λέγεσθαν
2496 4331 2907 4399 προσεπὲφερεν
2932 4327 2989 4382 δὲ
3019 4328 3093 4390 ὡς
3116 4328 3237 4381 οὐδὲ
3262 4327 3444 4398 στίχον
3484 4328 3652 4399 Ὀμηο

2064 4423 2215 4493 ρικὸν
2242 4422 2417 4492 ἣψατό
2451 4438 2580 4474 ποτε
2603 4438 2617 4452 ο
2652 4422 2739 4476 διὰ
2758 4421 2952 4475 τούτου
2987 4421 3164 4490 δηλῶν
3190 4421 3250 4474 τὸ
3275 4420 3377 4490 τῆς
3413 4420 3650 4490 Ὁμηρι-

2064 4517 2165 4585 κῆς
2198 4515 2399 4586 ἀχλύος
2436 4515 2765 4585 ἀμέθεκτον.
2807 4515 2948 4586 Πρὸς
2993 4514 3053 4567 ὃν
3116 4512 3370 4585 Ἰωάννης
3421 4515 3449 4567 ό
3497 4513 3654 4581 ἆγιος

2060 4609 2134 4670 ὡς
2166 4609 2300 4678 πρὸς
2322 4608 2413 4661 τὸν
2456 4608 2673 4679 πατέρα
2712 4606 2890 4662 λαλῶν
2937 4607 3032 4660 καὶ
3076 4606 3370 4677 παιδευτὴν
3414 4605 3649 4675 ἁπεκρί-

2061 4714 2190 4751 νατο
2211 4713 2224 4728 ⁸
2273 4699 2463 4768 Ἡμεῖς
2494 4697 2669 4769 τούτῳ
2689 4697 3026 4767 πειθόμενοι,
3052 4696 3189 4767 πρὸς
3211 4695 3501 4764 ἐπίσκεψιν
3544 4696 3645 4748 αὑ-

2060 4787 2154 4843 τοῦ
2188 4791 2633 4861 συνεδράμομεν·
2688 4793 2737 4844 εξ
2785 4790 2842 4843 δὲ
2881 4790 3123 4858 λέγεται,
3168 4790 3355 4860 φησιν,
3400 4789 3653 4860 Ὅμηρος

2063 4882 2139 4945 ὼς
2172 4882 2510 4953 ἠκούσαμεν,
2542 4882 2676 4937 Θεὸν
2706 4883 2797 4934 τὸν
2824 4882 2918 4934 ἐπὶ
2948 4882 3167 4935 πάντων
3189 4879 3531 4950 δοξάσωμεν,
3555 4880 3647 4933 τὸν

2059 4974 2273 5037 πάθους
2305 4975 2549 5028 τοιούτου
2583 4976 2673 5028 καὶ
2707 4976 3082 5044 προσηγορίας
3106 4974 3269 5027 αὐτὸν
3299 4970 3655 5042 λυτρωσάμε-

2069 5085 2177 5120 νον.
2208 5069 2317 5120 Καὶ
2352 5068 2474 5121 τότε
2509 5066 2607 5138 μὲν
2635 5065 2779 5120 οὕτω
2816 5066 3098 5134 φανέντες,
3133 5065 3228 5120 καὶ
3268 5064 3447 5133 λόγοις
3479 5062 3654 5117 τοιούο

2068 5179 2180 5226 τοις
2215 5161 2377 5215 αὑτὸν
2399 5161 2825 5225 ἀποπείσαντες,
2857 5159 2933 5221 ὼς
2960 5157 3263 5231 Ὁμηρικῆς
3290 5174 3420 5210 ποτε
3442 5153 3653 5225 τυφλώ-

2072 5269 2209 5317 σεως
2242 5254 2497 5319 κοινωνὸς
2537 5253 2598 5306 οὐ
2630 5253 2947 5324 γενήσεται,
2979 5253 3071 5306 τὸν
3092 5252 3301 5324 ὄνειρον
3329 5248 3656 5313 ἀπελθόντες

2069 5347 2341 5404 διέλυσαν.

1929 5619 2163 5677 NOTAE

603 5706 739 5781 Cyd.
765 5709 1080 5779 ἀμοιϐαίας.
1112 5711 1249 5766 Num
1284 5729 1379 5781 pro
1412 5714 1679 5779 &:tr.;6a't;?

485 5777 580 5848 4‘2),
640 5776 753 5831 Duo
807 5776 1031 5833 luerunt
1086 5776 1394 5848 Sophronio
1452 5776 1745 5838 familiares
1809 5785 1946 5845 viri,

390 5841 617 5909 Joannis
645 5849 865 5904 nomine
893 5841 1213 5921 nuneupat'i,
1237 5850 1474 5909 Joannes
1496 5872 1685 5924 neian
1712 5841 1966 5910 Moschus

2067 5724 2119 5767 et
2167 5710 2404 5769 Joannes
2457 5712 2949 5784 Elcemosynarius.
3014 5709 3294 5767 Moschum
3349 5718 3529 5763 autem
3564 5706 3654 5764 hic

2059 5784 2327 5853 designari
2366 5795 2515 5854 puto.
