4060 6236
404 304 548 370 3669

1399 291 1502 356 SS.
1540 291 1717 354 CYRI
1756 291 1852 354 ET
1889 292 2212 356 JOANNIS
2245 292 2665 355 MIRACULA.

3521 296 3665 367 3570
3721 377 3729 385 _

472 416 590 473 me
608 416 620 433 ‘
646 411 861 486 ἡμέρας
881 410 938 465 δὲ
970 406 1132 463 πάλιν
1153 404 1340 477 ὀλίγας
1371 405 1429 460 ιν
1460 403 1744 476 μοναστῶν
1770 402 1983 467 στολαῖς

2158 402 2289 459 Post
2315 416 2518 475 paucos
2557 406 2688 457 vero
2713 399 2831 458 dies
2869 401 2925 457 in
2975 402 3367 459 monachorum
3394 407 3551 463 stolis
3580 425 3668 467 vc-

403 510 748 582 ἀφικόμενοι,
793 505 889 574 τῆς
926 503 1134 565 οίκείας
1175 499 1357 555 αὐτῶν
1394 498 1649 570 κηρωτῆς
1695 495 1861 568 ἐλαίῳ
1890 496 1986 549 λυ-

404 603 592 673 θείσης
617 597 694 670 τῷ
714 598 812 667 τῆς
837 593 1164 666 ἐπιτυμὸίου
1195 590 1473 661 κανδήλας
1494 587 1673 642 αὐτῶν
1702 587 1990 659 περιττεύ-

403 712 515 748 οντι
546 694 659 754 τοῖς
682 687 980 759 ὀφθαλμοῖς
1010 685 1214 739 ἐνιέναι
1237 681 1576 737 κελεύουσιν.
1609 678 1669 734 ’0
1684 679 1741 734 δὲ
1765 678 1988 753 πληρώο

406 764 634 854 σαςτὴν
681 782 946 843 ιέλευσιν,
990 778 1091 849 τὴν
1124 775 1333 845 ταύτης
1379 773 1679 829 ἀκόλουθον
1708 773 1898 842 ὑγείαν
1924 774 1990 827 ἐκ

406 866 606 946 ρίὲρους
639 875 877 940 ἐδέξατο.
913 869 1054 924 Ἀλλ’
1085 870 1175 923 ὅτε
1206 870 1373 941 ρὦιν
1401 867 1611 922 τελείαν
1636 868 1783 940 αὐτῷ
1810 885 1988 940 παρα-

404 969 549 1036 σχεῖν
581 961 1120 1034 ὲσπλαγχνίσθησαν,
1165 959 1308 1013 οὕτω
1348 958 1415 1014 δι’
1445 960 1724 1031 ὁράματος
1754 961 1855 1031 τήν
1902 960 1988 1013 δό-

405 1078 487 1112 σιν
516 1057 800 1110 ἑτύπωσαν
822 1072 837 1087 ·
861 1054 978 1119 Νὺξ
998 1050 1084 1126 ἦν,
1113 1052 1206 1108 καλ⁹
1227 1052 1531 1125 Σωφρόνιος
1553 1052 1647 1104 ἐπὶ
1673 1051 1779 1104 τῶν
1811 1068 1988 1123 στρω-

403 1149 589 1220 μάτων
624 1147 877 1201 ἐκάθευδε
899 1163 911 1177 ·
951 1147 1045 1200 καὶ
1075 1145 1374 1209 καθεύδων,
1424 1144 1681 1213 Ἰωάννην
1723 1141 1814 1196 τὸν
1845 1141 1990 1197 διδά-

402 1241 601 1294 σκαλον
626 1242 754 1303 τοὺς
786 1238 1053 1307 ἀδελφοὺς
1079 1237 1325 1302 ἅπαντας
1350 1238 1537 1307 sane»
1563 1236 1687 1299 τοὺς
1710 1236 1791 1298 είς
1817 1234 1878 1288 τὸ
1903 1235 1989 1287 τέ-

403 1349 561 1401 μενος
591 1332 735 1395 ἔδοξε
761 1347 774 1360 ·
812 1330 911 1401 μία
940 1330 996 1384 δὲ
1022 1331 1135 1392 τοῖς
1172 1329 1338 1382 πᾶσιν
1368 1326 1590 1395 ἐγένετο
1620 1326 1866 1397 τράπεζα
1894 1342 1989 1379 κυ-

400 1424 676 1495 κλοτερὴς.
707 1423 799 1476 καὶ
823 1422 890 1476 δι’
940 1422 1068 1493 ὅλης
1094 1421 1192 1492 τῆς
1228 1419 1322 1474 τοῦ
1373 1418 1543 1488 σηκοῦ
1578 1420 1744 1483 στοᾶς
1787 1417 1987 1472 διατεί-

399 1534 593 1570 νουσα·
623 1515 816 1570 τούτου
851 1514 960 1586 γὰρ
1011 1514 1151 1585 αὐτή
1196 1513 1256 1567 τὸ
1286 1513 1474 1584 σχῆμα
1530 1511 1898 1584 κεκλήρωται,
1938 1514 1987 1565 εί

401 1607 495 1658 καῖ
523 1605 744 1673 γωνίαις
771 1604 916 1659 ὀκτὼ
971 1606 1070 1676 τὴν
1128 1604 1255 1674 μίαν
1319 1603 1412 1657 τοῦ
1466 1601 1671 1656 κύκλου
1722 1603 1988 1674 γραμμήν

398 1697 803 1764 διαστέλλουσα,
838 1698 1027 1769 σχῆμα
1067 1697 1310 1751 δείκυσιν
1349 1695 1537 1768 ἕτερον
1574 1697 1635 1749 ού
1678 1697 1856 1766 πάντη
1889 1695 1984 1748 τοῦ

2087 496 2325 560 nicntes,
2359 495 2639 565 propriam
2674 508 2832 548 suam
2860 501 3081 551 ceroten
3107 495 3228 552 oleo
3266 497 3516 566 dissolvi,
3544 518 3665 571 qua:

2088 601 2152 642 ex
2185 585 2416 642 candela
2465 601 2587 658 qum
2621 600 2785 656 supra
2826 587 3095 642 tumulum
3137 601 3296 644 suum
3327 601 3444 646 erat
3491 593 3666 649 abun-

2088 678 2274 744 dabat,
2307 686 2361 734 et
2390 678 2444 732 in
2478 677 2671 734 oculos
2698 678 2842 733 mitti
2861 678 3077 749 jubent.
3109 678 3213 747 Qui
3237 679 3492 752 jussione
3514 699 3668 740 com-

2089 769 2257 839 pleta,
2292 777 2718 839 cousequentem
2749 770 2917 826 etiam
2951 771 3151 842 partim
3192 775 3482 831 sanitatem
3511 793 3666 836 rece-

2089 864 2189 936 pit.
2262 863 2372 919 Sed
2432 864 2692 934 quoniam
2762 863 3198 920 incolumitatem
3263 866 3558 937 perfectam
3615 872 3666 927 ei

2090 954 2522 1010 misericorditer
2535 954 2667 1009 dare
2681 954 2991 1021 voluerunt,
3012 956 3195 1012 taliter
3210 958 3396 1013 datum
3410 957 3667 1037 [donum]

2088 1059 2186 1116 per
2217 1045 2491 1100 somnium
2520 1044 2913 1101 formaverunt.
2946 1045 3062 1102 Nox
3084 1058 3221 1113 erat,
3256 1058 3310 1106 et
3344 1067 3508 1123 supra
3526 1063 3666 1110 stra-

2089 1138 2574 1216 tum_dormiebat,
2625 1145 2680 1193 et
2724 1139 3004 1197 dormiens
3040 1140 3306 1199 Joannem
3345 1147 3665 1218 magistrum

2089 1229 2288 1286 fratres
2321 1230 2607 1285 universos
2641 1231 2733 1300 qui
2768 1231 2820 1284 in
2847 1231 3048 1301 templo
3074 1242 3233 1289 erant
3260 1235 3326 1289 ad
3357 1239 3667 1294 convivium

2089 1322 2355 1379 invitasse
2401 1322 2587 1378 videre
2626 1323 2890 1393 putabat;
2938 1339 3043 1378 una
3087 1340 3223 1382 vero
3266 1329 3482 1385 cunctis
3526 1329 3666 1385 facta
3746 1388 3749 1393 ν

2089 1424 2173 1470 est
2208 1421 2413 1472 'mensa
2448 1415 2502 1469 in
2537 1415 2755 1469 modum
2792 1415 3012 1482 circuli,
3045 1426 3098 1471 et
3134 1433 3230 1486 per
3269 1427 3436 1478 totam
3485 1424 3667 1494 templi

2091 1508 2363 1575 porticum
2406 1516 2653 1575 extensa,
2693 1508 2837 1565 hanc
2859 1511 3005 1564 enim
3044 1510 3158 1565 haec
3201 1512 3430 1583 figurant
3472 1518 3667 1573 sortita

2090 1609 2193 1664 est,
2241 1598 2367 1653 licet
2411 1598 2626 1669 angulis
2656 1605 2805 1662 octo,
2842 1612 3007 1653 unam
3060 1600 3192 1671 cycli
3228 1600 3428 1659 lineam
3472 1604 3671 1661 distin—

2091 1705 2287 1761 guens,
2326 1690 2553 1745 formam
2588 1692 2902 1747 ostenderet
2929 1692 3091 1747 aliam
3126 1709 3234 1749 non
3266 1698 3493 1753 omnino
3518 1714 3548 1753 a
3580 1714 3670 1755 ro-

400 1787 758 1858 κυκλοτεροῦς
793 1788 1156 1858 διιστάμενον.
1190 1787 1280 1858 Τῷ
1308 1782 1401 1841 οὖν
1425 1787 1665 1859 σχήματι
1692 1785 1789 1857 τῆς
1822 1788 1981 1853 στοᾶς

2087 1782 2357 1838 tumlitate
2392 1782 2711 1839 distantem.
2747 1784 2888 1855 Ergo
2931 1784 3158 1855 ﬁguram
3189 1789 3435 1856 porticus
3473 1807 3668 1863 seque-

397 1879 681 1950 ἠκολούθει
711 1879 901 1949 σαφῶς
929 1880 1025 1934 καὶ
1054 1882 1087 1952 ή
1115 1880 1388 1951 τράπεζα,
1413 1873 1478 1954 ἦς
1505 1880 1563 1933 ὲν
1596 1880 1739 1953 ἀρχῇ
1770 1880 1978 1935 Θεόδω-

400 1988 493 2040 ρος
519 1972 547 2023 6
581 1972 793 2043 μάρτυς
830 1971 1109 2026 ἀνέκειτο·
1146 1971 1266 2025 λίαν
1295 1972 1401 2044 γὰρ
1443 1973 1534 2026 καὶ
1567 1973 1730 2039 αὐτὸς
1758 1976 1982 2044 ἐτιμᾶτο

396 2063 475 2135 τῷ
510 2062 798 2132 πάσχοντι·
839 2063 963 2133 μεθ’
993 2062 1054 2116 ὃν
1080 2061 1263 2133 Κῦρος
1295 2059 1363 2134 ἦν
1394 2066 1422 2117 6
1453 2063 1761 2135 θεσπέσιος,
1797 2067 1982 2124 Ἰωάν-

398 2168 497 2225 νην
525 2154 616 2208 τδν
646 2154 872 2223 ἀδελφὺν
922 2154 1096 2222 δεξιὸν
1148 2156 1514 2227 ἐπαγόμενος,
1561 2160 1656 2214 καὶ
1687 2160 1824 2232 πρὸς
1873 2161 1983 2216 τῶν

397 2248 490 2301 δύο
519 2249 615 2319 τῆς
644 2246 929 2321 εὐσεϐείας
974 2246 1230 2320 ἀθλητῶν
1271 2249 1678 2321 μεσαζόμενος·
1717 2253 1816 2323 οὐχ
1863 2254 1982 2307 ἐτέ-

402 2350 514 2404 ροις
539 2333 809 2404 χρώμενοι
837 2334 1136 2407 σχήμασιν,
1174 2335 1275 2389 οὐκ
1315 2337 1374 2391 ὲν
1405 2341 1643 2409 μορφαῖς
1674 2339 1982 2412 ἀλλοτρίᾶις

400 2425 735 2497 φαινόμενοι,
764 2426 881 2480 ἀλλ’
906 2428 965 2480 ὲν
992 2420 1080 2491 αἷς
1108 2426 1355 2500 ὑπῆρχον
1378 2429 1473 2483 καὶ
1509 2429 1814 2500 γράφονται
1840 2449 1853 2462 ·
1890 2433 1984 2485 καὶ

402 2517 523 2587 μετ’
546 2519 749 2583 αὐτοὺς
787 2520 815 2571 6
856 2518 1045 2582 λοιπὸς
1078 2519 1266 2589 ὅμιλος
1303 2519 1413 2574 τῶν
1446 2521 1689 2575 ἀσθενῶν
1738 2523 1985 2594 ἀδελφῶν

398 2607 818 2664 κατεκλίνοντο·
866 2611 959 2664 καὶ
998 2612 1134 2665 πᾶσι
1176 2608 1275 2681 μὲν
1319 2610 1479 2681 μόνος
1523 2612 1824 2684 διηκονεῖτο
1868 2617 1982 2671 Σω-

400 2701 644 2774 φρὸνιος·
676 2703 929 2777 Ἰωάννης
946 2701 1002 2756 δὲ
1030 2704 1059 2757 6
1086 2702 1277 2757 τούτου
1302 2701 1644 2770 διδάσκαλος,
1668 2704 1744 2770 ὡς
1775 2709 1833 2760 ὲν
1868 2708 1983 2777 γεί-

398 2810 510 2847 τονι
537 2796 600 2865 τῇ
627 2793 789 2867 κέλλῃ
810 2793 909 2857 τὰς
937 2793 1146 2858 ἐδωδὰς
1170 2793 1606 2865 παρεσκεύαζεν.
1968 2792 1971 2793 ν

484 2884 569 2948 Ὠς
591 2884 649 2937 δὲ
686 2886 859 2955 πέρας
890 2885 921 2955 ή
950 2884 1193 2948 ἑστίασις
1218 2885 1398 2952 ἔλαϐε,
1452 2886 1546 2939 καὶ
1584 2887 1685 2957 τῆς
1729 2890 1987 2943 κατακλί-

400 2993 538 3040 σεως
578 2977 628 3030 ot
691 2979 840 3048 τρεῖς
894 2977 1195 3047 ἀνέστησαν
1239 2975 1405 3046 ἅγιοι,
1457 2978 1590 3049 πρὸς
1631 2980 1987 3051 Σωφρόνιονὸ

400 3069 671 3140 Θεόδωρος
712 3068 930 3138 εἴρηκεν
952 3084 966 3099 ·
1017 3066 1293 3122 Ἀπελθὼν
1315 3067 1469 3133 κάλει
1497 3085 1587 3122 σου
1612 3069 1702 3124 τδν
1731 3071 1985 3126 διδάσκα-

398 3161 511 3226 λον,
546 3159 612 3215 ἵν’
647 3159 865 3231 ἀποδῴη
902 3157 1083 3231 Κῦρος
1121 3162 1149 3214 6
1180 3160 1334 3230 ἅγιος
1371 3162 1399 3216 ὃ
1428 3179 1480 3215 τι
1510 3162 1554 3215 δ’
1582 3163 1649 3217 ἂν
1692 3164 1841 3235 αὐτῷ
1884 3166 1973 3218 ἑπ-

398 3254 687 3322 ορείλεται.
736 3254 793 3306 'U
821 3252 877 3305 δὲ
917 3252 1172 3324 δρομαῖος
1193 3253 1253 3307 τὸ
1297 3254 1588 3308 κελευσθὲν
1636 3254 1983 3327 διεπράξατο.

414 3345 668 3398 ἰἐλθόντα
697 3344 827 3412 γοΰν
853 3343 946 3398 τὸν
986 3345 1239 3415 Ἰωάννην
1267 3344 1450 3416 (τοῦτο
1477 3345 1583 3417 γάρ
1620 3342 1688 3419 ἦν
1710 3350 1802 3401 τοῦ
1843 3349 1986 3403 διδα-

406 3438 607 3493 σκάλου
629 3437 689 3493 τὸ
710 3436 927 3510 ὄνομα),
950 3436 1085 3491 Εἰπὲ
1118 3438 1254 3510 πρὸς
1278 3438 1462 3510 αὐτὸν,
1488 3441 1516 3493 6
1552 3439 1761 3510 μάρτυς
1786 3439 1988 3495 Θεόδω-

403 3547 492 3601 ρος
526 3524 698 3593 εἶπεν,
744 3526 800 3581 τί
828 3544 911 3580 σοι
950 3529 1215 3598 χρεωστεί
1261 3525 1444 3599 Κῦρος
1473 3529 1501 3581 6
1530 3527 1707 3596 ἆγιος,
1741 3528 1825 3582 ἵνα
1879 3547 1980 3583 πα-

405 3618 663 3690 ραχρῆμα
683 3616 744 3670 τὸ
770 3617 931 3688 χρέος
961 3617 1227 3671 ὲκτίσειεν
1247 3634 1261 3649 ·
1297 3616 1356 3672 '0
1388 3617 1444 3672 δὲ
1475 3618 1657 3672 πεσὼν
1683 3620 1777 3673 ἐπὶ
1811 3621 1984 3691 πρόσ-

403 3728 573 3772 ωπον,
609 3708 775 3780 μηδὲν
810 3706 958 3779 αὑτῷ
989 3710 1284 3781 χρεωστεῖν
1316 3706 1420 3779 ἔφη
1474 3709 1563 3762 τὸν
1610 3709 1886 3782 μάρτυρα.
1925 3711 1983 3763 ’0

403 3803 459 3854 δὲ
495 3802 703 3871 μάρτυς
725 3799 1021 3870 Θεόδωρος,
1045 3798 1270 3863 Πάντως
1299 3800 1463 3869 ἐρεῖς,
1490 3801 1841 3872 ἀπεκρίνατο.
1874 3803 1984 3856 Καὶ

405 3897 564 3949 πάλιν
593 3897 620 3948 6
642 3892 831 3964 Πατὴρ
863 3892 962 3964 τὴν
985 3892 1260 3964 προτέραν
1288 3888 1442 3948 εἷπεν
1462 3893 1774 3966 ἀπόκρισιν.
1815 3896 1901 3960 Ὠς
1925 3896 1982 3950 δὲ

403 3987 561 4041 τοῦτο
615 3985 874 4050 πολλάκις
932 3985 1254 4057 πεποίηκεν,
1302 3986 1399 4040 καὶ
1442 3984 1517 4056 μὴ
1546 3986 1981 4058 παραχωροῦντα

404 4082 493 4134 τὸν
522 4081 677 4148 ἆγιον
707 4077 924 4143 ἔϐλεπε,
956 4076 1091 4130 ἀλλὰ
1131 4077 1348 4141 πάντως
1375 4079 1548 4131 εἰπεῖν
1581 4078 1980 4146 ἀναγκάζοντα,

417 4173 571 4244 Ἐμοὶ
602 4170 699 4243 μὲν
723 4169 896 4233 οὐδὲν,
937 4167 1063 4240 ἔφη,
1107 4171 1408 4240 χρεωστεῖ·
1448 4167 1607 4222 τοῦτο
1634 4169 1691 4222 δὲ
1717 4168 1982 4224 λιτανεύω

405 4267 498 4319 καὶ
526 4265 738 4337 δέομαι,
769 4263 865 4317 καὶ
899 4261 959 4328 ἐξ
987 4262 1115 4333 ὅλης
1137 4260 1314 4334 ψυχῆς
1340 4259 1600 4332 αἰτοῦμαι
1647 4261 1741 4315 τὸν
1769 4263 1981 4333 μάρτυ-

409 4376 498 4431 pa,
530 4358 608 4421 είς
644 4357 740 4427 τὴν
774 4356 968 4411 κὲλλαν
1006 4355 1166 4429 ἡμῶν
1217 4354 1319 4428 τὴν
1354 4355 1620 4427 ταπεινὴν
1671 4354 1980 4428 παραγενέ-

409 4448 553 4515 σθαι,
580 4451 801 4517 κάκεῖσε
830 4449 1039 4521 συχνῶς
1062 4450 1209 4521 ήμᾶς
1233 4449 1681 4505 ἐπισκέπτεσθαι·
1709 4451 1803 4503 καὶ
1828 4449 1980 4503 εὐλο-

407 4546 520 4611 γεῖν
549 4545 645 4613 μὲν
678 4542 1042 4611 ὑγιαίνοντας,
1084 4540 1267 4595 ἰᾶσθαι
1296 4541 1353 4595 δὲ
1384 4541 1773 4612 συνεχομένους
1816 4541 1977 4613 νοσή-

410 4651 605 4705 μασιν·
630 4628 730 4687 Ὧν
764 4633 1000 4696 ἀκούσας
1030 4631 1210 4703 Κῦρος
1239 4632 1267 4684 6
1288 4631 1439 4701 ἅγιος
1478 4631 1651 4695 οὕτως
1688 4632 1847 4697 εὐθὺς
1881 4634 1983 4686 ἀπ-

406 4729 675 4799 εκρίνατο·
701 4727 906 4789 Ὄντως
921 4722 1354 4797 ἔρχομαι,ὄντως
1375 4724 1626 4795 ἔρχομαι,
1646 4723 1811 4787 ὄντως
1830 4723 1984 4795 ἔρχου

405 4837 530 4891 μαι,
571 4818 650 4889 τῷ
675 4818 883 4889 τρισσῷ
926 4817 1020 4871 τοῦ
1052 4817 1441 4889 προσρήματος
1477 4817 1576 4888 τὴν
1609 4816 1761 4887 ίεράν
1817 4815 1981 4870 αὑτοῦ

406 4911 766 4983 πιάτούμενος
813 4910 1031 4980 ἄφιξιν·
1067 4911 1204 4981 ὅπερ
1240 4908 1459 4980 ἀληθῶς
1491 4910 1584 4962 καὶ
1624 4909 1981 4980 πεπλήρωκε,

408 5004 502 5057 καὶ
552 5004 748 5074 πληροί
796 5001 1032 5072 συνεχῶς
1077 5000 1501 5071 ἀφικνούμενος.
1528 5001 1603 5054 Τὸ
1639 5001 1746 5073 γὰρ
1772 5002 1983 5070 Ὠμοσα

407 5100 499 5152 καὶ
524 5096 748 5167 ἔστησα,
791 5095 886 5148 καὶ
916 5093 985 5148 τὰ
1007 5092 1473 5164 διεκπορευόμενα
1507 5092 1595 5147 διὰ
1624 5091 1734 5146 τῶν
1764 5091 1984 5163 χειλέων

410 5207 514 5259 μου
551 5189 651 5242 οὑκ
701 5186 972 5257 ἀθετήσω,
1033 5185 1204 5254 ἁγίων
1252 5184 1381 5239 ἴδιον
1436 5183 1836 5252 ἐπιστάμενος,
1888 5199 1985 5236 πε-

410 5282 543 5353 ριὼν
576 5281 675 5352 μὲν
704 5282 762 5333 ὲν
796 5281 960 5350 σαρκὶ
989 5280 1315 5350 συχνότερον
1351 5275 1549 5347 ἔψαλλε
1571 5293 1587 5308 ·
1610 5273 1905 5347 χωρισθεὶς
1927 5272 1983 5329 δὲ

409 5374 634 5446 σαρκὸς,
667 5372 758 5426 καὶ
796 5372 929 5443 πρὸς
958 5358 1482 5443 οὐρανὸείὰναπτάς,
1517 5369 1678 5424 πάλιν
1723 5365 1892 5421 ποιῶν
1921 5365 1983 5420 οὐ

405 5467 664 5520 διέλιπεν.
691 5459 799 5518 Καὶ
827 5462 1080 5535 Ἰωάννης
1104 5464 1202 5533 μὲν
1230 5465 1259 5517 6
1286 5461 1607 5526 διδάσκαλος
1634 5460 1844 5525 τούτοις
1869 5461 1985 5515 ἐθε-

410 5556 657 5630 ραπεύθη
688 5558 798 5619 τοῖς
846 5555 1109 5627 ῥήμασιν,
1149 5552 1369 5624 ἔνορκον
1411 5551 1538 5623 περὶ
1585 5550 1693 5605 τῶν
1738 5550 1986 5622 αίτηθένο

408 5666 517 5705 των
552 5648 877 5717 ἐπαγγελίαν
900 5645 1211 5717 δεξάμενος,

388 5744 393 5749 ’
487 5740 551 5795 '0
583 5739 828 5814 μαθητὴς
863 5739 920 5794 δὲ
950 5738 1137 5793 τούτου
1188 5736 1513 5808 Σω’ρρ·2ιλιος,
1560 5735 1718 5801 δότας
1765 5736 1983 5810 ἱλαροὺς

2082 1875 2244 1929 batur
2291 1875 2577 1930 evidenter
2624 1883 2679 1931 et
2731 1888 2965 1944 mensa;
3022 1877 3076 1931 itt
3122 1879 3285 1948 cujus
3348 1885 3668 1937 summitate

2084 1973 2292 2037 martyr
2321 1964 2648 2023 Theodorus
2697 1968 3090 2034 recumbebat;
3134 1971 3290 2026 valde
3342 1987 3582 2043 namque
3610 1987 3667 2029 et

2084 2059 2202 2129 ipse
2235 2059 2673 2130 compatiebatur
2698 2059 2924 2128 patienti
2950 2077 2964 2126 ;
2994 2069 3120 2131 post
3146 2077 3309 2132 quem
3341 2064 3522 2136 Cyrus
3547 2077 3667 2121 erat

2082 2149 2360 2220 egregius,
2407 2149 2674 2206 Joannem
2724 2149 2951 2206 fratrem
2993 2151 3342 2209 dextrorsum
3383 2169 3574 2229 agens,
3612 2167 3666 2211 et

2085 2240 2297 2302 medius
2343 2242 2487 2297 inter
2529 2241 2670 2298 duos
2729 2244 2950 2314 pietatis
2993 2255 3329 2314 certatores,
3385 2264 3493 2305 non
3540 2250 3666 2306 aliis

2083 2334 2457 2391 schematibus
2497 2345 2735 2400 utentes,
2779 2352 2888 2392 non
2921 2337 2977 2392 itt
3021 2339 3219 2396 alienis
3266 2340 3459 2399 formis
3497 2358 3665 2415 appa-

2085 2433 2290 2490 rentes,
2325 2428 2420 2482 sed
2457 2427 2511 2481 in
2540 2429 2740 2498 quibus
2773 2427 2990 2484 fuerant
3013 2439 3067 2487 et
3096 2432 3435 2504 pinguntur;
3467 2443 3521 2491 et
3542 2446 3665 2507 post

2084 2535 2180 2575 eos
2194 2520 2401 2587 reliqua
2416 2519 2755 2575 inﬁrmorum
2769 2521 3002 2577 fratrum
3032 2525 3386 2582 recumbebat
3404 2539 3623 2584 caterva
3649 2551 3661 2597 ;

2084 2623 2138 2667 et
2163 2612 2422 2667 omnibus
2459 2613 2692 2681 quidem,
2710 2614 2863 2672 solus
2902 2616 3252 2674 ministrabat
3290 2620 3662 2691 Sophronius.

2083 2701 2323 2761 Joannes
2359 2711 2539 2760 autem
2589 2705 2754 2775 hujus
2804 2707 3068 2779 magister
3094 2711 3252 2781 quasi
3291 2712 3344 2767 in
3381 2712 3667 2773 vicinitate

2086 2796 2237 2852 cella:
2269 2795 2608 2866 praeparabat
2629 2796 2817 2868 dapes.

2156 2885 2401 2955 Cumque
2434 2885 2594 2940 linem
2626 2888 2937 2943 convivium
2982 2891 3346 2964 percepisset,
3379 2900 3436 2951 et
3468 2896 3540 2953 ab
3570 2912 3665 2954 ac-

2088 2973 2275 3026 cubitu
2326 2985 2616 3049 surgentes
2656 2983 2771 3031 tres
2801 2977 2879 3032 illi
2916 2973 3092 3035 sancti
3128 2982 3490 3056 resedissent,
3530 3003 3663 3045 san-

2089 3070 2211 3118 ctus
2244 3064 2310 3119 ad
2358 3062 2728 3137 Sophrottiutu
2763 3066 3084 3128 Theodorus
3118 3072 3297 3133 dixit:
3332 3075 3501 3146 Vade,
3532 3095 3667 3136 voca

2092 3158 2410 3227 magistrum
2457 3165 2634 3227 tuum,
2678 3169 2736 3215 ttt
2784 3161 2975 3218 reddat
3013 3162 3188 3238 Cyrus
3221 3177 3450 3227 sanctus
3492 3173 3668 3244 quod-

2089 3264 2306 3322 cunque
2359 3250 2436 3306 illi
2487 3252 2668 3309 debet.
2735 3254 2838 3320 Qui
2881 3257 3087 3313 cursim
3136 3260 3281 3331 quod
3325 3260 3541 3332 jussqu
3583 3272 3669 3322 est

2086 3344 2216 3414 egit.
2276 3341 2411 3401 Cum
2449 3359 2580 3415 ergo
2626 3342 2866 3403 Joannes
2906 3349 3147 3406 venisset
3190 3351 3319 3422 (hoc
3362 3355 3507 3410 enim
3550 3363 3670 3412 erat

2090 3435 2336 3505 magistri
2369 3440 2613 3509 nomen),
2635 3437 2773 3494 dixit
2801 3439 2868 3494 ad
2901 3456 3025 3495 eum
3065 3452 3273 3515 martyr
3296 3442 3623 3504 Theodorus
3651 3466 3665 3504 :

2089 3524 2185 3581 Dic
2222 3529 2353 3598 quid
2385 3529 2480 3585 tibi
2510 3529 2669 3587 debet
2699 3540 2928 3588 sanctus
2956 3533 3130 3606 Cyrus
3155 3534 3179 3589 ?
3210 3542 3267 3590 ut
3295 3536 3539 3593 debitum
3558 3547 3667 3595 sta-

2090 3620 2184 3674 tim
2235 3622 2502 3678 exsolvat.
2547 3623 2653 3691 Qui
2688 3626 2893 3682 cadens
2928 3627 2981 3681 in
3026 3626 3245 3694 faciem,
3272 3629 3410 3684 nihil
3442 3630 3546 3686 sibi
3571 3630 3670 3688 de-

2088 3709 2213 3764 bere
2257 3719 2552 3784 martyrem
2603 3714 2699 3769 ait.
2751 3715 2851 3771 Ast
2885 3713 3207 3773 Theodorus
3247 3728 3478 3791 martyr,
3509 3718 3669 3780 Dices

2087 3799 2354 3870 profecto,
2389 3802 2689 3871 respondit.
2730 3802 2798 3858 Et
2832 3804 3031 3860 iterum
3062 3806 3227 3861 Pater
3249 3808 3487 3876 priorem
3527 3809 3669 3864 dixit

2087 3894 2523 3961 responsionem.
2557 3894 2802 3968 Cumque
2825 3896 2928 3951 hoc
2954 3911 3096 3967 δεῖρε
3116 3896 3356 3961 fecisset,
3384 3907 3668 3955 sanctum—

2084 3999 2192 4055 que
2228 3984 2441 4042 videret
2484 4002 2591 4043 non
2631 3987 3002 4054 desinentem,
3049 3990 3143 4046 sed
3183 3992 3363 4047 modis
3412 3993 3668 4054 omnibus

2084 4077 2268 4133 dicere
2297 4090 2608 4150 cogentem,
2640 4080 2772 4137 Mihi
2802 4082 3025 4153 quidem
3068 4082 3204 4138 nihil
3234 4083 3417 4152 debet,
3445 4086 3664 4157 inquit;

2085 4167 2188 4224 hoc
2240 4175 2422 4225 tamen
2471 4185 2670 4241 precor
2711 4180 2767 4227 et
2813 4172 3070 4240 obsecro,
3117 4182 3172 4230 et
3211 4188 3276 4228 ex
3321 4183 3436 4230 toto
3482 4177 3668 4233 animo

2085 4269 2378 4330 martyrem
2417 4261 2658 4330 postulo,
2691 4270 2752 4316 ut
2785 4262 2841 4317 in
2890 4262 3151 4319 humilem
3192 4265 3385 4320 cellam
3422 4278 3663 4323 nostram

2082 4350 2291 4413 veniat,
2323 4357 2378 4405 et
2402 4351 2516 4408 illic
2546 4367 2647 4409 nos
2681 4353 3022 4425 frequentius
3062 4355 3267 4422 visitet,
3292 4366 3346 4412 et
3375 4359 3525 4413 sanis
3541 4359 3668 4429 qui-

2084 4439 2207 4495 deut
2239 4440 2548 4507 benedicat,
2581 4458 2880 4515 oppressos
2907 4461 3036 4502 vero
3054 4462 3084 4501 a
3111 4446 3464 4518 languoribus
3490 4462 3663 4506 sanet.

2086 4529 2300 4596 Quibus
2331 4533 2558 4598 auditis,
2591 4546 2821 4591 sanctus
2858 4534 3039 4607 Cyrus
3071 4553 3200 4592 mox
3235 4538 3311 4590 ita
3350 4540 3662 4605 respondit:

2086 4620 2226 4686 Vere
2249 4624 2426 4690 venio,
2454 4640 2580 4681 vere
2611 4625 2793 4693 venio,
2812 4641 2940 4697 vere
2968 4629 3148 4695 venio,
3178 4631 3323 4683 trinn
3348 4632 3665 4700 jurautento

2085 4723 2138 4770 et
2185 4714 2565 4786 hujuscemodi
2603 4717 2768 4774 affatu
2799 4736 3018 4777 sacrum
3066 4738 3230 4779 suum
3264 4722 3545 4783 allii-matis
3572 4729 3669 4782 ad-

2087 4810 2511 4879 ventum;quod
2541 4821 2597 4866 et
2631 4814 2897 4868 veraciter
2936 4813 3274 4884 adimplevit,
3319 4826 3373 4873 et
3410 4819 3667 4891 adimplet

2085 4901 2452 4956 continuatim
2488 4904 2756 4969 accedens
2791 4922 2805 4959 :
2835 4905 3018 4975 juravi
3073 4907 3224 4962 enim
3260 4915 3316 4963 et
3365 4912 3556 4976 statui,
3612 4918 3668 4966 et

2086 5009 2208 5063 quae
2252 4994 2559 5064 procedunt
2597 5011 2695 5066 per
2743 4996 2885 5052 labia
2924 5012 3044 5053 mea
3096 5016 3204 5054 non
3255 5000 3452 5055 faciant
3486 5002 3662 5066 irrita,

2087 5088 2370 5159 proprium
2412 5098 2730 5145 sanctorum
2750 5107 2872 5147 esse
2904 5106 3013 5145 non
3043 5093 3332 5159 nesciens;
3362 5094 3509 5162 quod
3539 5109 3664 5149 cum

2088 5188 2233 5236 esset
2261 5181 2482 5251 quidem
2530 5191 2816 5252 superstes
2853 5185 2908 5238 in
2937 5198 3104 5240 carne
3139 5184 3342 5255 jugiter
3374 5184 3663 5254 psallebat,

2086 5289 2212 5327 cum
2245 5283 2427 5329 autem
2465 5284 2751 5344 separatus
2774 5290 2803 5324 ο
2834 5291 3002 5331 carne
3030 5276 3097 5330 ad
3133 5276 3331 5331 malum
3369 5275 3663 5343 avolasset,

2089 5367 2285 5422 iterum
2319 5367 2503 5422 facere
2534 5384 2642 5423 non
2669 5366 2906 5423 ditistit.
2943 5368 3006 5421 Et
3044 5367 3287 5424 Joannes
3313 5369 3536 5439 quidem
3574 5368 3657 5425 ille

2087 5463 2348 5531 magister
2402 5460 2490 5517 bis
2526 5462 2771 5532 placatus
2805 5472 2889 5516 est
2932 5461 3130 5528 verbis,
3170 5461 3442 5530 juratoria
3477 5476 3664 5532 repro-

2088 5555 2350 5611 missione
2375 5555 2443 5610 de
2468 5554 2758 5625 postulatis
2784 5563 3028 5623 accepta.

2161 5702 2473 5809 Discipulus
2526 5744 2706 5796 autem
2739 5736 2906 5808 hujus
2957 5734 3301 5809 Sophronius
3334 5737 3535 5796 hilares
3567 5738 3657 5794 da-
