4036 6236
369 307 502 370 3671

1323 305 1385 366 s.
1428 305 1844 368 SOPHRONII
1878 301 2387 365 PATRIARCILE
2433 281 2837 365 IllEIlOSOL.

3476 297 3620 368 3672

363 431 510 474 tores
543 425 770 476 sanctos
806 419 1058 484 intuitus,
1101 426 1153 473 ct
1183 418 1304 475 ideo
1328 436 1530 476 mensa:
1579 435 1967 492 perseverarei

2053 420 2156 484 ςοὺς
2181 421 2368 487 ἁγίους
2402 417 2696 488 θεώμενος,
2749 415 2842 469 καὶ
2887 413 2974 468 διὰ
3035 414 3194 468 τοῦτο
3242 417 3308 486 τῇ
3369 419 3620 496 τραπέζῃ

359 510 732 580 conspiciens,
761 519 882 580 post
923 511 1234 564 convivium
1265 510 1532 566 accedens
1574 511 1638 565 ad
1691 511 1941 566 'lheodo-

361 618 480 656 runt
513 611 834 676 martyrem,
866 602 1209 658 intercedere
1237 617 1336 672 pro
1371 617 1436 661 eo
1469 605 1533 656 ad
1569 603 1772 673 Cyrum
1805 617 1937 656 san-

359 708 507 748 t'lttm
547 693 784 762 dicebat,
835 695 1002 750 humo
1033 695 1266 764 positus,
1305 711 1366 749 ac
1395 697 1626 766 genibus
1661 695 1940 750 inclinatis

359 795 410 835 et
445 787 605 840 collo.
653 785 825 842 Porro
857 786 1182 844 Theodorus
1227 791 1488 860 magister
1528 789 1762 842 militum
1811 802 1944 864 sup-

363 878 658 943 piicalionc
705 891 984 950 suscepta,
1034 895 1206 950 penes
1240 879 1442 952 Cyrum
1493 881 1742 950 protinus
1777 881 1945 935 inter—

357 971 546 1036 cessit,
589 969 821 1040 Propter
858 971 1173 1038 Dominum,
1197 973 1408 1035 dicens,
1443 981 1498 1026 et
1536 973 1606 1028 ob
1649 972 1795 1028 hunc
1827 987 1944 1027 ser-

359 1078 484 1116 vum
521 1069 672 1116 tuum
702 1079 946 1132 precare.
988 1066 1055 1117 At
1085 1065 1174 1118 ille
1200 1065 1363 1119 etiam
1395 1065 1460 1118 ad
1485 1080 1607 1120 eum
1638 1065 1940 1134 respondit;

359 1163 406 1204 et
434 1153 636 1222 jubens
683 1153 954 1222 iacentem
997 1169 1247 1224 surgere,
1287 1165 1368 1208 ter
1407 1156 1563 1226 signo
1605 1156 1784 1210 crucis
1835 1157 1944 1209 cir-

361 1246 681 1315 rumsepsit,
720 1245 916 1315 pollice
949 1245 1120 1317 digito
1146 1247 1384 1302 dexterae
1418 1263 1614 1302 manus
1643 1247 1787 1302 intra
1816 1262 1942 1317 par-

361 1353 488 1390 vum
543 1338 698 1398 valde
737 1338 973 1408 spatium
1024 1338 1076 1392 in
1119 1355 1246 1394 aere
1299 1340 1578 1410 signacula
1618 1338 1845 1403 faciens,
1893 1347 1946 1392 et

366 1427 682 1484 benedictus
711 1428 974 1484 Dominus
1004 1445 1101 1499 per
1143 1429 1572 1500 unumquodque
1602 1429 1942 1501 signaculum

364 1519 576 1582 dicens,
608 1534 728 1588 qua:
756 1520 1107 1589 repromissio
1144 1532 1299 1575 erant
1335 1523 1832 1592 appropinquantis
1861 1537 1948 1577 sa.—

367 1611 576 1676 uitatis,
616 1626 724 1664 non
747 1611 918 1680 ipsius
952 1615 1258 1668 curationis
1281 1615 1490 1669 indicia
1518 1633 1534 1682 ;
1560 1616 1784 1684 quando
1801 1615 1944 1670 enim

367 1704 620 1774 martyris
643 1704 845 1774 digitus
878 1705 1161 1774 proximus
1195 1705 1415 1777 quidem
1442 1714 1582 1769 erat,
1609 1707 1700 1762 sed
1733 1709 1945 1775 patien-

366 1796 436 1848 tis
471 1795 657 1851 oculos
690 1811 795 1849 non
843 1797 1120 1867 tangebat,
1155 1807 1286 1852 tunc
1319 1798 1636 1853 benedictus
1682 1796 1942 1854 Dominus

367 1886 486 1944 solt)
511 1886 681 1948 dicto,
719 1886 950 1943 vicinam
988 1895 1042 1940 et
1072 1889 1499 1959 subsequentem
1550 1889 1836 1945 sanitatem
1870 1891 1942 1946 si-

370 1978 684 2048 gnificahat.

442 2160 596 2218 Unde
644 2178 764 2218 mox
806 2179 912 2218 non
959 2173 1079 2232 post
1113 2165 1316 2220 multos
1365 2166 1484 2222 dies
1541 2173 1809 2238 martyres
1843 2167 1944 2222 So-

367 2255 602 2322 phronio
659 2253 860 2308 iterum
913 2256 1206 2311 dormienti
1255 2269 1540 2327 apparent,
1581 2260 1944 2328 praecedentes

368 2346 694 2419 sponsiones
739 2347 1064 2416 praebentes.
1113 2347 1284 2402 Porro
1333 2351 1594 2419 agebatur
1639 2351 1848 2406 sanitas
1885 2351 1946 2404 li-

367 2439 534 2506 quido
565 2439 666 2493 sic.
701 2439 1014 2496 Dormiebat
1053 2441 1099 2496 is
1137 2443 1227 2510 qui
1259 2458 1406 2498 nunc
1438 2443 1544 2498 ista
1581 2443 1768 2509 refert,
1809 2452 1862 2499 et
1893 2444 1944 2497 in

365 2529 666 2583 oratorium
709 2531 979 2600 quoddam
1019 2547 1208 2586 eorum
1263 2549 1384 2604 quae
1433 2533 1486 2588 in
1520 2534 1682 2589 domo
1729 2535 1946 2606 propria

367 2631 542 2687 t'ranl,
583 2610 754 2676 semet
795 2621 1002 2675 intrare
1038 2621 1278 2678 videbat.
1328 2625 1431 2690 Qui
1469 2641 1591 2680 cum
1630 2640 1723 2695 per
1763 2626 1942 2696 ipsum

367 2717 492 2770 ιιετ-ἰί
523 2715 850 2771 vestibulum
885 2716 1080 2780 exiret,
1113 2715 1340 2773 Thema:
1371 2721 1618 2789 apostolo
1643 2727 1694 2774 et
1720 2721 1944 2793 martyri

369 2807 703 2862 intrinsecus
747 2806 942 2862 obvius
994 2806 1136 2874 fuit;
1186 2810 1252 2862 οι·
1288 2811 1472 2878 agnito
1515 2819 1712 2866 sancto
1739 2820 1846 2866 tam
1880 2828 1943 2867 er

365 2900 510 2952 stola
541 2906 590 2954 et
621 2897 817 2970 forma,
841 2913 1007 2968 quam
1039 2914 1104 2952 ex
1129 2900 1278 2953 omni
1309 2903 1644 2972 proprietate
1667 2919 1786 2970 quae
1801 2903 1946 2958 circa

368 2991 600 3044 formam
658 2989 932 3052 consistit,
985 2991 1255 3045 maturius
1299 3007 1422 3046 cum
1477 2995 1944 3063 amplectebatur;

369 3093 421 3138 ct
452 3082 518 3136 de
547 3082 834 3136 curatione
869 3079 1044 3152 ipsius
1085 3083 1180 3146 ait,
1213 3085 1658 3152 quandoquidem
1699 3085 1945 3141 Damasci

372 3173 604 3226 \Irtutes
637 3171 726 3225 hic
765 3172 966 3226 multas
1017 3172 1281 3240 ostendit,
1333 3183 1388 3228 ct
1439 3176 1592 3246 signa
1641 3175 1950 3246 frequentia

369 3270 418 3312 ιιι
451 3257 788 3323 admiranda,
821 3259 913 3328 qui
941 3258 1102 3313 etiam
1133 3258 1423 3330 Sophronii
1457 3261 1678 3316 fratrem
1701 3279 1763 3318 ex
1793 3265 1953 3333 longo

369 3351 530 3406 valde
586 3353 848 3422 languore
893 3351 1265 3419 dissolutum,
1338 3363 1389 3408 et
1429 3356 1710 3410 mensibus
1751 3373 1843 3412 sex
1898 3357 1952 3411 in

373 3442 632 3518 passione
677 3441 987 3508 facientem,
1035 3443 1088 3499 in
1121 3443 1316 3500 diebus
1357 3448 1647 3516 perpaucis
1672 3447 1869 3511 erexit,
1902 3456 1956 3502 et

375 3534 677 3588 honoratur
735 3535 966 3588 nimium
1041 3547 1268 3606 propter
1319 3536 1434 3592 haec
1504 3553 1534 3591 a
1605 3539 1956 3595 Damascenis

375 3628 677 3696 apostolus,
725 3635 981 3698 tanquam
1026 3628 1094 3682 ab
1123 3629 1204 3684 eis
1233 3629 1325 3700 qui
1361 3629 1482 3700 ejus
1533 3633 1798 3688 sanitates
1844 3647 1957 3687 me-

373 3729 520 3786 tunt,
547 3728 602 3774 et
631 3720 806 3788 ipsius
837 3720 1171 3775 vindemiant
1205 3723 1430 3792 gratias.
1473 3723 1645 3788 Quem
1674 3725 1954 3780 inventum

377 3806 745 3876 Sophronius,
788 3822 908 3861 cum
939 3807 1098 3862 fidem
1145 3807 1369 3863 haberet
1399 3810 1454 3864 in
1479 3825 1602 3864 eum
1631 3820 1684 3864 et.
1713 3825 1956 3865 amorem

376 3898 728 3960 immensum,
766 3913 864 3966 pro
899 3897 1106 3954 visibus
1139 3900 1520 3970 supplicabat;
1551 3916 1676 3956 eum
1707 3901 1822 3957 sive
1851 3901 1958 3974 Cy-

378 4005 472 4044 rus
501 3999 709 4060 martyr
739 3989 904 4058 hujus
937 3990 1281 4046 desiderium.
1297 4007 1636 4063 cognoscens
1663 3995 1960 4065 inaposto-

388 4082 498 4134 tum
557 4096 680 4137 sese
726 4083 1170 4152 transfigurarct,
1205 4083 1319 4139 sive
1354 4087 1537 4154 potius
1561 4083 1800 4142 Thomas
1826 4103 1957 4157 apo-

379 4169 558 4224 stolus
605 4170 920 4231 exsisteret,
961 4179 1016 4225 ct
1050 4187 1173 4228 cum
1199 4171 1341 4244 Cyro
1377 4186 1613 4245 martyre
1661 4175 1960 4234 coexsistc-

378 4267 483 4322 ret,
511 4259 593 4313 vel
631 4261 737 4313 alia
765 4271 984 4316 caterva
1025 4259 1346 4338 mar-lyrica,
1381 4268 1780 4342 monachorum
1810 4271 1954 4324 enim

2043 514 2495 584 προσκαρτερεῖν,
2532 511 2649 580 μεθ’
2698 509 2938 562 ἑστίασιν
2993 507 3308 580 προσελθὼν
3353 510 3621 584 Θεοδώρῳ

2041 605 2118 676 τῷ
2157 606 2416 680 μάρτυρι,
2471 603 2796 675 πρεσϐεύειν
2850 602 2992 672 ὑπὲρ
3041 602 3205 656 αὑτοῦ
3250 604 3385 676 πρὸς
3438 604 3619 677 Κῦρον

2043 705 2132 758 τὸν
2162 705 2318 772 ἆγιον
2345 702 2550 769 ἔλεγεν,
2583 701 2758 770 χαμαὶ
2793 699 3042 768 κείμενος
3069 700 3164 753 καὶ
3208 699 3406 763 γόνατα
3433 700 3618 764 κλίνας

2045 798 2137 849 καὶ
2176 794 2464 866 τράχηλον.
2499 794 2556 848 Ὁ
2591 791 2646 846 δὲ
2684 790 3058 862 στρατηλάτης
3089 789 3360 860 Θεόδωρος
3383 789 3482 861 τὴν
3511 791 3622 844 ἱκε-

2045 886 2194 938 τείαν
2223 884 2537 953 δεξάμενος.
2571 885 2706 954 πρὶς
2741 881 2922 952 Κῦρον
2972 881 3133 946 εὐθὺς
3191 883 3620 954 ἐπρεσϐεύσατο,

2046 977 2144 1030 Διὰ
2170 976 2262 1029 τὸν
2289 976 2515 1048 Κύριον,
2531 975 2726 1042 λέγων,
2759 976 2852 1029 καὶ
2882 973 2970 1028 διὰ
2992 973 3177 1028 τοῦτον
3199 973 3292 1027 τὸν
3319 973 3502 1028 δοῦλον
3530 993 3620 1028 σου

2049 1068 2447 1139 παρακλήθητι.
2479 1069 2537 1123 '0
2554 1067 2630 1130 δὲ.
2651 1069 2778 1132 Ναὶ,
2805 1067 2939 1140 πρὸς
2965 1067 3123 1122 αὐτὸν
3145 1067 3503 1138 ἁπεκρίνατο·
3529 1067 3624 1122 καὶ

2047 1161 2308 1225 κελεύσας
2338 1161 2640 1231 ἀναστῆναι
2664 1163 2754 1214 τὸν
2783 1161 3059 1230 κείμενον,
3083 1160 3266 1230 τρίτον
3303 1159 3380 1232 τῷ
3411 1161 3625 1231 σημείῳ

2047 1250 2140 1306 τοῦ
2188 1251 2423 1323 σταυροῦ
2473 1251 2832 1322 περιέφραξε,
2877 1248 2954 1320 τῷ
3003 1247 3206 1320 λιχανῷ
3242 1248 3498 1319 δακτύλῳ
3525 1252 3623 1319 τῆς

2045 1342 2224 1407 δεξιάς
2255 1341 2435 1411 χειρὸς
2461 1343 2526 1394 ὲκ
2563 1339 2761 1410 μικροῦ
2821 1337 2955 1392 πολὺ
3011 1339 3375 1408 διαστήματος
3417 1341 3476 1392 ἐν
3499 1338 3622 1408 ἀέρι

2046 1432 2124 1502 τῷ
2151 1431 2354 1504 μεταξὺ
2389 1431 2486 1496 τὰς
2517 1429 2816 1500 σφραγῖδας
2872 1427 3210 1498 ποιούμενος,
3251 1429 3344 1482 καὶ
3367 1428 3426 1482 τὸ
3457 1429 3619 1482 Εὖλο·

2048 1523 2210 1593 γητος
2238 1523 2463 1594 Κύριος,
2491 1523 2610 1576 καθ’
2639 1523 2877 1591 ἑκάστην
2911 1521 3179 1590 σφραγῖδα
3220 1519 3583 1591 φθεγγόμενος
3603 1536 3616 1550 ⁸

2048 1617 2193 1686 ὅπερ
2224 1615 2558 1683 ἐπαγγελίας
2591 1610 2657 1684 ἦν
2689 1613 3016 1682 ὲγγιζούσης
3044 1613 3260 1678 ἰάσεως,
3287 1615 3382 1666 καὶ
3401 1613 3500 1667 οῦκ
3527 1617 3625 1667 αῦ-

2047 1706 2148 1776 τῆς
2175 1709 2275 1776 τῆς
2296 1705 2590 1776 θεραπείας
2621 1706 2940 1776 μηνύματα·
2963 1705 3030 1758 Ὃ
3052 1721 3111 1758 τε
3148 1705 3257 1776 γὰρ
3289 1703 3382 1758 τοῦ
3413 1705 3621 1774 μάρτυ-

2049 1817 2137 1871 ρος
2177 1799 2436 1861 δάκτυλος
2473 1798 2642 1860 πέλας
2691 1799 2790 1866 μὲν
2839 1793 2928 1868 ἦν,
2950 1797 3058 1850 τῶν
3095 1797 3154 1850 δὲ
3185 1795 3280 1850 τοῦ
3327 1798 3625 1867 πάσχοντος

2039 1888 2338 1960 ὀφθαλμῶν
2367 1890 2467 1942 οὒκ
2506 1889 2809 1960 ἐφήπτετο·
2852 1889 2912 1942 τό
2942 1904 3022 1954 τε,
3064 1888 3366 1958 Εὐλογητὸς
3397 1888 3622 1958 Κύριος,

2045 1981 2202 2054 μόνον
2235 1982 2545 2052 λεγόμενον,
2579 1981 2796 2050 γείτονα
2825 1981 2920 2033 καὶ
2962 1978 3256 2034 ἀκόλουθον
3303 1980 3402 2050 τὴν
3450 1979 3622 2050 ρῶσιν

2043 2077 2332 2145 ἐσήμανεν.

2113 2165 2276 2217 Ὅθεν
2297 2163 2456 2226 εὐθὺς
2486 2163 2579 2216 καὶ
2615 2163 2733 2230 μετ’
2763 2162 2824 2214 οὐ
2868 2159 3065 2223 πολλάς
3111 2159 3322 2231 ἡμέρας
3359 2161 3406 2214 οἱ
3469 2161 3614 2232 μάρ-

2043 2273 2204 2327 τυρες
2255 2255 2550 2327 Σωφρονίῳ
2597 2255 2758 2308 πάλιν
2804 2251 3119 2306 καθεύδοντι
3175 2252 3474 2321 φαίνονται,
3528 2251 3626 2315 τὰς

2047 2346 2422 2419 προλαϐοῦσας
2451 2345 2786 2415 ἐπαγγελίας
2823 2344 3154 2414 παρέχοντες
3182 2360 3195 2374 ·
3239 2343 3542 2414 ἐπράττετο
3567 2344 3628 2398 δὲ

2049 2440 2192 2493 οὕτω
2217 2437 2403 2507 σαφῶς
2429 2435 2496 2490 τὰ
2512 2435 2610 2504 τῆς
2633 2436 2870 2506 ὁράσεως
2891 2449 2904 2463 ⁸
2943 2431 3263 2486 Ἐκάθευδεν
3287 2433 3314 2484 ὁ
3332 2432 3506 2485 ταῦτα
3533 2429 3629 2486 νῦν

2047 2530 2421 2602 διηγούμενος,
2476 2531 2569 2581 καὶ
2631 2530 2714 2590 εἰς
2769 2525 3056 2597 εὐκτήριον
3103 2523 3294 2578 τιτῶν
3339 2523 3482 2577 κατὰ
3530 2523 3629 2596 τὴν

2049 2623 2256 2676 οἰκείαν
2287 2620 2450 2692 μονὴν
2478 2619 2670 2674 ἑαυτὸν
2692 2616 3072 2689 εἰσερχόμενον
3117 2613 3361 2668 ἔϐλεπεν.
3397 2607 3472 2668 Οὗ
3507 2613 3628 2668 κατ’

2047 2717 2182 2771 αὐτὸ
2213 2717 2308 2786 τῆς
2333 2713 2502 2784 θύρας
2533 2711 2592 2765 τὸ
2633 2708 2922 2782 πρόθυρον,
2951 2707 3145 2774 ἐξιόντι
3184 2705 3356 2776 Θωμᾷ
3385 2703 3462 2774 τῷ
3490 2705 3627 2757 ἀπο.

2050 2811 2220 2880 στόλῳ
2255 2809 2348 2861 καὶ
2380 2807 2619 2878 μάρτυρι
2652 2807 2758 2856 τῶν
2786 2802 2932 2855 ἔνδον
2969 2801 3278 2869 ὑπήντησεν
3303 2816 3319 2830 ο
3368 2799 3460 2852 καὶ
3490 2815 3635 2867 γνω-

2054 2901 2206 2971 ρίσας
2235 2899 2324 2951 τὸν
2360 2897 2512 2964 ἅγιον
2541 2895 2602 2948 ἕκ
2627 2912 2684 2947 τε
2751 2894 2850 2963 τῆς
2883 2891 3102 2962 στολῆς,
3151 2891 3214 2969 εκ
3242 2907 3300 2943 τε
3349 2889 3448 2957 τῆς
3501 2905 3633 2961 μορ·

2052 2994 2177 3059 φῆς,
2219 2989 2313 3043 καὶ
2342 2987 2542 3050 παντὸς
2597 2983 2692 3038 τοῦ
2725 2984 2852 3053 περὶ
2904 2980 3002 3053 τὴν
3057 2981 3274 3052 μορφὴν
3323 2979 3630 3048 ιδιώματοῗν

1977 3112 2020 3170 c
2053 3083 2243 3135 θάττον
2277 3077 2425 3148 αύτῷ
2443 3075 2870 3149 προσεπλέκετο,
2901 3075 2995 3127 καὶ
3041 3073 3291 3144 περὶτῆς
3337 3072 3634 3143 θεραπείας

2055 3174 2276 3227 ἐδέετο·
2341 3170 2636 3239 ἐπειδήπερ
2686 3170 2745 3220 ὲν
2805 3165 3081 3236 Δαμασκῷ
3153 3164 3414 3234 δυνάμεις
3475 3159 3634 3228 οὗτος

2057 3263 2254 3329 πολλὰς
2283 3261 2650 3316 ἐπιδείκνυται
2676 3259 2766 3312 καὶ
2791 3258 2997 3329 σημεῖα
3045 3255 3214 3326 συχνὰ
3242 3253 3546 3325 παράδοξα,
3573 3253 3634 3318 ὃς

2056 3360 2148 3411 καὶ
2189 3355 2494 3426 παρεθέντα
2545 3351 2854 3423 Σωφρονίου
2913 3351 3004 3403 τὸν
3053 3347 3282 3418 ἀδελφὺν
3331 3351 3396 3402 ἐκ
3421 3347 3634 3420 μακροῦ

2062 3449 2202 3502 πάνυ
2235 3447 2561 3516 νοσήματος,
2596 3444 2693 3498 καὶ
2737 3443 2912 3513 μῆνας
2949 3441 3008 3506 ἓξ
3029 3444 3086 3495 ἐν
3141 3441 3218 3511 τῷ
3275 3439 3439 3496 πάθει
3481 3441 3638 3512 ποιή-

2060 3558 2248 3603 σαντα,
2301 3541 2534 3610 ἡμέραις
2587 3537 2798 3604 ὀλίγαις
2848 3533 3144 3604 ἀνέστησεν
3192 3549 3204 3563 ·
3262 3532 3356 3585 καὶ
3399 3533 3632 3600 τιμᾶται

2065 3631 2336 3702 περιττῶς
2367 3629 2454 3682 διὰ
2501 3628 2671 3682 ταῦτα
2697 3627 3078 3698 Δαμασκηνοῖς
3106 3627 3134 3678 6
3166 3623 3506 3687 Ἀπόστολος,
3559 3621 3638 3684 ὡς

2057 3725 2416 3796 δρεπομένοις
2439 3721 2579 3775 αὐτὰ
2597 3721 2665 3777 τά
2689 3719 2918 3792 Ξάματα,
2958 3718 3052 3772 καὶ
3082 3715 3355 3788 τρυγῶσιν
3378 3713 3544 3768 αὐτοῦ
3567 3713 3638 3767 τά

2059 3816 2372 3888 χαρίσματα
2569 3813 2663 3867 Ὃν
2685 3809 2935 3881 εὑρηκὼς
2951 3812 2976 3863 ὁ
2993 3807 3318 3880 Σωφρὸνιος,
3337 3807 3431 3861 καὶ
3457 3807 3637 3860 πίστιν

2066 3911 2205 3981 ἔχων
2232 3913 2310 3973 εἰς
2332 3911 2493 3962 αὑτὸν
2517 3907 2610 3962 καὶ
2636 3906 2798 3959 πόθον
2839 3904 3170 3975 ἀμέτρητον,
3225 3903 3358 3974 περὶ
3401 3903 3510 3956 τῶν
3533 3902 3638 3974 ὀμ-

2065 4005 2251 4076 μάτων
2285 4003 2546 4066 ἱκέτευεν,
2577 3999 2687 4052 εῑτε
2714 3997 2898 4069 Κύρου
2934 3995 3029 4051 τοῦ
3067 3996 3343 4067 μάρτυρος
3375 3997 3469 4047 τὸν
3509 3992 3635 4050 τού-

2060 4115 2155 4152 του
2193 4097 2356 4149 πὸθον
2397 4091 2812 4162 γιγνώσκοντος,
2848 4091 2926 4152 εἰς
2965 4090 3056 4142 τὸν
3097 4087 3420 4142 Ἀπόστολον
3449 4086 3640 4142 ἑαυτὸν

2065 4183 2522 4253 σχηματίσαντος,
2552 4179 2660 4231 εἴτε
2721 4177 2897 4246 Θωμᾶ
2938 4174 3138 4258 μάλλον
3189 4172 3281 4226 τοῦ
3333 4173 3636 4260 ἀποστόλου

2063 4275 2421 4344 τυγχάνοντος
2447 4271 2540 4324 καὶ
2581 4269 2830 4330 συνόντος
2861 4263 3169 4338 Κύρουτοῦ
3214 4263 3508 4337 μάρτυρος,
3546 4264 3641 4317 καὶ

377 4365 502 4402 cum
534 4350 828 4404 multitudo
872 4354 1232 4422 sequebatur,
1270 4357 1615 4426 aliorumque
1643 4367 1956 4416 sanctorum

2065 4365 2182 4434 ἅμα
2207 4365 2306 4433 τῆς
2368 4361 2712 4434 μαρτυρικῆς
2763 4356 3127 4429 ὀμηγύρεωςο
3196 4355 3480 4426 μοναστῶν
3531 4355 3640 4424 γάρ

353 4439 683 4505 'splendidis
717 4443 1136 4499 coruscantium
1161 4446 1424 4502 vestibus.
1475 4451 1544 4504 At
1581 4465 1712 4504 vero
1748 4461 1956 4522 martyr

383 4528 546 4584 siuml
584 4528 888 4602 discipulus
927 4543 982 4588 et
1029 4538 1338 4610 apostolus,
1379 4537 1604 4593 dextera
1656 4555 1818 4594 manu
1861 4557 1959 4596 ex-

383 4629 560 4686 tensa,
593 4623 870 4692 ct'pollice
906 4623 1102 4680 iterum
1133 4628 1347 4684 sinistri
1381 4628 1552 4698 digito
1585 4631 1728 4684 oculi
1766 4633 1952 4702 palpe-

382 4713 510 4766 bras
563 4722 813 4787 tangens,
851 4717 1012 4774 tertio
1053 4718 1202 4772 illum
1249 4733 1414 4773 cruce
1448 4719 1651 4774 Christi
1700 4721 1956 4791 signavit.

386 4803 828 4882 Dat-ente_autem
865 4823 932 4865 eo
968 4811 1032 4866 ad
1071 4813 1427 4876 scribentem,
1463 4809 1684 4869 Dimitte
1719 4829 1841 4879 me;
1873 4815 1962 4870 ille

384 4882 547 4948 etiam
583 4906 636 4952 et
667 4897 918 4956 dextrum
943 4904 1160 4958 oculum
1185 4904 1404 4974 signare
1437 4904 1797 4974 supplicabat.
1821 4904 1961 4965 San-

384 4998 506 5041 ctus
542 5003 666 5044 vero
700 4991 774 5044 nil
807 4991 956 5045 illum
995 4993 1123 5048 mali
1161 4993 1364 5050 habere
1407 4995 1719 5064 perhibuit;
1757 5008 1813 5051 et
1861 4997 1963 5052 hoc

380 5078 532 5133 (iit-to
563 5081 851 5146 abscessit,
890 5091 944 5138 et
991 5099 1021 5139 a
1056 5086 1346 5142 retinentis
1380 5085 1526 5140 ulnis
1570 5086 1856 5154 dimissus,
1901 5090 1962 5145 ti-

391 5159 512 5220 nem
546 5169 743 5228 visioni
779 5171 978 5232 cﬂ‘ecit.

2067 4456 2215 4526 αὐτῷ
2335 4453 2536 4522 πλῆθος
2557 4451 2855 4521 παρείπετο
2871 4449 2962 4502 καὶ
2978 4447 3150 4502 ἄλλων
3173 4447 3342 4516 ἁγίων
3370 4447 3642 4518 λαμπροῖς

2063 4547 2483 4618 άστραπτόντων
2507 4545 2833 4614 ὲσθήμασιν.
2851 4541 2910 4594 Ὀ
2936 4539 2994 4594 δὲ
3029 4541 3234 4611 μάρτυς
3257 4537 3392 4608 ὁμοῦ
3423 4535 3516 4592 καὶ
3542 4556 3645 4608 μαι

2065 4637 2234 4706 θητὴς
2296 4635 2390 4690 καὶ
2442 4633 2760 4696 ἀπόστολος,
2811 4630 2909 4702 τὴν
2941 4629 3120 4696 δεξιάν
3163 4629 3412 4692 ἐκτείνας
3462 4631 3642 4700 χεῖρα,

2067 4730 2160 4782 καὶ
2186 4729 2262 4798 τῷ
2283 4727 2490 4798 λιχανῷ
2516 4726 2678 4780 πάλιν
2738 4721 2988 4792 δακτύλῳ
3037 4722 3145 4775 τῶν
3200 4720 3292 4774 τοῦ
3353 4719 3645 4792 ἀριστεροῦ

2069 4821 2354 4890 ὀφθαλμοῦ
2405 4820 2690 4890 βλεφάρων
2739 4817 3064 4886 ἁπτόμενος,
3111 4813 3292 4882 τρίτον
3341 4813 3504 4866 αὑτὸν
3567 4811 3644 4881 τῷ

2071 4913 2287 4982 σταυρῷ
2333 4912 2426 4967 τοῦ
2476 4907 2714 4982 Χριστοῦ
2759 4906 3217 4976 κατεσφράγισεν.
3253 4903 3550 4958 Ἀπόλυσον
3591 4903 3650 4956 δὲ

2075 5023 2162 5076 με,
2196 5004 2331 5074 πρὸς
2371 5003 2462 5056 τὸν
2496 5003 2776 5074 γράφοντα
2801 4999 3046 5066 λέγοντα,
3104 4998 3308 5058 ἐκεῖνος
3354 4995 3516 5048 αὐτὸν
3557 4997 3645 5047 xa.‘

2071 5097 2245 5163 δεξιὸν
2274 5095 2554 5166 ὀφθαλμὸν
2587 5091 2910 5164 σφραγίζειν
2936 5090 3164 5144 ἱκέτευεο
3185 5089 3243 5141 '0
3269 5088 3324 5140 δὲ
3346 5089 3520 5155 ἅγιος.
3549 5104 3654 5156 μη-

2075 5188 2163 5242 δὲν
2193 5187 2338 5257 ἔχειν
2369 5185 2540 5238 δεινὸν
2597 5185 2803 5242 ἐκεῖνον
2849 5179 3154 5250 ἐφθέγξατο
3181 5195 3196 5212 ⁶
3229 5178 3324 5233 καὶ
3361 5177 3520 5232 τοῦτο
3546 5179 3653 5246 φή-

2071 5296 2166 5340 σας
2196 5275 2512 5345 ἁπέδραμεν
2537 5289 2548 5302 ·
2579 5275 2675 5326 καὶ
2723 5271 2832 5326 τῶν
2855 5269 3107 5338 ἀγκαλῶν
3158 5267 3377 5337 ἀφεθεὶς
3405 5265 3497 5320 τοῦ
3523 5283 3655 5318 κατ-

2069 5367 2302 5440 έχοντος,
2342 5366 2523 5435 πέρας
2545 5366 2781 5418 ἐποιεῖτο
2814 5363 2972 5416 τοῦτο
2991 5361 3092 5431 τῆς
3117 5359 3318 5432 ὂψεως.

1910 5526 2138 5584 NOTAE.

472 5625 1002 5716 (ᾆ-δὶρξιξιηθάνοηο
1046 5639 1196 5716 urbis
1227 5638 1473 5716 Damasci
1509 5639 1835 5710 peculiarem
1895 5661 2022 5716 erga
2059 5645 2325 5704 Thomam
2389 5645 2698 5716 apostolqu
2771 5641 3211 5707 venerationem,
3260 5650 3481 5712 propter
3536 5639 3659 5709 ejus

406 5698 572 5755 multa
607 5699 804 5756 ibidem
831 5714 1043 5774 patrata
1077 5710 1362 5764 miracula.
