4036 6236
374 255 514 318 3673
1361 255 1468 318 SS.
1509 255 1684 318 CYRI
1720 255 1814 316 ET
1839 253 2160 318 JOANNIS
2197 253 2618 318 MIRACULA.
3509 249 3649 322 3675

469 367 526 420 '0
545 367 600 420 δὲ
635 365 896 438 στραφεὶς
955 369 1094 438 μετᾰι
1145 367 1205 421 τὸ
1245 369 1636 441 γεγραμμένον
1697 368 1972 434 ἐνύπνιον,
2005 377 2050 428 Α

2151 369 2221 424 At
2266 371 2356 427 ille
2409 382 2712 426 conversus
2761 365 3062 422 secundum
3097 362 3266 438 [post]
3313 364 3649 436 descriptum

373 456 720 532 χαράνεῒχεν
745 458 882 530 ὁμοῦ
918 461 1014 514 καὶ
1055 459 1231 532 λύπην
1291 462 1564 535 ἀφόρητον
1589 481 1603 496 ο
1649 463 1824 534 χαρὰν
1867 462 1963 533 μὲν

2073 462 2370 525 snntnium,
2431 459 2690 531 gaudium
2759 456 2968 528 pariter
2997 457 3357 513 cttristitiam
3415 455 3655 512 habebat

373 555 456 610 ὅτι
483 553 581 624 τῆς
610 552 718 606 τῶν
753 551 925 620 ἁγίων
959 553 1304 624 ἐπισκέψεως
1351 553 1508 625 ἔτυχε
1542 572 1557 586 ο
1601 554 1780 625 λύπην
1800 555 1857 608 δὲ
1879 555 1964 608 ὅτι

2073 551 2498 613 intolerabilem;
2543 549 2803 622 gaudium
2849 547 3070 618 quidem
3119 547 3382 618 quoniam
3429 556 3651 605 sanctae

374 644 464 699 τὸν
496 646 653 714 ἅγιον
683 643 948 699 ἀπελθεῖν
995 645 1400 716 συνεχώρησεν,
1439 645 1530 698 τὸν
1578 645 1737 700 ἄλλον
1764 642 1962 713 ὀφθαλ-

2071 659 2192 697 rum
2217 641 2586 697 visitationem
2618 640 2849 710 adeptus
2881 645 2986 704 est;
3019 637 3302 693 trisritiam
3332 653 3484 703 vero,
3517 653 3653 709 quo-

378 739 480 808 μλν
507 739 583 810 μὴ
615 738 994 809 σφραγίσαντα
1021 754 1035 768 ·
1063 739 1158 791 καὶ
1182 737 1326 791 οὕτω
1368 737 1724 808 λυπούμενος,
1760 736 1964 801 εὐθέως

2069 735 2216 790 niam
2249 745 2500 790 sanctum
2547 733 2700 788 abire
2747 731 3020 804 permisit,
3069 747 3192 784 cum
3235 729 3468 786 alterum
3517 745 3653 785 ocu-

377 828 539 882 πάλιν
559 828 889 898 ἀφύπνωσεν
910 844 923 858 ⁸
955 827 1052 882 καὶ
1092 828 1348 901 Ἰωάννην
1374 829 1581 892 εὐθέως
1631 829 1725 882 τὸν
1771 828 1958 900 Κύρου

2069 829 2180 882 lmn
2217 844 2338 880 non
2386 827 2682 897 signassct.
2737 823 2804 877 Et
2837 823 2909 877 ita
2959 823 3230 902 tristatus,
3279 837 3404 876 mox
3449 822 3652 878 iterum

371 918 561 990 βλέπει
613 919 934 990 συνόμιλον,
997 921 1078 983 είς
1155 921 1412 992 Ἰωάννην
1443 923 1533 974 τδν
1593 920 1799 993 ῥήτορα
1867 920 1960 974 τὸν

2067 919 2312 990 v’gilavit
2346 915 2746 990 [obdormivit],
2789 923 2843 970 et
2874 913 3142 973 Joannem
3176 930 3301 970 mox
3327 915 3457 986 Cyri
3497 931 3647 972 com-

371 1013 540 1077 ἀξίως
571 1015 636 1083 τῇ
697 1010 806 1065 τῶν
859 1011 1118 1084 ἐπάρχων
1147 1011 1276 1082 ἀξίᾳ
1322 1010 1652 1083 τιμώμενον,
1693 1011 1820 1080 περὶ
1853 1010 1958 1080 τῆς

2068 1024 2252 1079 parem
2305 1009 2474 1067 videt,
2505 1007 2560 1060 in
2606 1005 2819 1062 Joanne
2871 1006 3090 1061 rhetore
3144 1006 3309 1076 digne
3361 1005 3650 1077 praefecto-

370 1105 478 1157 τῶν
507 1103 680 1171 ἁγίων
705 1103 931 1174 ἀρωγῆς
953 1103 1364 1174 πυνθανόμενον
1386 1121 1402 1134 ⁵
1439 1105 1604 1168 αὐτὸς
1629 1104 1700 1158 δὲ·
1715 1104 1814 1172 τὴν
1835 1105 1958 1158 ὲπί-

2069 1117 2188 1156 rum
2263 1101 2530 1171 dignitate
2593 1099 2885 1165 honorato,
2943 1099 3012 1154 de
3076 1111 3395 1154 sanctorum
3441 1100 3651 1156 auxilio

374 1195 565 1266 σκεψιν
593 1195 837 1268 εἰρηκεν,
871 1197 965 1250 καὶ
991 1195 1066 1260 ὡς
1091 1194 1315 1265 ἄχθεται
1333 1197 1421 1250 διὰ
1443 1197 1534 1250 τὸν
1559 1195 1732 1264 δεξιὸν
1757 1195 1960 1266 ὀφθαλ-

2065 1192 2466 1247 consulentem.
2519 1189 2642 1260 Ipse
2681 1197 2862 1245 autem
2905 1191 3342 1246 consolationem
3383 1191 3544 1259 dixit,
3596 1198 3651 1248 et

373 1289 496 1358 μὲν,
533 1287 631 1342 an
661 1287 738 1358 μὴ
769 1287 1048 1360 σφραγῖδα
1076 1285 1172 1340 τοῦ
1232 1287 1502 1358 σωτηρίου
1549 1286 1780 1358 σημείου
1803 1285 1960 1352 δε.ξά-

2065 1283 2210 1352 quod
2269 1283 2534 1338 molestus
2591 1280 2871 1354 [mtestusj
2925 1289 3072 1336 esset
3122 1291 3346 1352 propter
3393 1284 3646 1339 dextrum

374 1391 552 1450 μενον,
583 1380 722 1452 μήτε
743 1379 958 1434 τελείαν
981 1380 1242 1450 εἰληφότα
1261 1381 1362 1450 τὴν
1385 1379 1530 1434 ίασιν
1553 1394 1568 1410 ·
1601 1377 1630 1432 6
1659 1379 1716 1434 δὲ
1744 1379 1958 1451 μάρτυς

2065 1375 2531 1444 ocuhnn,'utpote
2561 1375 2652 1445 qui
2683 1375 3030 1444 signaculum
3065 1375 3330 1431 salutaris
3364 1377 3504 1445 signi
3537 1393 3645 1433 non

369 1471 530 1526 αὑτὸν
563 1471 764 1534 ἱκανῶς
794 1470 1164 1543 ἐθεράπευσεν
1196 1470 1388 1536 εἰπὼν,
1431 1471 1506 1534 ὡς
1546 1469 1622 1524 Οὐ
1655 1471 1818 1526 πάθοι
1863 1471 1956 1524 σού

2066 1466 2424 1535 suscepisset,
2460 1479 2640 1534 neque
2688 1463 2988 1534 perfectam
3040 1462 3332 1519 sanitatem
3367 1467 3648 1534 percepis-

369 1581 420 1616 τι
451 1565 619 1618 κακὸν
639 1562 719 1616 ἔτι
753 1562 823 1617 τά
848 1563 1094 1635 ὄμματα,
1132 1561 1256 1616 ούτε
1303 1565 1330 1617 6
1352 1561 1711 1634 σφραγισθεὶς
1759 1561 1958 1632 ὀφθαλ-

2065 1569 2168 1614 set.
2207 1557 2413 1630 Martyr
2449 1572 2578 1614 vero
2611 1556 2948 1613 sufficienter
2989 1557 3229 1628 placavit
3267 1571 3392 1612 eum
3434 1557 3645 1625 dicens,

375 1655 496 1725 μὸς,
553 1653 676 1709 οὔτε
743 1657 771 1709 6
819 1655 1009 1725 μείνας
1050 1655 1442 1727 ἀσφράγιστος,
1498 1654 1590 1708 τοῦ
1654 1656 1812 1724 ἁγίου
1863 1655 1957 1710 τὸν

2064 1651 2192 1721 quia
2229 1666 2335 1706 non
2369 1651 2445 1704 tui
2477 1650 2702 1720 aliquod
2734 1649 2862 1704 mali
2894 1651 3169 1718 patientur
3207 1651 3441 1706 ulterius
3475 1653 3643 1714 oculi.

369 1745 649 1818 ὀφθαλμὸν
669 1746 728 1801 ὃν
751 1747 997 1811 δέδοικας
1027 1747 1102 1818 μὴ
1132 1749 1308 1801 νοσεῖν
1325 1745 1623 1817 φήσαντος·
1662 1750 1755 1800 καὶ
1781 1745 1960 1802 ταῦτα

2063 1760 2240 1813 neque
2279 1743 2371 1798 ille
2399 1743 2490 1813 qui
2527 1742 2778 1812 signatus
2817 1749 2902 1797 est
2937 1741 3152 1807 oculus,
3201 1757 3378 1812 neque
3414 1743 3506 1800 ille
3552 1743 3645 1814 qui

377 1837 498 1908 μεθ’
546 1837 727 1909 ὅρκων
783 1838 812 1889 6
856 1837 1068 1909 μάρτυς
1102 1835 1498 1907 φθεγξάμενος,
1551 1837 1688 1910 προς
1737 1838 1960 1909 μείζονα

2063 1835 2328 1891 remansit
2356 1835 2534 1888 minus
2563 1833 2836 1904 signatus,
2881 1841 3076 1890 sancto
3108 1849 3218 1890 non
3252 1835 3643 1892 infirmandum

371 1931 744 2000 πληροφορίαν
771 1929 862 1983 τοῦ
881 1929 1204 2000 πάσχοντος,
1237 1931 1420 2002 τρίτον
1435 1929 1514 2001 τῷ
1539 1931 1869 2002 στόματιτὸν
1884 1931 1960 2002 μὴ

2061 1928 2280 1982 oculum
2311 1941 2472 1996 quem
2510 1925 2709 1981 metuis
2733 1935 3041 1983 astruente.
3085 1927 3151 1982 Et
3182 1929 3298 1984 hac
3331 1944 3457 1984 cum
3486 1930 3643 2001 jura-

371 2018 774 2087 σφραγισθέντα
788 2017 1090 2088 ὀφθαλμὸν,
1106 2020 1291 2090 φησὶν,
1307 2019 1568 2091 κατε-φίλη
1577 2021 1960 2074 σεν·κα“ιτοῦτο

2063 2019 2262 2073 mentis
2308 2026 2520 2090 martyr
2557 2017 2776 2085 affatus,
2815 2020 2882 2073 ad
2919 2020 3184 2091 majorem
3210 2022 3644 2081 satisfactionem

369 2112 594 2184 δράσας,
628 2111 722 2164 καὶ
742 2109 953 2162 τελείαν
984 2109 1082 2180 τὴν
1104 2108 1270 2181 ρῶσιν
1301 2109 1398 2164 καὶ
1426 2109 1523 2182 τὴν
1539 2111 1698 2181 χάριν
1727 2111 1957 2180 χαρισά-

2062 2113 2338 2182 patientis,
2391 2121 2472 2168 ter
2506 2128 2603 2169 ore
2635 2115 2792 2186 quasi
2839 2117 3060 2170 oculmn
3107 2116 3201 2185 qui
3241 2117 3492 2189 signatus
3533 2134 3645 2175 non

374 2221 536 2274 μενος
575 2201 792 2268 αἰσίως,
821 2200 980 2255 ἔλυσε
1000 2203 1059 2255 τὸ
1081 2201 1332 2256 ἐνύπνιον
1356 2219 1370 2234 ·
1408 2201 1642 2274 ἐπείπερ
1668 2203 1718 2254 al
1743 2203 1835 2256 τὸν
1849 2202 1958 2256 τῶν

2061 2203 2238 2260 fuerat
2291 2205 2575 2262 osculatus
2635 2215 2741 2274 est,
2796 2215 2853 2262 et
2909 2207 3012 2262 hoc
3071 2218 3228 2280 gesto
3289 2211 3645 2282 perfectaque

367 2293 505 2346 ὅλων
533 2292 667 2347 Θεὸν
703 2291 813 2346 τῶν
835 2292 1037 2346 δόσεων
1087 2292 1308 2362 ἀγαθῶν
1343 2293 1441 2346 καὶ
1494 2293 1836 2364 δωρημάτων
1869 2309 1956 2346 τε-

2059 2297 2317 2361 sanitate,
2350 2311 2416 2352 ac
2453 2298 2656 2365 gaudio
2678 2297 2920 2355 secunde
2949 2299 3171 2364 collato,
3207 2301 3482 2357 somnium
3527 2304 3644 2359 sol-

369 2385 530 2438 λείων
560 2385 762 2456 δοτῆρα
805 2383 1158 2456 μιμούμενοι,
1187 2382 1410 2446 ἀτελοῦς
1441 2386 1616 2455 χαρᾶς
1645 2384 1740 2437 καὶ
1775 2384 1950 2456 δωρή-

2060 2389 2171 2452 vit;
2233 2390 2490 2458 quoniam
2547 2391 2662 2460 qui
2699 2392 3080 2448 universorum
3143 2391 3337 2459 Deum,
3388 2395 3643 2451 datorum

369 2495 538 2548 ματος
575 2479 731 2531 αὐτοὶ
755 2477 1030 2548 διανομεῖς
1049 2476 1151 2530 οὐκ
1189 2473 1450 2544 ἐγίνοντοι

2057 2482 2386 2552 optimorum
2424 2492 2479 2540 et
2515 2485 2788 2540 donorum
2821 2487 3189 2555 perfectorum
3229 2487 3478 2543 datorem
3514 2491 3641 2544 imi-

645 2555 650 2560 ’
2057 2585 2268 2641 tantur,
2312 2576 2416 2647 ipsi
2476 2577 2787 2646 imperfecti
2833 2579 3020 2650 gaudii
3069 2595 3136 2635 ac
3173 2580 3302 2636 doni
3351 2581 3642 2653 largitores

2056 2681 2164 2721 non
2201 2667 2442 2724 fuerunt.
2477 2727 2496 2740 λ

439 2759 624 2823 Οὖτως
656 2757 788 2827 γοῦν
851 2760 880 2812 6
928 2756 1239 2830 Σωφρὸνιος
1262 2758 1360 2828 τὴν
1396 2757 1505 2812 τῶν
1538 2758 1710 2827 ἁγίων
1739 2755 1950 2830 δωρεὰν

2131 2758 2209 2812 lta
2252 2773 2384 2826 ergo
2423 2757 2784 2830 Sophrouius.
2823 2769 3146 2818 sanctorum
3177 2762 3474 2820 donatione
3517 2781 3639 2837 per-

367 2849 756 2920 κομισὰμενος,
811 2847 1042 2902 καὶτῶν
1076 2849 1370 2920 ὀφθαλμῶν
1401 2849 1500 2921 τὴν
1551 2849 1719 2920 ἀχλὺν
1750 2849 1948 2902 ἀποθέ-

2043 2863 2233 2921 ,cepta,
2293 2853 2582 2908 oculorum
2641 2853 2866 2925 abjeela
2919 2857 3174 2928 caligine,
3231 2861 3477 2914 omnium
3516 2875 3637 2932 quae

373 2958 557 3012 μενος,
621 2943 758 3014 πρὸς
811 2941 908 3010 τὴν
958 2941 1177 2994 πάντων
1209 2941 1430 3010 γραφὴν
1481 2941 1592 2994 τῶν
1645 2940 1949 3012 λεχθέντων

2052 2941 2197 2996 dicta
2229 2951 2357 2996 sunt
2382 2943 2710 3013 scripturam
2736 2959 2966 3002 exorsus
2997 2955 3082 3002 est
3104 2985 3120 3012 ,
3155 2963 3468 3006 memorans
3491 2950 3641 3023 jugi-

366 3035 687 3105 ἐξώρμησεν
739 3033 874 3105 (44),
939 3024 1296 3104 μνημονεύων
1349 3034 1440 3087 ἀεὶ
1471 3034 1568 3104 τῆς
1614 3033 1808 3097 ἰάσεως
1854 3033 1949 3086 καὶ

2053 3043 2136 3089 ter
2179 3035 2452 3101 sanitatis,
2493 3043 2548 3090 et
2589 3037 2732 3106 quod
2776 3049 2902 3094 ante
2947 3039 3238 3094 sanitatem
3287 3042 3638 3112 promiserat.

365 3085 464 3180 ἔταξε
479 3085 677 3195 ἳιςέοιᾷέ
707 3085 790 3179 σι’
807 3085 952 3198 ’ἔρδ’
981 3085 1080 3198 ei;
1111 3085 1332 3198 ρὡξως
1356 3085 1806 3199 suam;
1829 3085 1952 3180 δσέν

2057 3085 2122 3089 --ἡ
2498 3085 2545 3090 -_
2592 3085 2730 3106 γη
2777 3085 2902 3094 _----
2947 3085 3238 3094 --.πη-νη.
3287 3085 3637 3112 ,,.,,.....,ν.....

2057 3123 2212 3181 Unde
2255 3141 2377 3180 mox
2420 3134 2543 3196 post
2574 3127 2866 3182 sanitatem
2911 3129 3016 3184 hoc
3067 3129 3196 3185 facit
3241 3143 3637 3201 commentum,

369 3219 530 3281 5101:;
558 3217 700 3288 μετὰ
720 3217 822 3290 τὴν
849 3218 994 3272 τοισιν
1041 3218 1203 3272 τοῦτο
1260 3222 1502 3275 ποιεῖται
1543 3220 1604 3274 τὸ
1639 3220 1946 3291 σύνταγμα,

2052 3225 2106 3272 et
2141 3225 2262 3273 vota
2293 3219 2474 3274 reddit
2509 3221 2718 3290 absque
2747 3221 2896 3276 omni
2925 3221 3212 3288 dilatione,
3248 3226 3300 3279 in
3333 3241 3392 3282 se
3437 3225 3640 3283 factum

252 3317 274 3331 ’
366 3315 461 3364 καὶ
489 3313 587 3374 τὰς
613 3311 777 3382 εὐχὰς
809 3311 1158 3376 ἀποδίδωσιν,
1189 3311 1546 3384 πάσηςὲκτὸς
1579 3313 1846 3382 ὑπερθέσε

2055 3320 2372 3366 sanctorum
2413 3312 2658 3368 studium
2683 3311 2971 3383 imitatus;
3021 3327 3076 3371 et
3119 3318 3366 3373 omnium
3416 3335 3497 3385 se,
3545 3321 3639 3392 qui

365 3407 465 3474 τὴν
498 3407 577 3466 είς
608 3403 768 3456 αὐτὸν
818 3405 1055 3476 σπουδὴν
1085 3406 1193 3460 τῶν
1243 3406 1414 3476 ἁγίων
1449 3407 1820 3478 μιμούμενος’
1857 3407 1952 3458 καὶ

2055 3405 2246 3474 scripti
2316 3403 2568 3471 fuerant,
2653 3405 3014 3462 novissimum
3085 3409 3388 3475 ordinans,
3452 3418 3641 3482 utpote

364 3495 472 3547 τῶν
495 3493 626 3566 παρ’
659 3494 808 3565 αὐτῷ
861 3497 1184 3566 γραφέντων
1241 3497 1430 3552 ἑαυτὸν
1473 3496 1659 3564 ἔταξεν
1699 3499 1948 3568 ἔσχατον,

2053 3496 2296 3549 omnium
2355 3495 2667 3562 minimum,
2695 3509 2748 3554 et
2787 3499 3082 3576 martyr-ica
3146 3503 3434 3559 curatione
3499 3504 3641 3558 indi-

365 3587 442 3646 ὡς
496 3585 715 3640 πάντων
748 3587 1032 3652 ἐλάττονα,
1095 3589 1188 3642 καὶ
1253 3591 1598 3660 μαρτυρικῆς
1654 3590 1952 3660 θεραπείας

2053 3603 2244 3658 guunt.
2283 3588 2461 3658 Cujus
2511 3591 2772 3661 postulat
2806 3607 2902 3664 per
2949 3593 3117 3647 vitam
3165 3595 3637 3665 participationem

365 3676 603 3740 ἀνάξιον,
627 3671 696 3748 ἦς
726 3679 959 3732 αίτεῖται
983 3679 1071 3732 διὰ
1097 3679 1214 3751 βίου
1238 3681 1338 3751 τὴν
1369 3681 1605 3751 μέθεξιν,
1631 3680 1718 3734 ἐπ’
1749 3682 1952 3752 ἀμφοῖν

2055 3682 2108 3734 in
2164 3689 2398 3757 utroque
2452 3683 2790 3749 habendam,
2829 3686 3010 3740 anima
3041 3686 3250 3742 scilicet
3295 3697 3348 3741 et
3385 3700 3635 3758 corpore,

368 3772 576 3843 βαίνειν
608 3773 792 3844 ψυχῆς
818 3791 876 3828 τε
912 3775 1008 3829 καὶ
1035 3775 1310 3848 σώματος,
1347 3778 1442 3830 καὶ
1495 3777 1678 3846 πάσης
1725 3775 1952 3847 λυτροῦ-

1613 3793 1678 3846 ης
1725 3775 1952 3847 λυπροῦ·
2053 3785 2108 3831 et
2138 3778 2206 3832 ab
2232 3775 2694 3832 oninidifliciliori
2735 3777 2957 3832 liberari
2985 3787 3207 3833 eventu.

371 3864 498 3918 σθαι
521 3863 960 3938 δυσχερεστέρας
991 3869 1335 3940 συμὸἀσεως.

437 3955 624 4008 Ταῦτα
652 3957 804 4027 ὑμῖν,
861 3949 906 4010 ὦ
927 3957 1079 4029 Κῦρε
1101 3959 1196 4018 καὶ
1241 3961 1462 4030 Ἰωάννη
1523 3963 1806 4043 μακάριοι³
1832 3966 1950 4018 Σω-

2128 3958 2254 4015 llaec
2282 3959 2456 4024 vobis,
2500 3974 2534 4012 ο
2559 3957 2698 4030 Cyre
2725 3972 2791 4043 ac
2819 3955 3061 4013 Joannes
3087 3957 3252 4020 beati.
3289 3956 3635 4030 Sophronius

367 4048 584 4118 φρόνιος
605 4048 824 4120 γράψας
857 4050 1128 4120 ἀνέθηκεν
1147 4068 1161 4082 ο
1197 4051 1371 4106 ταῦτα
1416 4055 1566 4122 ὑμῖν,
1591 4046 1604 4057 ’
1633 4050 1678 4108 ὦ
1711 4056 1950 4128 Χριστοῦ

2055 4065 2179 4106 cum
2211 4050 2434 4120 scripsit
2461 4049 2695 4105 exsolvit
2727 4066 2741 4114 ;
2779 4050 2893 4104 haec
2935 4049 3114 4114 vobis,
3141 4065 3176 4105 ο
3201 4049 3409 4104 Christi
3443 4049 3633 4106 famuli

364 4139 460 4193 τοῦ
493 4139 745 4212 Σωτῆρος
778 4140 1134 4214 θεράποντες,
1171 4145 1352 4216 καύτῷ
1371 4147 1614 4218 σωτῆρες
1647 4149 1949 4218 γενόμενοι,

2057 4142 2385 4206 Salvatoris,
2419 4141 2510 4211 qui
2558 4147 2612 4194 et
2641 4141 2688 4195 ei
2713 4141 2846 4196 estis
2873 4139 3174 4197 salvatores
3213 4140 3413 4205 effecti,
3437 4143 3636 4200 offerre

364 4232 695 4304 προσφέρειν
725 4233 1049 4306 ἐτόλμησεν,
1090 4237 1150 4289 τὸ
1181 4237 1404 4308 θαρρεῖν
1449 4239 1582 4311 παρ’
1627 4241 1756 4311 ὑμῖν
1807 4240 1955 4310 εἰλη-

2055 4236 2427 4308 praesumpsit,
2461 4232 2738 4290 confidere
2779 4248 2808 4288 a
2843 4231 2999 4286 vobis
3040 4233 3342 4304 accipiens,
3383 4243 3439 4290 et
3485 4236 3637 4292 obla-

367 4325 502 4393 φὼς,
543 4327 636 4380 καὶ
665 4327 762 4398 τῆς
793 4321 1113 4400 πᾷοσφορᾶς
1137 4330 1388 4400 ἀρωγοὺς
1442 4331 1588 4402 ὑμᾶς
1636 4333 1952 4404 ποιησάμε-

2133 4328 2226 4382 ιιιίε
2269 4341 2367 4381 vos
2393 4325 2754 4396 Opitulatores
2782 4323 3040 4381 efficiens.
3073 4323 3201 4380 Haec
3222 4327 3378 4382 vobis
3413 4325 3634 4394 offerre,
3722 4337 3727 4343 '

365 4433 454 4479 νος
482 4433 494 4446 -
545 4416 718 4470 ταῦτα,
766 4419 912 4489 ὑμῖν,
952 4413 998 4472 ὦ
1037 4421 1317 4474 θεσπέσιοι
1374 4423 1670 4494 μάρτυρες,
1735 4441 1947 4496 καρτεο·

2053 4435 2086 4472 o
2115 4418 2318 4490 egregii
2345 4425 2636 4487 martyres.
2669 4429 2838 4471 ausus
2869 4426 2954 4471 est
2984 4432 2998 4483 ;
3025 4432 3132 4472 non
3162 4418 3482 4474 muneribus
3511 4434 3629 4488 vos,

368 4510 604 4580 φορῆσαι
627 4511 987 4584 τεθάρῤηκεν,
1020 4513 1082 4566 ού
1113 4513 1224 4567 τῶν
1254 4516 1333 4578 είς
1364 4515 1527 4568 αὑτὸν
1546 4516 1766 4586 δωρεῶν
1803 4519 1948 4588 ὑμᾶς

2051 4527 2172 4582 quae
2209 4512 2263 4566 iu
2306 4525 2366 4566 se
2413 4509 2696 4580 patrastis,
2753 4524 3204 4579 recompensans,
3237 4511 3333 4568 sed
3359 4512 3538 4570 laudis
3568 4530 3632 4568 ea

364 4600 751 4671 ἀμειϐόμενος,
789 4601 906 4656 ἀλλ’
947 4598 1239 4674 ἐὐφημίας
1265 4604 1442 4659 ταῦτα
1495 4607 1714 4678 γραφὴν
1762 4609 1879 4678 ὀρις

2050 4604 2230 4658 facere
2272 4602 2540 4672 scriptum
2581 4601 2869 4666 definiens,
2909 4617 3030 4672 quae
3060 4603 3258 4672 partim
3293 4605 3514 4675 quidem
3536 4605 3632 4662 de-

369 4711 550 4764 μενος,
609 4695 708 4764 τῆς
775 4693 872 4766 μὲν
927 4695 1122 4749 ἑαυτοῦ
1174 4697 1598 4768 εὐγνωμοσύνης
1640 4698 1702 4752 τὸ
1743 4698 1946 4770 θερμὸν

2051 4696 2286 4752 votionis
2333 4709 2447 4750 suae
2493 4693 2836 4765 flagrantiam
2877 4696 3154 4762 nuntiant,
3201 4698 3428 4753 omnino
3453 4707 3632 4754 autem

365 4783 786 4852 ἀναγγέλλοντα,
825 4785 1000 4856 πάντη
1047 4784 1104 4838 δὲ
1150 4785 1249 4855 τῆς
1313 4785 1467 4854 ὑμῶν
1523 4786 1946 4858 μεγαλειότητος

2050 4787 2481 4857 magnitudinem
2551 4793 2788 4840 vestram
2851 4796 3170 4844 extenuant.
3219 4788 3326 4846 Sed
3361 4807 3456 4847 vos
3486 4807 3548 4847 ea
3581 4800 3632 4848 ct

364 4875 765 4945 ὲλαττούμενα·
797 4875 910 4930 ἀλλ’
935 4877 1092 4948 ὑμεῖς
1152 4877 1293 4930 αὐτά
1353 4877 1444 4930 καὶ
1486 4876 1732 4946 δέχοισθε
1777 4895 1947 4948 προσ-

2048 4880 2284 4950 benigne
2306 4879 2550 4949 recipite,
2585 4886 2640 4933 et
2669 4878 3015 4934 misericordi
3039 4881 3201 4936 oculo
3217 4882 3630 4952 contemplami-

365 4969 530 5036 ηνῶς,
592 4969 687 5022 καὶ
741 4968 1106 5040 φιλανθρώπῳ
1180 4969 1430 5039 βλέποιτε
1485 4969 1777 5040 βλέμματι,
1854 4973 1947 5024 καὶ

2049 4973 2130 5036 ni,
2154 4981 2210 5026 et
2233 4971 2440 5040 largam
2472 4971 2552 5026 cis
2585 4969 2846 5026 eﬂ‘unditc
2867 4971 3122 5042 gratiam,
3149 4989 3216 5028 ne
3236 4988 3332 5029 vos
3353 4989 3450 5044 per
3469 4987 3532 5030 ea
3551 4975 3627 5029 iu-

363 5059 563 5128 δαψιλῆ
604 5060 766 5130 χάριν
815 5059 996 5122 αὐτοῖς
1033 5062 1328 5131 ἐπιχέοιτε,
1387 5062 1474 5114 ἵνα
1533 5063 1606 5133 μὴ
1647 5063 1714 5115 δι’
1761 5062 1946 5116 αὐτῶν

2043 5064 2247 5132 iuriam
2267 5063 2573 5135 patiamini,
2592 5063 2638 5118 si
2659 5064 2839 5118 divina
2865 5072 3044 5119 vestra
3067 5065 3402 5121 coloratione
3427 5065 3631 5120 fuerint

366 5150 526 5218 ὑμεῖς
553 5147 980 5220 καθυϐρίζησθε,
1017 5153 1066 5203 εί
1097 5153 1194 5220 τῆς
1225 5151 1374 5215 θείας
1425 5153 1948 5224 ἐπιχρωματὼσεως

2057 5155 2340 5212 destituta.
2369 5153 2553 5226 lpsmn
2587 5162 2768 5210 autem
2827 5162 3082 5224 tanquam
3105 5169 3330 5210 servum
3361 5155 3629 5222 inutilem,

317 5283 321 5286 .
367 5239 778 5310 ὀρφανίζοιντο·
835 5242 998 5295 αὑτὸν
1037 5243 1096 5296 δὲ
1147 5243 1220 5306 ὡς
1251 5244 1437 5298 δοῦλον
1495 5247 1732 5316 ἀχρεῖον,
1788 5246 1883 5298 καὶ

2055 5257 2108 5300 et
2141 5246 2287 5316 quod
2324 5244 2506 5300 facere
2537 5244 2730 5302 debuit
2761 5245 3053 5302 facientem
3077 5247 3360 5316 suscipite,
3391 5256 3446 5303 et
3464 5249 3628 5304 veluti

368 5335 544 5387 ποιεῖν
597 5331 796 5402 ὤφειλε
852 5335 1196 5404 πεποιηκότα
1265 5336 1675 5408 προσδέχοισθε,
1731 5337 1822 5391 καὶ
1873 5337 1946 5401 ὡς

2057 5339 2352 5393 debitorem
2383 5338 2638 5394 devotum
2688 5339 2979 5405 admittite,
3018 5349 3072 5394 et
3113 5341 3269 5394 veuia
3294 5341 3352 5395 in
3386 5341 3470 5396 his
3501 5356 3629 5398 eum

366 5425 654 5496 χρεώστην
685 5425 1007 5496 εὐγνώμονα
1035 5427 1272 5492 δέξοισθε
1300 5447 1312 5458 ·
1345 5431 1438 5484 καὶ
1489 5430 1822 5502 συγγνώμης
1853 5433 1946 5486 αὒ-

2055 5428 2218 5486 facite
2267 5431 2516 5500 dignum,
2571 5423 2767 5486 sensus
2799 5430 2920 5500 ejus
2968 5429 3322 5501 exiguitatem
3369 5433 3628 5490 scientes-

1929 5611 2161 5669 ΝΟΤΑΕ.

433 5695 547 5769 (ﬁt)
587 5697 786 5756 Confer
831 5699 1124 5771 Sophronii
1171 5703 1562 5772 praeiudicatur].
