  <div class='ocr_page' id='page_1' title='image "/cluster/home/n/w/nwhite01/storage/ocr_20150623/87 pt.3 1965/mdp.39015012172931/476.png"; bbox 0 0 4036 6236; ppageno 0'>
   <div class='ocr_carea' id='block_1_1' title="bbox 370 243 511 305">
    <p class='ocr_par' dir='ltr' id='par_1_1' title="bbox 370 243 511 305">
     <span class='ocr_line' id='line_1_1' title="bbox 370 243 511 305; baseline 0 0"><span class='ocrx_word' id='word_1_1' title='bbox 370 243 511 305; x_wconf 77' lang='lat'><strong>3677</strong></span> 
     </span>
    </p>
   </div>
   <div class='ocr_carea' id='block_1_2' title="bbox 1504 248 2433 316">
    <p class='ocr_par' dir='ltr' id='par_1_2' title="bbox 1504 248 2433 316">
     <span class='ocr_line' id='line_1_2' title="bbox 1504 248 2433 316; baseline 0.004 -6"><span class='ocrx_word' id='word_1_2' title='bbox 1504 248 1602 311; x_wconf 89' lang='lat' dir='ltr'><strong>DE</strong></span> <span class='ocrx_word' id='word_1_3' title='bbox 1634 250 1737 313; x_wconf 85' lang='lat' dir='ltr'><strong>SS.</strong></span> <span class='ocrx_word' id='word_1_4' title='bbox 1776 250 1969 311; x_wconf 74' lang='grc' dir='ltr'><strong>ΟἳΒο</strong></span> <span class='ocrx_word' id='word_1_5' title='bbox 1999 253 2092 312; x_wconf 83' lang='grc' dir='ltr'><strong>ΕΤ</strong></span> <span class='ocrx_word' id='word_1_6' title='bbox 2122 253 2433 316; x_wconf 71' lang='lat' dir='ltr'><strong>JOANNE.</strong></span> 
     </span>
    </p>
   </div>
   <div class='ocr_carea' id='block_1_3' title="bbox 3467 248 3605 313">
    <p class='ocr_par' dir='ltr' id='par_1_3' title="bbox 3467 248 3605 313">
     <span class='ocr_line' id='line_1_3' title="bbox 3467 248 3605 313; baseline 0.036 -5"><span class='ocrx_word' id='word_1_7' title='bbox 3467 248 3605 313; x_wconf 80' lang='lat'><strong>3678</strong></span> 
     </span>
    </p>
   </div>
   <div class='ocr_carea' id='block_1_4' title="bbox 1357 529 2615 586">
    <p class='ocr_par' dir='ltr' id='par_1_4' title="bbox 1357 529 2615 586">
     <span class='ocr_line' id='line_1_4' title="bbox 1357 529 2615 586; baseline 0.002 -3"><span class='ocrx_word' id='word_1_8' title='bbox 1357 529 1507 584; x_wconf 84' lang='grc' dir='ltr'><strong>ΒΙοΣ</strong></span> <span class='ocrx_word' id='word_1_9' title='bbox 1534 530 1653 584; x_wconf 80' lang='grc' dir='ltr'><strong>ΚΑΙ</strong></span> <span class='ocrx_word' id='word_1_10' title='bbox 1701 531 2029 585; x_wconf 83' lang='grc' dir='ltr'><strong>ΠΟΛΙΤΕΙΑ</strong></span> <span class='ocrx_word' id='word_1_11' title='bbox 2060 530 2179 586; x_wconf 79' lang='grc' dir='ltr'><strong>ΚΑΙ</strong></span> <span class='ocrx_word' id='word_1_12' title='bbox 2208 532 2615 585; x_wconf 67' lang='grc' dir='ltr'><strong>ΜᾹΡΤΥΡΙΟΝ</strong></span> 
     </span>
    </p>
   </div>
   <div class='ocr_carea' id='block_1_5' title="bbox 685 648 3272 706">
    <p class='ocr_par' dir='ltr' id='par_1_5' title="bbox 685 648 3272 706">
     <span class='ocr_line' id='line_1_5' title="bbox 685 648 3272 706; baseline 0 -4"><span class='ocrx_word' id='word_1_13' title='bbox 685 649 804 702; x_wconf 81' lang='grc' dir='ltr'><strong>ΚΑΙ</strong></span> <span class='ocrx_word' id='word_1_14' title='bbox 832 650 1106 705; x_wconf 76' lang='grc' dir='ltr'><strong>ΜΕΡΙΚΗ</strong></span> <span class='ocrx_word' id='word_1_15' title='bbox 1133 651 1268 706; x_wconf 85' lang='grc' dir='ltr'><strong>ΤΩΝ</strong></span> <span class='ocrx_word' id='word_1_16' title='bbox 1304 648 1687 705; x_wconf 76' lang='grc' dir='ltr'><strong>ΘΑΥΜΑΤΩΝ</strong></span> <span class='ocrx_word' id='word_1_17' title='bbox 1705 648 2021 702; x_wconf 84' lang='grc' dir='ltr'><strong>ΔΙΗΓΗΣΙΣ</strong></span> <span class='ocrx_word' id='word_1_18' title='bbox 2056 649 2195 702; x_wconf 80' lang='grc' dir='ltr'><strong>ΤΩΝ</strong></span> <span class='ocrx_word' id='word_1_19' title='bbox 2233 649 2438 702; x_wconf 79' lang='grc' dir='ltr'><strong>ΔΓΙΩΝ</strong></span> <span class='ocrx_word' id='word_1_20' title='bbox 2490 648 2801 704; x_wconf 84' lang='grc' dir='ltr'><strong>ΕΝΔΟΞΩΝ</strong></span> <span class='ocrx_word' id='word_1_21' title='bbox 2853 649 3272 704; x_wconf 80' lang='grc' dir='ltr'><strong>ΑΝΛΡΓΥΡΩΝ</strong></span> 
     </span>
    </p>
   </div>
   <div class='ocr_carea' id='block_1_6' title="bbox 1272 766 2680 913">
    <p class='ocr_par' dir='ltr' id='par_1_6' title="bbox 1272 766 2680 913">
     <span class='ocr_line' id='line_1_6' title="bbox 1272 766 2680 913; baseline -0.006 -31"><span class='ocrx_word' id='word_1_22' title='bbox 1296 795 1675 884; x_wconf 89' lang='grc' dir='ltr'>ΚΥΡΟΥ</span> <span class='ocrx_word' id='word_1_23' title='bbox 1827 766 2031 879; x_wconf 72' lang='lat' dir='ltr'><strong>KAI‘</strong></span> <span class='ocrx_word' id='word_1_24' title='bbox 2154 790 2680 883; x_wconf 73' lang='lat' dir='ltr'><strong>mANNor.</strong></span> 
     </span>
    </p>
   </div>
   <div class='ocr_carea' id='block_1_7' title="bbox 1199 1054 3139 1145">
    <p class='ocr_par' dir='ltr' id='par_1_7' title="bbox 1199 1054 3139 1145">
     <span class='ocr_line' id='line_1_7' title="bbox 1199 1054 3139 1145; baseline -0.001 -29"><span class='ocrx_word' id='word_1_25' title='bbox 1199 1056 1377 1116; x_wconf 84' lang='lat' dir='ltr'><strong>VITA</strong></span> <span class='ocrx_word' id='word_1_26' title='bbox 1414 1056 1510 1117; x_wconf 88' lang='lat' dir='ltr'><strong>ET</strong></span> <span class='ocrx_word' id='word_1_27' title='bbox 1550 1056 2076 1118; x_wconf 83' lang='lat' dir='ltr'><strong>CONVERSATIO</strong></span> <span class='ocrx_word' id='word_1_28' title='bbox 2136 1056 2231 1115; x_wconf 82' lang='lat' dir='ltr'><strong>ET</strong></span> <span class='ocrx_word' id='word_1_29' title='bbox 2305 1054 2774 1116; x_wconf 82' lang='lat' dir='ltr'><strong>MARTYRIUM</strong></span> <span class='ocrx_word' id='word_1_30' title='bbox 3130 1138 3139 1145; x_wconf 35' lang='lat'>.</span> 
     </span>
    </p>
   </div>
   <div class='ocr_carea' id='block_1_8' title="bbox 360 1170 3615 1237">
    <p class='ocr_par' dir='ltr' id='par_1_8' title="bbox 360 1170 3615 1237">
     <span class='ocr_line' id='line_1_8' title="bbox 360 1170 3615 1237; baseline 0.001 -4"><span class='ocrx_word' id='word_1_31' title='bbox 360 1173 458 1233; x_wconf 86' lang='lat' dir='ltr'><strong>ET</strong></span> <span class='ocrx_word' id='word_1_32' title='bbox 493 1172 898 1233; x_wconf 82' lang='lat' dir='ltr'><strong>PARTIALIS</strong></span> <span class='ocrx_word' id='word_1_33' title='bbox 925 1172 1319 1233; x_wconf 82' lang='lat' dir='ltr'><strong>NARRATIO</strong></span> <span class='ocrx_word' id='word_1_34' title='bbox 1355 1173 1929 1235; x_wconf 80' lang='lat' dir='ltr'><strong>MIRACULORUM</strong></span> <span class='ocrx_word' id='word_1_35' title='bbox 1975 1171 2433 1234; x_wconf 84' lang='lat' dir='ltr'><strong>SANCTORUM</strong></span> <span class='ocrx_word' id='word_1_36' title='bbox 2485 1170 2969 1233; x_wconf 78' lang='lat' dir='ltr'><strong>ILLUSTRIUM</strong></span> <span class='ocrx_word' id='word_1_37' title='bbox 3033 1172 3615 1237; x_wconf 79' lang='lat' dir='ltr'><strong>ANARGYRORUM</strong></span> 
     </span>
    </p>
   </div>
   <div class='ocr_carea' id='block_1_9' title="bbox 1423 1317 2511 1410">
    <p class='ocr_par' dir='ltr' id='par_1_9' title="bbox 1423 1317 2511 1410">
     <span class='ocr_line' id='line_1_9' title="bbox 1423 1317 2511 1410; baseline -0.001 0"><span class='ocrx_word' id='word_1_38' title='bbox 1423 1321 1696 1410; x_wconf 78' lang='lat' dir='ltr'><strong>CYBI</strong></span> <span class='ocrx_word' id='word_1_39' title='bbox 1778 1321 1927 1409; x_wconf 81' lang='grc' dir='ltr'><strong>ΕΤ</strong></span> <span class='ocrx_word' id='word_1_40' title='bbox 1998 1317 2511 1410; x_wconf 78' lang='lat' dir='ltr'><strong>JOANNIS</strong></span> 
     </span>
    </p>
   </div>
   <div class='ocr_carea' id='block_1_10' title="bbox 430 1588 1932 1666">
    <p class='ocr_par' dir='ltr' id='par_1_10' title="bbox 430 1588 1932 1666">
     <span class='ocr_line' id='line_1_10' title="bbox 430 1588 1932 1666; baseline 0.002 -21"><span class='ocrx_word' id='word_1_41' title='bbox 430 1599 497 1646; x_wconf 83' lang='grc' dir='ltr'><strong>α’.</strong></span> <span class='ocrx_word' id='word_1_42' title='bbox 552 1590 612 1644; x_wconf 85' lang='lat'><strong>&#39;0</strong></span> <span class='ocrx_word' id='word_1_43' title='bbox 657 1588 944 1662; x_wconf 79' lang='grc' dir='ltr'>θεαρχικὸς</span> <span class='ocrx_word' id='word_1_44' title='bbox 990 1593 1124 1663; x_wconf 82' lang='grc' dir='ltr'><strong>ἡμῖν</strong></span> <span class='ocrx_word' id='word_1_45' title='bbox 1174 1592 1365 1660; x_wconf 81' lang='grc' dir='ltr'><strong>Λόγος,</strong></span> <span class='ocrx_word' id='word_1_46' title='bbox 1410 1594 1443 1662; x_wconf 79' lang='grc' dir='ltr'>ἡ</span> <span class='ocrx_word' id='word_1_47' title='bbox 1495 1593 1664 1656; x_wconf 79' lang='grc' dir='ltr'>ὄντως</span> <span class='ocrx_word' id='word_1_48' title='bbox 1708 1592 1932 1666; x_wconf 82' lang='grc' dir='ltr'>ἀλήθεια</span> 
     </span>
    </p>
   </div>
   <div class='ocr_carea' id='block_1_11' title="bbox 2040 1588 3616 1666">
    <p class='ocr_par' dir='ltr' id='par_1_11' title="bbox 2104 1589 3616 1659">
     <span class='ocr_line' id='line_1_11' title="bbox 2104 1589 3616 1659; baseline -0.002 -11"><span class='ocrx_word' id='word_1_49' title='bbox 2104 1594 2156 1648; x_wconf 76' lang='lat' dir='ltr'><strong>‘l.</strong></span> <span class='ocrx_word' id='word_1_50' title='bbox 2179 1590 2404 1645; x_wconf 80' lang='lat' dir='ltr'><strong>Divinos</strong></span> <span class='ocrx_word' id='word_1_51' title='bbox 2427 1589 2581 1645; x_wconf 89' lang='lat' dir='ltr'><strong>nobis</strong></span> <span class='ocrx_word' id='word_1_52' title='bbox 2603 1606 2804 1654; x_wconf 84' lang='lat' dir='ltr'><strong>sermo,</strong></span> <span class='ocrx_word' id='word_1_53' title='bbox 2827 1590 2915 1659; x_wconf 86' lang='lat' dir='ltr'><strong>qui</strong></span> <span class='ocrx_word' id='word_1_54' title='bbox 2949 1604 3076 1646; x_wconf 82' lang='lat' dir='ltr'><strong>vere</strong></span> <span class='ocrx_word' id='word_1_55' title='bbox 3099 1592 3300 1646; x_wconf 81' lang='lat' dir='ltr'><strong>veritas</strong></span> <span class='ocrx_word' id='word_1_56' title='bbox 3330 1599 3437 1656; x_wconf 88' lang='lat' dir='ltr'><strong>est,</strong></span> <span class='ocrx_word' id='word_1_57' title='bbox 3456 1593 3616 1647; x_wconf 80' lang='lat' dir='ltr'><strong>Chri-</strong></span> 
     </span>
    </p>
   </div>
   <div class='ocr_carea' id='block_1_12' title="bbox 357 1680 1937 1756">
    <p class='ocr_par' dir='ltr' id='par_1_12' title="bbox 357 1680 1937 1756">
     <span class='ocr_line' id='line_1_12' title="bbox 357 1680 1937 1756; baseline 0.003 -23"><span class='ocrx_word' id='word_1_58' title='bbox 357 1680 591 1753; x_wconf 75' lang='grc' dir='ltr'>Χριστὸς</span> <span class='ocrx_word' id='word_1_59' title='bbox 635 1682 663 1734; x_wconf 98' lang='lat'><strong>6</strong></span> <span class='ocrx_word' id='word_1_60' title='bbox 706 1681 838 1745; x_wconf 84' lang='grc' dir='ltr'><strong>Θεὸς</strong></span> <span class='ocrx_word' id='word_1_61' title='bbox 894 1681 1073 1752; x_wconf 76' lang='grc' dir='ltr'>ἡμῶν,</span> <span class='ocrx_word' id='word_1_62' title='bbox 1122 1686 1180 1737; x_wconf 91' lang='grc' dir='ltr'><strong>ἐν</strong></span> <span class='ocrx_word' id='word_1_63' title='bbox 1227 1683 1584 1752; x_wconf 77' lang='grc' dir='ltr'>Εὐαγγελίοις</span> <span class='ocrx_word' id='word_1_64' title='bbox 1639 1683 1937 1756; x_wconf 74' lang='grc' dir='ltr'>διαρρήδην</span> 
     </span>
    </p>
   </div>
   <div class='ocr_carea' id='block_1_13' title="bbox 358 1772 1935 1846">
    <p class='ocr_par' dir='ltr' id='par_1_13' title="bbox 358 1772 1935 1846">
     <span class='ocr_line' id='line_1_13' title="bbox 358 1772 1935 1846; baseline 0.003 -20"><span class='ocrx_word' id='word_1_65' title='bbox 358 1773 617 1844; x_wconf 80' lang='grc' dir='ltr'><strong>κηρύττει</strong></span> <span class='ocrx_word' id='word_1_66' title='bbox 646 1772 840 1837; x_wconf 78' lang='grc' dir='ltr'>οὕτως·</span> <span class='ocrx_word' id='word_1_67' title='bbox 871 1774 1057 1828; x_wconf 84' lang='grc' dir='ltr'>Πάντα</span> <span class='ocrx_word' id='word_1_68' title='bbox 1086 1775 1289 1830; x_wconf 82' lang='grc' dir='ltr'>δυνατὰ</span> <span class='ocrx_word' id='word_1_69' title='bbox 1318 1775 1406 1846; x_wconf 77' lang='grc' dir='ltr'>τῷ</span> <span class='ocrx_word' id='word_1_70' title='bbox 1430 1776 1760 1831; x_wconf 84' lang='grc' dir='ltr'>πιστεύοντι.</span> <span class='ocrx_word' id='word_1_71' title='bbox 1789 1777 1935 1830; x_wconf 79' lang='grc' dir='ltr'>Παῦ-</span> 
     </span>
    </p>
   </div>
   <div class='ocr_carea' id='block_1_14' title="bbox 356 1863 1933 1935">
    <p class='ocr_par' dir='ltr' id='par_1_14' title="bbox 356 1863 1933 1935">
     <span class='ocr_line' id='line_1_14' title="bbox 356 1863 1933 1935; baseline 0.001 -18"><span class='ocrx_word' id='word_1_72' title='bbox 356 1865 447 1927; x_wconf 98' lang='grc' dir='ltr'><strong>λος</strong></span> <span class='ocrx_word' id='word_1_73' title='bbox 477 1863 534 1917; x_wconf 85' lang='grc' dir='ltr'>δὲ</span> <span class='ocrx_word' id='word_1_74' title='bbox 570 1864 724 1935; x_wconf 81' lang='grc' dir='ltr'>ἡμῖν,</span> <span class='ocrx_word' id='word_1_75' title='bbox 762 1863 865 1933; x_wconf 85' lang='grc' dir='ltr'>τῆς</span> <span class='ocrx_word' id='word_1_76' title='bbox 900 1863 1265 1934; x_wconf 82' lang='grc' dir='ltr'>ἁποστολικῆς</span> <span class='ocrx_word' id='word_1_77' title='bbox 1304 1866 1333 1918; x_wconf 92' lang='lat'><strong>6</strong></span> <span class='ocrx_word' id='word_1_78' title='bbox 1384 1865 1561 1935; x_wconf 80' lang='grc' dir='ltr'>κήρυξ</span> <span class='ocrx_word' id='word_1_79' title='bbox 1609 1864 1933 1935; x_wconf 78' lang='grc' dir='ltr'>ἀκρότητος,</span> 
     </span>
    </p>
   </div>
   <div class='ocr_carea' id='block_1_15' title="bbox 355 1953 1932 2026">
    <p class='ocr_par' dir='ltr' id='par_1_15' title="bbox 355 1953 1932 2026">
     <span class='ocr_line' id='line_1_15' title="bbox 355 1953 1932 2026; baseline -0.002 -17"><span class='ocrx_word' id='word_1_80' title='bbox 355 1955 521 2009; x_wconf 83' lang='grc' dir='ltr'>αὐτοῦ</span> <span class='ocrx_word' id='word_1_81' title='bbox 553 1953 647 2008; x_wconf 83' lang='grc' dir='ltr'><strong>τοῦ</strong></span> <span class='ocrx_word' id='word_1_82' title='bbox 679 1954 914 2025; x_wconf 80' lang='grc' dir='ltr'><strong>Χριστοῦ</strong></span> <span class='ocrx_word' id='word_1_83' title='bbox 941 1954 1138 2026; x_wconf 83' lang='grc' dir='ltr'>δηλαδὴ</span> <span class='ocrx_word' id='word_1_84' title='bbox 1172 1953 1462 2018; x_wconf 80' lang='grc' dir='ltr'>λαλοῦντος</span> <span class='ocrx_word' id='word_1_85' title='bbox 1508 1957 1566 2008; x_wconf 83' lang='grc' dir='ltr'><strong>ἐν</strong></span> <span class='ocrx_word' id='word_1_86' title='bbox 1600 1954 1779 2025; x_wconf 84' lang='grc' dir='ltr'>ἐαυτῷ</span> <span class='ocrx_word' id='word_1_87' title='bbox 1842 1954 1932 2006; x_wconf 84' lang='grc' dir='ltr'><strong>Θε-</strong></span> 
     </span>
    </p>
   </div>
   <div class='ocr_carea' id='block_1_16' title="bbox 356 2044 1932 2119">
    <p class='ocr_par' dir='ltr' id='par_1_16' title="bbox 356 2044 1932 2119">
     <span class='ocr_line' id='line_1_16' title="bbox 356 2044 1932 2119; baseline -0.003 -16"><span class='ocrx_word' id='word_1_88' title='bbox 356 2049 595 2111; x_wconf 85' lang='grc' dir='ltr'>σπεσίως</span> <span class='ocrx_word' id='word_1_89' title='bbox 622 2046 741 2119; x_wconf 82' lang='grc' dir='ltr'>βοᾷ,</span> <span class='ocrx_word' id='word_1_90' title='bbox 760 2046 856 2119; x_wconf 85' lang='grc' dir='ltr'>τὴν</span> <span class='ocrx_word' id='word_1_91' title='bbox 887 2046 1077 2100; x_wconf 79' lang='grc' dir='ltr'>ἐλπίδα</span> <span class='ocrx_word' id='word_1_92' title='bbox 1105 2047 1180 2117; x_wconf 84' lang='grc' dir='ltr'>μὴ</span> <span class='ocrx_word' id='word_1_93' title='bbox 1211 2047 1617 2117; x_wconf 80' lang='grc' dir='ltr'>καταισχύνειν·</span> <span class='ocrx_word' id='word_1_94' title='bbox 1644 2047 1781 2119; x_wconf 81' lang='grc' dir='ltr'>πρὸς</span> <span class='ocrx_word' id='word_1_95' title='bbox 1805 2044 1932 2100; x_wconf 80' lang='grc' dir='ltr'>τού-</span> 
     </span>
    </p>
   </div>
   <div class='ocr_carea' id='block_1_17' title="bbox 353 2134 1932 2209">
    <p class='ocr_par' dir='ltr' id='par_1_17' title="bbox 353 2134 1932 2209">
     <span class='ocr_line' id='line_1_17' title="bbox 353 2134 1932 2209; baseline -0.004 -17"><span class='ocrx_word' id='word_1_96' title='bbox 353 2156 466 2201; x_wconf 89' lang='grc' dir='ltr'>τοις</span> <span class='ocrx_word' id='word_1_97' title='bbox 490 2139 636 2208; x_wconf 81' lang='grc' dir='ltr'>ἡμᾶς</span> <span class='ocrx_word' id='word_1_98' title='bbox 657 2139 688 2207; x_wconf 84' lang='grc' dir='ltr'>ἡ</span> <span class='ocrx_word' id='word_1_99' title='bbox 713 2136 901 2209; x_wconf 83' lang='grc' dir='ltr'>ἀγάπη</span> <span class='ocrx_word' id='word_1_100' title='bbox 932 2134 1024 2189; x_wconf 78' lang='grc' dir='ltr'><strong>τοῦ</strong></span> <span class='ocrx_word' id='word_1_101' title='bbox 1050 2136 1461 2205; x_wconf 80' lang='grc' dir='ltr'>ἀγαπήσαντος,</span> <span class='ocrx_word' id='word_1_102' title='bbox 1493 2135 1589 2189; x_wconf 76' lang='grc' dir='ltr'>καὶ</span> <span class='ocrx_word' id='word_1_103' title='bbox 1611 2135 1752 2206; x_wconf 83' lang='grc' dir='ltr'>ὑπὲρ</span> <span class='ocrx_word' id='word_1_104' title='bbox 1774 2134 1932 2204; x_wconf 70' lang='grc' dir='ltr'>ἡμῶν</span> 
     </span>
    </p>
   </div>
   <div class='ocr_carea' id='block_1_18' title="bbox 356 2225 1927 2297">
    <p class='ocr_par' dir='ltr' id='par_1_18' title="bbox 356 2225 1927 2297">
     <span class='ocr_line' id='line_1_18' title="bbox 356 2225 1927 2297; baseline -0.003 -14"><span class='ocrx_word' id='word_1_105' title='bbox 356 2230 544 2283; x_wconf 68' lang='grc' dir='ltr'>ἑαυτὸν</span> <span class='ocrx_word' id='word_1_106' title='bbox 559 2228 759 2294; x_wconf 79' lang='grc' dir='ltr'><strong>δόντος,</strong></span> <span class='ocrx_word' id='word_1_107' title='bbox 786 2227 950 2282; x_wconf 84' lang='grc' dir='ltr'>πάλιν</span> <span class='ocrx_word' id='word_1_108' title='bbox 973 2226 1160 2292; x_wconf 78' lang='grc' dir='ltr'>αὐτοῦ,</span> <span class='ocrx_word' id='word_1_109' title='bbox 1181 2227 1345 2297; x_wconf 85' lang='grc' dir='ltr'>φημί,</span> <span class='ocrx_word' id='word_1_110' title='bbox 1368 2226 1464 2280; x_wconf 81' lang='grc' dir='ltr'><strong>τοῦ</strong></span> <span class='ocrx_word' id='word_1_111' title='bbox 1488 2225 1927 2297; x_wconf 75' lang='grc' dir='ltr'>Σωτῆροςὴμῶν,</span> 
     </span>
    </p>
   </div>
   <div class='ocr_carea' id='block_1_19' title="bbox 352 2316 1932 2389">
    <p class='ocr_par' dir='ltr' id='par_1_19' title="bbox 352 2316 1932 2389">
     <span class='ocr_line' id='line_1_19' title="bbox 352 2316 1932 2389; baseline -0.002 -15"><span class='ocrx_word' id='word_1_112' title='bbox 352 2321 442 2374; x_wconf 74' lang='grc' dir='ltr'><strong>διὰ</strong></span> <span class='ocrx_word' id='word_1_113' title='bbox 495 2321 593 2389; x_wconf 82' lang='grc' dir='ltr'>τῆς</span> <span class='ocrx_word' id='word_1_114' title='bbox 636 2318 748 2371; x_wconf 90' lang='grc' dir='ltr'><strong>τῶν</strong></span> <span class='ocrx_word' id='word_1_115' title='bbox 804 2317 1099 2389; x_wconf 82' lang='grc' dir='ltr'>μαρτύρων</span> <span class='ocrx_word' id='word_1_116' title='bbox 1145 2317 1418 2380; x_wconf 86' lang='grc' dir='ltr'>πολιτείας</span> <span class='ocrx_word' id='word_1_117' title='bbox 1467 2317 1559 2370; x_wconf 73' lang='grc' dir='ltr'>καὶ</span> <span class='ocrx_word' id='word_1_118' title='bbox 1610 2316 1932 2381; x_wconf 74' lang='grc' dir='ltr'>ἐπιστασίας</span> 
     </span>
    </p>
   </div>
   <div class='ocr_carea' id='block_1_20' title="bbox 355 2406 1931 2484">
    <p class='ocr_par' dir='ltr' id='par_1_20' title="bbox 355 2406 1931 2484">
     <span class='ocr_line' id='line_1_20' title="bbox 355 2406 1931 2484; baseline -0.003 -19"><span class='ocrx_word' id='word_1_119' title='bbox 355 2410 746 2484; x_wconf 72' lang='grc' dir='ltr'>ἐπεοάρρυνεν,</span> <span class='ocrx_word' id='word_1_120' title='bbox 780 2412 894 2473; x_wconf 86' lang='grc' dir='ltr'>τοῖς</span> <span class='ocrx_word' id='word_1_121' title='bbox 929 2410 1065 2480; x_wconf 80' lang='grc' dir='ltr'>ὑπὲρ</span> <span class='ocrx_word' id='word_1_122' title='bbox 1120 2410 1268 2479; x_wconf 80' lang='grc' dir='ltr'>ἡμᾶς</span> <span class='ocrx_word' id='word_1_123' title='bbox 1314 2410 1628 2476; x_wconf 81' lang='grc' dir='ltr'>ἐπαφεῖναι,</span> <span class='ocrx_word' id='word_1_124' title='bbox 1675 2408 1769 2461; x_wconf 70' lang='grc' dir='ltr'>καὶ</span> <span class='ocrx_word' id='word_1_125' title='bbox 1819 2406 1931 2477; x_wconf 82' lang='grc' dir='ltr'>βίον</span> 
     </span>
    </p>
   </div>
   <div class='ocr_carea' id='block_1_21' title="bbox 353 2499 1931 2572">
    <p class='ocr_par' dir='ltr' id='par_1_21' title="bbox 353 2499 1931 2572">
     <span class='ocr_line' id='line_1_21' title="bbox 353 2499 1931 2572; baseline -0.004 -16"><span class='ocrx_word' id='word_1_126' title='bbox 353 2499 463 2558; x_wconf 75' lang='grc' dir='ltr'><strong>οἷόν</strong></span> <span class='ocrx_word' id='word_1_127' title='bbox 489 2522 546 2557; x_wconf 90' lang='grc' dir='ltr'>τε</span> <span class='ocrx_word' id='word_1_128' title='bbox 581 2505 754 2558; x_wconf 73' lang='grc' dir='ltr'>εἰπεῖν</span> <span class='ocrx_word' id='word_1_129' title='bbox 781 2501 890 2555; x_wconf 91' lang='grc' dir='ltr'>τῶν</span> <span class='ocrx_word' id='word_1_130' title='bbox 920 2501 1092 2570; x_wconf 86' lang='grc' dir='ltr'>ἁγίων</span> <span class='ocrx_word' id='word_1_131' title='bbox 1122 2499 1306 2570; x_wconf 81' lang='grc' dir='ltr'>Κύρου</span> <span class='ocrx_word' id='word_1_132' title='bbox 1343 2500 1437 2554; x_wconf 77' lang='grc' dir='ltr'>καὶ</span> <span class='ocrx_word' id='word_1_133' title='bbox 1484 2500 1734 2554; x_wconf 79' lang='grc' dir='ltr'><strong>Ἰωάννου</strong></span> <span class='ocrx_word' id='word_1_134' title='bbox 1773 2517 1931 2572; x_wconf 85' lang='grc' dir='ltr'>μερι-</span> 
     </span>
    </p>
   </div>
   <div class='ocr_carea' id='block_1_22' title="bbox 354 2592 1930 2663">
    <p class='ocr_par' dir='ltr' id='par_1_22' title="bbox 354 2592 1930 2663">
     <span class='ocr_line' id='line_1_22' title="bbox 354 2592 1930 2663; baseline -0.001 -15"><span class='ocrx_word' id='word_1_135' title='bbox 354 2597 485 2660; x_wconf 86' lang='grc' dir='ltr'>κῶς,</span> <span class='ocrx_word' id='word_1_136' title='bbox 517 2598 581 2649; x_wconf 82' lang='grc' dir='ltr'><strong>ἐκ</strong></span> <span class='ocrx_word' id='word_1_137' title='bbox 619 2593 818 2648; x_wconf 81' lang='grc' dir='ltr'>πολλοῦ</span> <span class='ocrx_word' id='word_1_138' title='bbox 858 2594 1018 2648; x_wconf 79' lang='grc' dir='ltr'>τοῦτο</span> <span class='ocrx_word' id='word_1_139' title='bbox 1067 2594 1423 2663; x_wconf 80' lang='grc' dir='ltr'>ἐφιεμένουςο</span> <span class='ocrx_word' id='word_1_140' title='bbox 1465 2593 1661 2646; x_wconf 77' lang='grc' dir='ltr'>ταυτὺν</span> <span class='ocrx_word' id='word_1_141' title='bbox 1699 2592 1756 2647; x_wconf 80' lang='grc' dir='ltr'>δέ</span> <span class='ocrx_word' id='word_1_142' title='bbox 1785 2593 1930 2647; x_wconf 83' lang='grc' dir='ltr'>ἐστιν</span> 
     </span>
    </p>
   </div>
   <div class='ocr_carea' id='block_1_23' title="bbox 355 2683 1929 2756">
    <p class='ocr_par' dir='ltr' id='par_1_23' title="bbox 355 2683 1929 2756">
     <span class='ocr_line' id='line_1_23' title="bbox 355 2683 1929 2756; baseline -0.003 -15"><span class='ocrx_word' id='word_1_143' title='bbox 355 2690 533 2743; x_wconf 80' lang='grc' dir='ltr'>εἰπεῖν</span> <span class='ocrx_word' id='word_1_144' title='bbox 562 2688 860 2754; x_wconf 78' lang='grc' dir='ltr'><strong>πολιτείαν,</strong></span> <span class='ocrx_word' id='word_1_145' title='bbox 890 2688 1027 2742; x_wconf 89' lang='grc' dir='ltr'>ἀλλά</span> <span class='ocrx_word' id='word_1_146' title='bbox 1053 2704 1116 2756; x_wconf 89' lang='grc' dir='ltr'><strong>γε</strong></span> <span class='ocrx_word' id='word_1_147' title='bbox 1150 2689 1241 2743; x_wconf 74' lang='grc' dir='ltr'>καὶ</span> <span class='ocrx_word' id='word_1_148' title='bbox 1267 2685 1365 2756; x_wconf 84' lang='grc' dir='ltr'><strong>τὴν</strong></span> <span class='ocrx_word' id='word_1_149' title='bbox 1396 2685 1535 2755; x_wconf 80' lang='grc' dir='ltr'>ὑπὲρ</span> <span class='ocrx_word' id='word_1_150' title='bbox 1563 2684 1800 2754; x_wconf 82' lang='grc' dir='ltr'><strong>Χριστοῦ</strong></span> <span class='ocrx_word' id='word_1_151' title='bbox 1836 2683 1929 2737; x_wconf 80' lang='grc' dir='ltr'>τοῦ</span> 
     </span>
    </p>
   </div>
   <div class='ocr_carea' id='block_1_24' title="bbox 353 2776 1928 2852">
    <p class='ocr_par' dir='ltr' id='par_1_24' title="bbox 353 2776 1928 2852">
     <span class='ocr_line' id='line_1_24' title="bbox 353 2776 1928 2852; baseline -0.003 -18"><span class='ocrx_word' id='word_1_152' title='bbox 353 2781 486 2834; x_wconf 81' lang='grc' dir='ltr'>θεοῦ</span> <span class='ocrx_word' id='word_1_153' title='bbox 549 2780 708 2852; x_wconf 79' lang='grc' dir='ltr'>ἡμῶν</span> <span class='ocrx_word' id='word_1_154' title='bbox 763 2780 1021 2851; x_wconf 84' lang='grc' dir='ltr'>λαμπράν</span> <span class='ocrx_word' id='word_1_155' title='bbox 1069 2796 1130 2832; x_wconf 88' lang='grc' dir='ltr'><strong>τε</strong></span> <span class='ocrx_word' id='word_1_156' title='bbox 1184 2778 1366 2833; x_wconf 82' lang='grc' dir='ltr'>αὐτῶν</span> <span class='ocrx_word' id='word_1_157' title='bbox 1412 2779 1508 2832; x_wconf 73' lang='grc' dir='ltr'>καὶ</span> <span class='ocrx_word' id='word_1_158' title='bbox 1557 2776 1928 2847; x_wconf 83' lang='grc' dir='ltr'>ὑπερκόσμιον</span> 
     </span>
    </p>
   </div>
   <div class='ocr_carea' id='block_1_25' title="bbox 354 2866 1928 2943">
    <p class='ocr_par' dir='ltr' id='par_1_25' title="bbox 354 2866 1928 2943">
     <span class='ocr_line' id='line_1_25' title="bbox 354 2866 1928 2943; baseline -0.004 -18"><span class='ocrx_word' id='word_1_159' title='bbox 354 2871 615 2941; x_wconf 71' lang='grc' dir='ltr'>ἄθλησινσ</span> <span class='ocrx_word' id='word_1_160' title='bbox 648 2872 742 2925; x_wconf 73' lang='grc' dir='ltr'>καὶ</span> <span class='ocrx_word' id='word_1_161' title='bbox 773 2870 837 2943; x_wconf 83' lang='grc' dir='ltr'>δὴ</span> <span class='ocrx_word' id='word_1_162' title='bbox 872 2869 1168 2940; x_wconf 82' lang='grc' dir='ltr'><strong>θαυμάτων</strong></span> <span class='ocrx_word' id='word_1_163' title='bbox 1200 2869 1369 2940; x_wconf 73' lang='grc' dir='ltr'>ἤγουν</span> <span class='ocrx_word' id='word_1_164' title='bbox 1403 2868 1599 2922; x_wconf 86' lang='grc' dir='ltr'>ίάσεων</span> <span class='ocrx_word' id='word_1_165' title='bbox 1637 2866 1834 2935; x_wconf 82' lang='grc' dir='ltr'>ὀλίγων</span> <span class='ocrx_word' id='word_1_166' title='bbox 1863 2869 1928 2918; x_wconf 83' lang='grc' dir='ltr'><strong>ἐκ</strong></span> 
     </span>
    </p>
   </div>
   <div class='ocr_carea' id='block_1_26' title="bbox 356 2957 1929 3035">
    <p class='ocr_par' dir='ltr' id='par_1_26' title="bbox 356 2957 1929 3035">
     <span class='ocr_line' id='line_1_26' title="bbox 356 2957 1929 3035; baseline -0.004 -19"><span class='ocrx_word' id='word_1_167' title='bbox 356 2963 584 3026; x_wconf 78' lang='grc' dir='ltr'>πολλῶν,</span> <span class='ocrx_word' id='word_1_168' title='bbox 636 2957 710 3017; x_wconf 84' lang='grc' dir='ltr'><strong>ὧν</strong></span> <span class='ocrx_word' id='word_1_169' title='bbox 756 2965 916 3035; x_wconf 79' lang='grc' dir='ltr'>ἡμεῖς</span> <span class='ocrx_word' id='word_1_170' title='bbox 950 2963 1213 3016; x_wconf 80' lang='grc' dir='ltr'><strong>αὐτόπται</strong></span> <span class='ocrx_word' id='word_1_171' title='bbox 1247 2963 1343 3015; x_wconf 69' lang='grc' dir='ltr'>καὶ</span> <span class='ocrx_word' id='word_1_172' title='bbox 1386 2961 1655 3031; x_wconf 78' lang='grc' dir='ltr'><strong>ὑπηρέται</strong></span> <span class='ocrx_word' id='word_1_173' title='bbox 1703 2958 1929 3026; x_wconf 81' lang='grc' dir='ltr'>γεγόνα-</span> 
     </span>
    </p>
   </div>
   <div class='ocr_carea' id='block_1_27' title="bbox 356 3050 1932 3126">
    <p class='ocr_par' dir='ltr' id='par_1_27' title="bbox 356 3050 1932 3126">
     <span class='ocr_line' id='line_1_27' title="bbox 356 3050 1932 3126; baseline -0.004 -19"><span class='ocrx_word' id='word_1_174' title='bbox 356 3073 458 3126; x_wconf 86' lang='grc' dir='ltr'><strong>μεν</strong></span> <span class='ocrx_word' id='word_1_175' title='bbox 485 3056 582 3126; x_wconf 73' lang='grc'>(1),</span> <span class='ocrx_word' id='word_1_176' title='bbox 611 3055 745 3109; x_wconf 82' lang='grc' dir='ltr'>ἀλλὰ</span> <span class='ocrx_word' id='word_1_177' title='bbox 774 3057 866 3108; x_wconf 76' lang='grc' dir='ltr'>καὶ</span> <span class='ocrx_word' id='word_1_178' title='bbox 893 3054 1061 3125; x_wconf 80' lang='grc' dir='ltr'>ἐσμὲν</span> <span class='ocrx_word' id='word_1_179' title='bbox 1085 3053 1203 3124; x_wconf 80' lang='grc' dir='ltr'>θεία</span> <span class='ocrx_word' id='word_1_180' title='bbox 1224 3053 1429 3124; x_wconf 81' lang='grc' dir='ltr'>χάριτι,</span> <span class='ocrx_word' id='word_1_181' title='bbox 1453 3050 1659 3106; x_wconf 82' lang='grc' dir='ltr'>τούτων</span> <span class='ocrx_word' id='word_1_182' title='bbox 1678 3050 1932 3120; x_wconf 80' lang='grc' dir='ltr'><strong>λαχόντες</strong></span> 
     </span>
    </p>
   </div>
   <div class='ocr_carea' id='block_1_28' title="bbox 353 3141 1935 3220">
    <p class='ocr_par' dir='ltr' id='par_1_28' title="bbox 353 3141 1935 3220">
     <span class='ocr_line' id='line_1_28' title="bbox 353 3141 1935 3220; baseline -0.004 -20"><span class='ocrx_word' id='word_1_183' title='bbox 353 3147 486 3220; x_wconf 74' lang='grc' dir='ltr'>πρὸς</span> <span class='ocrx_word' id='word_1_184' title='bbox 504 3148 796 3219; x_wconf 76' lang='grc' dir='ltr'><strong>σωτηρίαν,</strong></span> <span class='ocrx_word' id='word_1_185' title='bbox 819 3149 867 3200; x_wconf 79' lang='grc' dir='ltr'>οἱ</span> <span class='ocrx_word' id='word_1_186' title='bbox 887 3146 1133 3199; x_wconf 81' lang='grc' dir='ltr'>τελωνῶν</span> <span class='ocrx_word' id='word_1_187' title='bbox 1156 3144 1526 3213; x_wconf 87' lang='grc' dir='ltr'>τελωνότεροι,</span> <span class='ocrx_word' id='word_1_188' title='bbox 1555 3159 1660 3214; x_wconf 86' lang='grc' dir='ltr'>μνη</span> <span class='ocrx_word' id='word_1_189' title='bbox 1670 3141 1935 3213; x_wconf 69' lang='grc' dir='ltr'>μονεύσωο</span> 
     </span>
    </p>
   </div>
   <div class='ocr_carea' id='block_1_29' title="bbox 357 3236 1673 3310">
    <p class='ocr_par' dir='ltr' id='par_1_29' title="bbox 357 3236 1673 3310">
     <span class='ocr_line' id='line_1_29' title="bbox 357 3236 1673 3310; baseline -0.002 -18"><span class='ocrx_word' id='word_1_190' title='bbox 357 3257 455 3310; x_wconf 84' lang='grc' dir='ltr'><strong>μεν</strong></span> <span class='ocrx_word' id='word_1_191' title='bbox 484 3242 621 3308; x_wconf 72' lang='grc' dir='ltr'>πρὸς</span> <span class='ocrx_word' id='word_1_192' title='bbox 650 3239 747 3309; x_wconf 76' lang='grc' dir='ltr'>τὴν</span> <span class='ocrx_word' id='word_1_193' title='bbox 774 3238 886 3292; x_wconf 85' lang='grc' dir='ltr'>τῶν</span> <span class='ocrx_word' id='word_1_194' title='bbox 917 3237 1355 3308; x_wconf 73' lang='grc' dir='ltr'><strong>ἐντυγχανόντων</strong></span> <span class='ocrx_word' id='word_1_195' title='bbox 1386 3236 1673 3304; x_wconf 80' lang='grc' dir='ltr'>ὠφέλειαν.</span> 
     </span>
    </p>
   </div>
   <div class='ocr_carea' id='block_1_30' title="bbox 427 3324 1961 3400">
    <p class='ocr_par' dir='ltr' id='par_1_30' title="bbox 427 3324 1961 3400">
     <span class='ocr_line' id='line_1_30' title="bbox 427 3324 1961 3400; baseline 0.002 -17"><span class='ocrx_word' id='word_1_196' title='bbox 427 3329 492 3399; x_wconf 86' lang='grc' dir='ltr'><strong>β’.</strong></span> <span class='ocrx_word' id='word_1_197' title='bbox 534 3331 714 3398; x_wconf 83' lang='grc' dir='ltr'>Κῦρος</span> <span class='ocrx_word' id='word_1_198' title='bbox 747 3324 839 3382; x_wconf 80' lang='grc' dir='ltr'>οὖν</span> <span class='ocrx_word' id='word_1_199' title='bbox 863 3329 891 3381; x_wconf 94' lang='lat'><strong>6</strong></span> <span class='ocrx_word' id='word_1_200' title='bbox 920 3327 1162 3397; x_wconf 80' lang='grc' dir='ltr'><strong>ἀοίδιμος</strong></span> <span class='ocrx_word' id='word_1_201' title='bbox 1194 3327 1401 3391; x_wconf 83' lang='grc' dir='ltr'>πόλεως</span> <span class='ocrx_word' id='word_1_202' title='bbox 1439 3326 1539 3398; x_wconf 77' lang='grc' dir='ltr'><strong>μὲν</strong></span> <span class='ocrx_word' id='word_1_203' title='bbox 1569 3329 1814 3400; x_wconf 76' lang='grc' dir='ltr'><strong>ὑπῆρχεν</strong></span> <span class='ocrx_word' id='word_1_204' title='bbox 1837 3330 1961 3399; x_wconf 77' lang='grc' dir='ltr'>τῆς,</span> 
     </span>
    </p>
   </div>
   <div class='ocr_carea' id='block_1_31' title="bbox 357 3419 1935 3494">
    <p class='ocr_par' dir='ltr' id='par_1_31' title="bbox 357 3419 1935 3494">
     <span class='ocr_line' id='line_1_31' title="bbox 357 3419 1935 3494; baseline 0.001 -19"><span class='ocrx_word' id='word_1_205' title='bbox 357 3421 621 3494; x_wconf 79' lang='grc' dir='ltr'><strong>μεγίστης</strong></span> <span class='ocrx_word' id='word_1_206' title='bbox 666 3421 1014 3492; x_wconf 82' lang='grc' dir='ltr'>Ἀλεξάνδρου</span> <span class='ocrx_word' id='word_1_207' title='bbox 1038 3419 1293 3491; x_wconf 86' lang='grc' dir='ltr'>πολίτης·</span> <span class='ocrx_word' id='word_1_208' title='bbox 1327 3421 1393 3473; x_wconf 88' lang='grc' dir='ltr'><strong>ἐκ</strong></span> <span class='ocrx_word' id='word_1_209' title='bbox 1438 3421 1600 3474; x_wconf 87' lang='grc' dir='ltr'>τίνων</span> <span class='ocrx_word' id='word_1_210' title='bbox 1642 3420 1699 3474; x_wconf 80' lang='grc' dir='ltr'>δὲ</span> <span class='ocrx_word' id='word_1_211' title='bbox 1740 3421 1842 3491; x_wconf 77' lang='grc' dir='ltr'>ἔφυ</span> <span class='ocrx_word' id='word_1_212' title='bbox 1872 3424 1935 3476; x_wconf 77' lang='grc' dir='ltr'><strong>τὸ</strong></span> 
     </span>
    </p>
   </div>
   <div class='ocr_carea' id='block_1_32' title="bbox 355 3513 1931 3588">
    <p class='ocr_par' dir='ltr' id='par_1_32' title="bbox 355 3513 1931 3588">
     <span class='ocr_line' id='line_1_32' title="bbox 355 3513 1931 3588; baseline 0.001 -20"><span class='ocrx_word' id='word_1_213' title='bbox 355 3514 495 3568; x_wconf 69' lang='grc' dir='ltr'>κατὰ</span> <span class='ocrx_word' id='word_1_214' title='bbox 524 3515 721 3588; x_wconf 80' lang='grc' dir='ltr'>σάρκα,</span> <span class='ocrx_word' id='word_1_215' title='bbox 749 3514 849 3567; x_wconf 79' lang='grc' dir='ltr'><strong>οὐκ</strong></span> <span class='ocrx_word' id='word_1_216' title='bbox 878 3513 1068 3584; x_wconf 76' lang='grc' dir='ltr'>ῐσμενο</span> <span class='ocrx_word' id='word_1_217' title='bbox 1102 3515 1168 3584; x_wconf 81' lang='grc' dir='ltr'><strong>τῇ</strong></span> <span class='ocrx_word' id='word_1_218' title='bbox 1198 3513 1254 3566; x_wconf 83' lang='grc' dir='ltr'>δὲ</span> <span class='ocrx_word' id='word_1_219' title='bbox 1286 3515 1633 3585; x_wconf 76' lang='grc' dir='ltr'>πνευματικῇ</span> <span class='ocrx_word' id='word_1_220' title='bbox 1679 3517 1931 3586; x_wconf 80' lang='grc' dir='ltr'>γεννήσει</span> 
     </span>
    </p>
   </div>
   <div class='ocr_carea' id='block_1_33' title="bbox 354 3603 1932 3678">
    <p class='ocr_par' dir='ltr' id='par_1_33' title="bbox 354 3603 1932 3678">
     <span class='ocr_line' id='line_1_33' title="bbox 354 3603 1932 3678; baseline 0.001 -17"><span class='ocrx_word' id='word_1_221' title='bbox 354 3606 571 3678; x_wconf 82' lang='grc' dir='ltr'><strong>Πατέρα</strong></span> <span class='ocrx_word' id='word_1_222' title='bbox 601 3606 701 3677; x_wconf 85' lang='grc' dir='ltr'>μὲν</span> <span class='ocrx_word' id='word_1_223' title='bbox 731 3606 822 3660; x_wconf 81' lang='grc' dir='ltr'>τὸν</span> <span class='ocrx_word' id='word_1_224' title='bbox 849 3603 982 3659; x_wconf 84' lang='grc' dir='ltr'><strong>Θεὸν</strong></span> <span class='ocrx_word' id='word_1_225' title='bbox 1010 3604 1169 3676; x_wconf 79' lang='grc' dir='ltr'>ἔχων,</span> <span class='ocrx_word' id='word_1_226' title='bbox 1200 3605 1292 3659; x_wconf 67' lang='grc' dir='ltr'>τὸν</span> <span class='ocrx_word' id='word_1_227' title='bbox 1321 3605 1387 3659; x_wconf 85' lang='grc' dir='ltr'>δι’</span> <span class='ocrx_word' id='word_1_228' title='bbox 1418 3605 1612 3670; x_wconf 80' lang='grc' dir='ltr'>ὓδατος</span> <span class='ocrx_word' id='word_1_229' title='bbox 1646 3608 1809 3661; x_wconf 78' lang='grc' dir='ltr'>αὐτὸν</span> <span class='ocrx_word' id='word_1_230' title='bbox 1838 3611 1932 3664; x_wconf 78' lang='grc' dir='ltr'><strong>καὶ</strong></span> 
     </span>
    </p>
   </div>
   <div class='ocr_carea' id='block_1_34' title="bbox 354 3698 1932 3771">
    <p class='ocr_par' dir='ltr' id='par_1_34' title="bbox 354 3698 1932 3771">
     <span class='ocr_line' id='line_1_34' title="bbox 354 3698 1932 3771; baseline 0.002 -20"><span class='ocrx_word' id='word_1_231' title='bbox 354 3700 494 3757; x_wconf 65' lang='lat' dir='ltr'><strong>[Iusti</strong></span> <span class='ocrx_word' id='word_1_232' title='bbox 504 3716 669 3767; x_wconf 81' lang='grc' dir='ltr'>ματος</span> <span class='ocrx_word' id='word_1_233' title='bbox 690 3699 1139 3769; x_wconf 64' lang='grc' dir='ltr'>ἀναγεννήσαντα</span> <span class='ocrx_word' id='word_1_234' title='bbox 1157 3711 1173 3727; x_wconf 74' lang='grc'><strong><em>⁸</em></strong></span> <span class='ocrx_word' id='word_1_235' title='bbox 1210 3698 1424 3769; x_wconf 79' lang='grc' dir='ltr'>μητέρα</span> <span class='ocrx_word' id='word_1_236' title='bbox 1449 3698 1626 3769; x_wconf 84' lang='grc' dir='ltr'>δὲτὴν</span> <span class='ocrx_word' id='word_1_237' title='bbox 1655 3699 1932 3771; x_wconf 77' lang='grc' dir='ltr'>ὀρθόδοξον</span> 
     </span>
    </p>
   </div>
   <div class='ocr_carea' id='block_1_35' title="bbox 353 3784 1932 3863">
    <p class='ocr_par' dir='ltr' id='par_1_35' title="bbox 353 3784 1932 3863">
     <span class='ocr_line' id='line_1_35' title="bbox 353 3784 1932 3863; baseline 0.001 -20"><span class='ocrx_word' id='word_1_238' title='bbox 353 3790 449 3843; x_wconf 79' lang='grc' dir='ltr'>τοῦ</span> <span class='ocrx_word' id='word_1_239' title='bbox 479 3791 694 3862; x_wconf 83' lang='grc' dir='ltr'>Πατρὸς</span> <span class='ocrx_word' id='word_1_240' title='bbox 735 3789 1096 3863; x_wconf 83' lang='grc' dir='ltr'>Ἐκκλησίαν·</span> <span class='ocrx_word' id='word_1_241' title='bbox 1147 3789 1334 3860; x_wconf 75' lang='grc' dir='ltr'>ἰατρὸς</span> <span class='ocrx_word' id='word_1_242' title='bbox 1383 3790 1483 3858; x_wconf 85' lang='grc' dir='ltr'><strong>τὴν</strong></span> <span class='ocrx_word' id='word_1_243' title='bbox 1530 3791 1750 3861; x_wconf 82' lang='grc' dir='ltr'>τέχνην,</span> <span class='ocrx_word' id='word_1_244' title='bbox 1785 3784 1845 3845; x_wconf 78' lang='grc' dir='ltr'><strong>οὗ</strong></span> <span class='ocrx_word' id='word_1_245' title='bbox 1870 3791 1932 3845; x_wconf 84' lang='grc' dir='ltr'><strong>τὺ</strong></span> 
     </span>
    </p>
   </div>
   <div class='ocr_carea' id='block_1_36' title="bbox 353 3876 1927 3953">
    <p class='ocr_par' dir='ltr' id='par_1_36' title="bbox 353 3876 1927 3953">
     <span class='ocr_line' id='line_1_36' title="bbox 353 3876 1927 3953; baseline 0.001 -18"><span class='ocrx_word' id='word_1_246' title='bbox 353 3883 717 3953; x_wconf 77' lang='grc' dir='ltr'>ἐργαστήριον</span> <span class='ocrx_word' id='word_1_247' title='bbox 751 3881 914 3953; x_wconf 84' lang='grc' dir='ltr'>μέχρι</span> <span class='ocrx_word' id='word_1_248' title='bbox 961 3880 1055 3935; x_wconf 79' lang='grc' dir='ltr'>τοῦ</span> <span class='ocrx_word' id='word_1_249' title='bbox 1099 3879 1197 3936; x_wconf 80' lang='grc' dir='ltr'><strong>νῦν</strong></span> <span class='ocrx_word' id='word_1_250' title='bbox 1242 3881 1407 3934; x_wconf 78' lang='grc' dir='ltr'>πᾶσιν</span> <span class='ocrx_word' id='word_1_251' title='bbox 1454 3881 1614 3951; x_wconf 85' lang='grc' dir='ltr'>δῆλον</span> <span class='ocrx_word' id='word_1_252' title='bbox 1646 3876 1927 3950; x_wconf 77' lang='grc' dir='ltr'>πέφυκεν,</span> 
     </span>
    </p>
   </div>
   <div class='ocr_carea' id='block_1_37' title="bbox 353 3975 1931 4047">
    <p class='ocr_par' dir='ltr' id='par_1_37' title="bbox 353 3975 1931 4047">
     <span class='ocr_line' id='line_1_37' title="bbox 353 3975 1931 4047; baseline 0.001 -18"><span class='ocrx_word' id='word_1_253' title='bbox 353 3977 433 4040; x_wconf 89' lang='grc' dir='ltr'><strong>είς</strong></span> <span class='ocrx_word' id='word_1_254' title='bbox 461 3975 584 4029; x_wconf 78' lang='grc' dir='ltr'>ναὸν</span> <span class='ocrx_word' id='word_1_255' title='bbox 612 3977 859 4047; x_wconf 82' lang='grc' dir='ltr'>ὑπάρχον</span> <span class='ocrx_word' id='word_1_256' title='bbox 887 3975 994 4029; x_wconf 90' lang='grc' dir='ltr'><strong>τῶν</strong></span> <span class='ocrx_word' id='word_1_257' title='bbox 1024 3976 1222 4044; x_wconf 70' lang='grc' dir='ltr'>Ἁγίων</span> <span class='ocrx_word' id='word_1_258' title='bbox 1244 3975 1423 4046; x_wconf 86' lang='grc' dir='ltr'>Τριῶν</span> <span class='ocrx_word' id='word_1_259' title='bbox 1455 3977 1684 4042; x_wconf 86' lang='grc' dir='ltr'>Παίδων,</span> <span class='ocrx_word' id='word_1_260' title='bbox 1714 3976 1803 4030; x_wconf 75' lang='grc' dir='ltr'>διὰ</span> <span class='ocrx_word' id='word_1_261' title='bbox 1833 3976 1931 4047; x_wconf 88' lang='grc' dir='ltr'>τῆς</span> 
     </span>
    </p>
   </div>
   <div class='ocr_carea' id='block_1_38' title="bbox 352 4066 1929 4140">
    <p class='ocr_par' dir='ltr' id='par_1_38' title="bbox 352 4066 1929 4140">
     <span class='ocr_line' id='line_1_38' title="bbox 352 4066 1929 4140; baseline 0 -19"><span class='ocrx_word' id='word_1_262' title='bbox 352 4067 530 4121; x_wconf 79' lang='grc' dir='ltr'>αὐτῶν</span> <span class='ocrx_word' id='word_1_263' title='bbox 575 4068 685 4123; x_wconf 87' lang='grc' dir='ltr'>τῶν</span> <span class='ocrx_word' id='word_1_264' title='bbox 731 4067 1024 4140; x_wconf 79' lang='grc' dir='ltr'>μαρτύρων</span> <span class='ocrx_word' id='word_1_265' title='bbox 1069 4068 1293 4140; x_wconf 84' lang='grc' dir='ltr'>χάριτος</span> <span class='ocrx_word' id='word_1_266' title='bbox 1331 4066 1493 4137; x_wconf 81' lang='grc' dir='ltr'>βρῢον</span> <span class='ocrx_word' id='word_1_267' title='bbox 1529 4069 1764 4138; x_wconf 73' lang='grc' dir='ltr'><strong>ἰάματα·</strong></span> <span class='ocrx_word' id='word_1_268' title='bbox 1813 4068 1929 4133; x_wconf 85' lang='grc' dir='ltr'>πῶς</span> 
     </span>
    </p>
   </div>
   <div class='ocr_carea' id='block_1_39' title="bbox 352 4159 1930 4233">
    <p class='ocr_par' dir='ltr' id='par_1_39' title="bbox 352 4159 1930 4233">
     <span class='ocr_line' id='line_1_39' title="bbox 352 4159 1930 4233; baseline 0.001 -21"><span class='ocrx_word' id='word_1_269' title='bbox 352 4159 409 4213; x_wconf 81' lang='grc' dir='ltr'>δὲ</span> <span class='ocrx_word' id='word_1_270' title='bbox 447 4160 646 4230; x_wconf 76' lang='grc' dir='ltr'>συνέϐη</span> <span class='ocrx_word' id='word_1_271' title='bbox 686 4162 742 4214; x_wconf 75' lang='grc' dir='ltr'>ἐν</span> <span class='ocrx_word' id='word_1_272' title='bbox 771 4161 850 4231; x_wconf 84' lang='grc' dir='ltr'>τῷ</span> <span class='ocrx_word' id='word_1_273' title='bbox 888 4160 1001 4233; x_wconf 83' lang='grc' dir='ltr'><strong>ναῷ</strong></span> <span class='ocrx_word' id='word_1_274' title='bbox 1031 4160 1092 4214; x_wconf 83' lang='grc' dir='ltr'><strong>τὸ</strong></span> <span class='ocrx_word' id='word_1_275' title='bbox 1121 4160 1491 4230; x_wconf 75' lang='grc' dir='ltr'>ἐργαστήριον</span> <span class='ocrx_word' id='word_1_276' title='bbox 1531 4159 1788 4227; x_wconf 78' lang='grc' dir='ltr'>γενέσθαι</span> <span class='ocrx_word' id='word_1_277' title='bbox 1822 4159 1930 4214; x_wconf 86' lang='grc' dir='ltr'><strong>τῶν</strong></span> 
     </span>
    </p>
   </div>
   <div class='ocr_carea' id='block_1_40' title="bbox 2040 1682 3613 1752">
    <p class='ocr_par' dir='ltr' id='par_1_40' title="bbox 2040 1682 3613 1752">
     <span class='ocr_line' id='line_1_40' title="bbox 2040 1682 3613 1752; baseline -0.004 -10"><span class='ocrx_word' id='word_1_278' title='bbox 2040 1696 2156 1742; x_wconf 91' lang='lat' dir='ltr'><strong>stus</strong></span> <span class='ocrx_word' id='word_1_279' title='bbox 2186 1683 2328 1739; x_wconf 91' lang='lat' dir='ltr'><strong>Deus</strong></span> <span class='ocrx_word' id='word_1_280' title='bbox 2378 1690 2565 1737; x_wconf 91' lang='lat' dir='ltr'><strong>noster</strong></span> <span class='ocrx_word' id='word_1_281' title='bbox 2614 1683 2666 1735; x_wconf 92' lang='lat' dir='ltr'><strong>in</strong></span> <span class='ocrx_word' id='word_1_282' title='bbox 2717 1683 3026 1752; x_wconf 69' lang='lat' dir='ltr'><strong>lﬁvangeliis</strong></span> <span class='ocrx_word' id='word_1_283' title='bbox 3068 1682 3297 1737; x_wconf 89' lang='lat' dir='ltr'><strong>altisone</strong></span> <span class='ocrx_word' id='word_1_284' title='bbox 3334 1683 3613 1752; x_wconf 73' lang='lat' dir='ltr'><strong>przcdicat,</strong></span> 
     </span>
    </p>
   </div>
   <div class='ocr_carea' id='block_1_41' title="bbox 2040 1772 3617 1846">
    <p class='ocr_par' dir='ltr' id='par_1_41' title="bbox 2040 1772 3617 1846">
     <span class='ocr_line' id='line_1_41' title="bbox 2040 1772 3617 1846; baseline -0.002 -13"><span class='ocrx_word' id='word_1_285' title='bbox 2040 1779 2262 1833; x_wconf 67' lang='lat' dir='ltr'><strong>dicens:</strong></span> <span class='ocrx_word' id='word_1_286' title='bbox 2299 1774 2489 1830; x_wconf 92' lang='lat' dir='ltr'><strong>Omnia</strong></span> <span class='ocrx_word' id='word_1_287' title='bbox 2520 1774 2793 1843; x_wconf 81' lang='lat' dir='ltr'><strong>possibilia</strong></span> <span class='ocrx_word' id='word_1_288' title='bbox 2845 1772 3110 1827; x_wconf 74' lang='lat' dir='ltr'><strong>credenti.</strong></span> <span class='ocrx_word' id='word_1_289' title='bbox 3150 1774 3348 1830; x_wconf 80' lang='lat' dir='ltr'><strong>Beatus</strong></span> <span class='ocrx_word' id='word_1_290' title='bbox 3398 1790 3617 1846; x_wconf 69' lang='lat' dir='ltr'><strong>quoilue</strong></span> 
     </span>
    </p>
   </div>
   <div class='ocr_carea' id='block_1_42' title="bbox 2040 1868 3614 1940">
    <p class='ocr_par' dir='ltr' id='par_1_42' title="bbox 2040 1868 3614 1940">
     <span class='ocr_line' id='line_1_42' title="bbox 2040 1868 3614 1940; baseline 0.001 -16"><span class='ocrx_word' id='word_1_291' title='bbox 2040 1871 2243 1926; x_wconf 84' lang='lat' dir='ltr'><strong>Paulus</strong></span> <span class='ocrx_word' id='word_1_292' title='bbox 2286 1871 2603 1940; x_wconf 81' lang='lat' dir='ltr'><strong>apostolicae</strong></span> <span class='ocrx_word' id='word_1_293' title='bbox 2658 1870 2937 1939; x_wconf 82' lang='lat' dir='ltr'><strong>dignitatis</strong></span> <span class='ocrx_word' id='word_1_294' title='bbox 2992 1878 3198 1939; x_wconf 85' lang='lat' dir='ltr'><strong>orator,</strong></span> <span class='ocrx_word' id='word_1_295' title='bbox 3238 1868 3458 1925; x_wconf 92' lang='lat' dir='ltr'><strong>Christo</strong></span> <span class='ocrx_word' id='word_1_296' title='bbox 3498 1885 3614 1926; x_wconf 87' lang='lat' dir='ltr'><strong>ser-</strong></span> 
     </span>
    </p>
   </div>
   <div class='ocr_carea' id='block_1_43' title="bbox 2040 1961 3615 2033">
    <p class='ocr_par' dir='ltr' id='par_1_43' title="bbox 2040 1961 3615 2033">
     <span class='ocr_line' id='line_1_43' title="bbox 2040 1961 3615 2033; baseline 0.001 -16"><span class='ocrx_word' id='word_1_297' title='bbox 2040 1977 2254 2017; x_wconf 90' lang='lat' dir='ltr'><strong>monem</strong></span> <span class='ocrx_word' id='word_1_298' title='bbox 2279 1962 2381 2032; x_wconf 79' lang='lat' dir='ltr'><strong>ipsi</strong></span> <span class='ocrx_word' id='word_1_299' title='bbox 2402 1961 2804 2033; x_wconf 82' lang='lat' dir='ltr'><strong>suppeditante,</strong></span> <span class='ocrx_word' id='word_1_300' title='bbox 2840 1961 3157 2015; x_wconf 82' lang='lat' dir='ltr'><strong>admiranda</strong></span> <span class='ocrx_word' id='word_1_301' title='bbox 3188 1962 3344 2017; x_wconf 87' lang='lat' dir='ltr'><strong>nobis</strong></span> <span class='ocrx_word' id='word_1_302' title='bbox 3373 1978 3505 2018; x_wconf 86' lang='lat' dir='ltr'><strong>voce</strong></span> <span class='ocrx_word' id='word_1_303' title='bbox 3533 1973 3615 2019; x_wconf 88' lang='lat' dir='ltr'><strong>tc-</strong></span> 
     </span>
    </p>
   </div>
   <div class='ocr_carea' id='block_1_44' title="bbox 2039 2050 3616 2123">
    <p class='ocr_par' dir='ltr' id='par_1_44' title="bbox 2039 2050 3616 2123">
     <span class='ocr_line' id='line_1_44' title="bbox 2039 2050 3616 2123; baseline 0 -15"><span class='ocrx_word' id='word_1_304' title='bbox 2039 2063 2236 2117; x_wconf 87' lang='lat' dir='ltr'><strong>statur,</strong></span> <span class='ocrx_word' id='word_1_305' title='bbox 2263 2066 2416 2123; x_wconf 87' lang='lat' dir='ltr'><strong>spem</strong></span> <span class='ocrx_word' id='word_1_306' title='bbox 2448 2067 2550 2107; x_wconf 92' lang='lat' dir='ltr'><strong>non</strong></span> <span class='ocrx_word' id='word_1_307' title='bbox 2585 2050 2940 2106; x_wconf 82' lang='lat' dir='ltr'><strong>confundere.</strong></span> <span class='ocrx_word' id='word_1_308' title='bbox 2975 2051 3068 2105; x_wconf 87' lang='lat' dir='ltr'><strong>His</strong></span> <span class='ocrx_word' id='word_1_309' title='bbox 3093 2066 3194 2122; x_wconf 77' lang='lat' dir='ltr'><strong>ego</strong></span> <span class='ocrx_word' id='word_1_310' title='bbox 3235 2050 3406 2107; x_wconf 76' lang='lat' dir='ltr'><strong>fretus</strong></span> <span class='ocrx_word' id='word_1_311' title='bbox 3429 2054 3584 2108; x_wconf 84' lang='lat' dir='ltr'><strong>horta</strong></span> <span class='ocrx_word' id='word_1_312' title='bbox 3604 2084 3616 2095; x_wconf 83' lang='lat'><strong>-</strong></span> 
     </span>
    </p>
   </div>
   <div class='ocr_carea' id='block_1_45' title="bbox 2042 2145 3612 2201">
    <p class='ocr_par' dir='ltr' id='par_1_45' title="bbox 2042 2145 3612 2201">
     <span class='ocr_line' id='line_1_45' title="bbox 2042 2145 3612 2201; baseline 0.001 -1"><span class='ocrx_word' id='word_1_313' title='bbox 2042 2145 2250 2200; x_wconf 88' lang='lat' dir='ltr'><strong>toribus</strong></span> <span class='ocrx_word' id='word_1_314' title='bbox 2277 2147 2423 2201; x_wconf 89' lang='lat' dir='ltr'><strong>sensi</strong></span> <span class='ocrx_word' id='word_1_315' title='bbox 2469 2161 2557 2200; x_wconf 91' lang='lat' dir='ltr'><strong>me</strong></span> <span class='ocrx_word' id='word_1_316' title='bbox 2610 2155 2718 2198; x_wconf 92' lang='lat' dir='ltr'><strong>tum</strong></span> <span class='ocrx_word' id='word_1_317' title='bbox 2773 2145 3040 2198; x_wconf 84' lang='lat' dir='ltr'><strong>charitate</strong></span> <span class='ocrx_word' id='word_1_318' title='bbox 3075 2145 3385 2200; x_wconf 84' lang='lat' dir='ltr'><strong>Servatoris</strong></span> <span class='ocrx_word' id='word_1_319' title='bbox 3441 2148 3612 2201; x_wconf 88' lang='lat' dir='ltr'><strong>nostri</strong></span> 
     </span>
    </p>
   </div>
   <div class='ocr_carea' id='block_1_46' title="bbox 2037 2228 3609 2308">
    <p class='ocr_par' dir='ltr' id='par_1_46' title="bbox 2037 2228 3609 2308">
     <span class='ocr_line' id='line_1_46' title="bbox 2037 2228 3609 2308; baseline 0.001 -19"><span class='ocrx_word' id='word_1_320' title='bbox 2037 2238 2129 2308; x_wconf 89' lang='lat' dir='ltr'><strong>qui</strong></span> <span class='ocrx_word' id='word_1_321' title='bbox 2148 2228 2335 2293; x_wconf 78' lang='lat' dir='ltr'><strong>dilexit</strong></span> <span class='ocrx_word' id='word_1_322' title='bbox 2356 2252 2455 2292; x_wconf 90' lang='lat' dir='ltr'><strong>nos</strong></span> <span class='ocrx_word' id='word_1_323' title='bbox 2478 2246 2539 2291; x_wconf 88' lang='lat' dir='ltr'><strong>et</strong></span> <span class='ocrx_word' id='word_1_324' title='bbox 2571 2235 3154 2302; x_wconf 88' lang='lat' dir='ltr'><strong>tradiditsemetipsmn</strong></span> <span class='ocrx_word' id='word_1_325' title='bbox 3181 2249 3279 2303; x_wconf 90' lang='lat' dir='ltr'><strong>pro</strong></span> <span class='ocrx_word' id='word_1_326' title='bbox 3301 2235 3478 2302; x_wconf 86' lang='lat' dir='ltr'><strong>nobis,</strong></span> <span class='ocrx_word' id='word_1_327' title='bbox 3498 2244 3609 2290; x_wconf 90' lang='lat' dir='ltr'><strong>tum</strong></span> 
     </span>
    </p>
   </div>
   <div class='ocr_carea' id='block_1_47' title="bbox 2037 2326 3614 2397">
    <p class='ocr_par' dir='ltr' id='par_1_47' title="bbox 2037 2326 3614 2397">
     <span class='ocr_line' id='line_1_47' title="bbox 2037 2326 3614 2397; baseline -0.003 -13"><span class='ocrx_word' id='word_1_328' title='bbox 2037 2331 2326 2385; x_wconf 78' lang='lat' dir='ltr'><strong>accedente</strong></span> <span class='ocrx_word' id='word_1_329' title='bbox 2357 2339 2672 2383; x_wconf 88' lang='lat' dir='ltr'><strong>sanctorum</strong></span> <span class='ocrx_word' id='word_1_330' title='bbox 2706 2341 2831 2397; x_wconf 92' lang='lat' dir='ltr'><strong>ope,</strong></span> <span class='ocrx_word' id='word_1_331' title='bbox 2869 2328 2936 2380; x_wconf 91' lang='lat' dir='ltr'><strong>ad</strong></span> <span class='ocrx_word' id='word_1_332' title='bbox 2963 2333 3218 2382; x_wconf 78' lang='lat' dir='ltr'><strong>conatum</strong></span> <span class='ocrx_word' id='word_1_333' title='bbox 3252 2326 3456 2386; x_wconf 85' lang='lat' dir='ltr'><strong>viribus</strong></span> <span class='ocrx_word' id='word_1_334' title='bbox 3496 2338 3614 2380; x_wconf 88' lang='lat' dir='ltr'><strong>ma-</strong></span> 
     </span>
    </p>
   </div>
   <div class='ocr_carea' id='block_1_48' title="bbox 2029 2414 3611 2489">
    <p class='ocr_par' dir='ltr' id='par_1_48' title="bbox 2029 2414 3611 2489">
     <span class='ocr_line' id='line_1_48' title="bbox 2029 2414 3611 2489; baseline -0.003 -16"><span class='ocrx_word' id='word_1_335' title='bbox 2029 2419 2204 2489; x_wconf 85' lang='lat' dir='ltr'><strong>jorem</strong></span> <span class='ocrx_word' id='word_1_336' title='bbox 2261 2418 2499 2484; x_wconf 86' lang='lat' dir='ltr'><strong>incitari,</strong></span> <span class='ocrx_word' id='word_1_337' title='bbox 2565 2425 2624 2471; x_wconf 93' lang='lat' dir='ltr'><strong>ut</strong></span> <span class='ocrx_word' id='word_1_338' title='bbox 2666 2418 2806 2487; x_wconf 91' lang='lat' dir='ltr'><strong>quod</strong></span> <span class='ocrx_word' id='word_1_339' title='bbox 2858 2415 3067 2483; x_wconf 84' lang='lat' dir='ltr'><strong>pridem</strong></span> <span class='ocrx_word' id='word_1_340' title='bbox 3124 2430 3317 2485; x_wconf 79' lang='lat' dir='ltr'><strong>magno</strong></span> <span class='ocrx_word' id='word_1_341' title='bbox 3378 2414 3611 2485; x_wconf 84' lang='lat' dir='ltr'><strong>quodam</strong></span> 
     </span>
    </p>
   </div>
   <div class='ocr_carea' id='block_1_49' title="bbox 2035 2505 3612 2576">
    <p class='ocr_par' dir='ltr' id='par_1_49' title="bbox 2035 2505 3612 2576">
     <span class='ocr_line' id='line_1_49' title="bbox 2035 2505 3612 2576; baseline -0.001 -12"><span class='ocrx_word' id='word_1_342' title='bbox 2035 2511 2215 2565; x_wconf 86' lang='lat' dir='ltr'><strong>studio</strong></span> <span class='ocrx_word' id='word_1_343' title='bbox 2249 2509 2552 2576; x_wconf 85' lang='lat' dir='ltr'><strong>cupiebam,</strong></span> <span class='ocrx_word' id='word_1_344' title='bbox 2575 2522 2663 2563; x_wconf 91' lang='lat' dir='ltr'><strong>res</strong></span> <span class='ocrx_word' id='word_1_345' title='bbox 2686 2523 2715 2561; x_wconf 91' lang='lat' dir='ltr'><strong>a</strong></span> <span class='ocrx_word' id='word_1_346' title='bbox 2754 2506 2860 2560; x_wconf 84' lang='lat' dir='ltr'><strong>BB.</strong></span> <span class='ocrx_word' id='word_1_347' title='bbox 2886 2506 3028 2576; x_wconf 80' lang='lat' dir='ltr'><strong>Cyro</strong></span> <span class='ocrx_word' id='word_1_348' title='bbox 3053 2514 3108 2561; x_wconf 92' lang='lat' dir='ltr'><strong>et</strong></span> <span class='ocrx_word' id='word_1_349' title='bbox 3139 2505 3346 2561; x_wconf 80' lang='lat' dir='ltr'><strong>Joanne</strong></span> <span class='ocrx_word' id='word_1_350' title='bbox 3382 2506 3612 2562; x_wconf 79' lang='lat' dir='ltr'><strong>miriﬁce</strong></span> 
     </span>
    </p>
   </div>
   <div class='ocr_carea' id='block_1_50' title="bbox 2034 2598 3614 2674">
    <p class='ocr_par' dir='ltr' id='par_1_50' title="bbox 2034 2598 3614 2674">
     <span class='ocr_line' id='line_1_50' title="bbox 2034 2598 3614 2674; baseline -0.001 -17"><span class='ocrx_word' id='word_1_351' title='bbox 2034 2612 2236 2674; x_wconf 82' lang='lat' dir='ltr'><strong>gestas,</strong></span> <span class='ocrx_word' id='word_1_352' title='bbox 2264 2602 2736 2670; x_wconf 87' lang='lat' dir='ltr'><strong>clarissimumque</strong></span> <span class='ocrx_word' id='word_1_353' title='bbox 2761 2600 3078 2665; x_wconf 83' lang='lat' dir='ltr'><strong>eorumdcm</strong></span> <span class='ocrx_word' id='word_1_354' title='bbox 3118 2614 3215 2667; x_wconf 91' lang='lat' dir='ltr'><strong>pro</strong></span> <span class='ocrx_word' id='word_1_355' title='bbox 3254 2600 3363 2655; x_wconf 88' lang='lat' dir='ltr'><strong>Deo</strong></span> <span class='ocrx_word' id='word_1_356' title='bbox 3393 2598 3614 2656; x_wconf 83' lang='lat' dir='ltr'><strong>Christo</strong></span> 
     </span>
    </p>
   </div>
   <div class='ocr_carea' id='block_1_51' title="bbox 2035 2693 3613 2761">
    <p class='ocr_par' dir='ltr' id='par_1_51' title="bbox 2035 2693 3613 2761">
     <span class='ocr_line' id='line_1_51' title="bbox 2035 2693 3613 2761; baseline -0.001 -12"><span class='ocrx_word' id='word_1_357' title='bbox 2035 2705 2323 2750; x_wconf 74' lang='lat' dir='ltr'><strong>certamen</strong></span> <span class='ocrx_word' id='word_1_358' title='bbox 2336 2703 2387 2749; x_wconf 92' lang='lat' dir='ltr'><strong>et</strong></span> <span class='ocrx_word' id='word_1_359' title='bbox 2404 2693 2793 2748; x_wconf 86' lang='lat' dir='ltr'><strong>miraculorum</strong></span> <span class='ocrx_word' id='word_1_360' title='bbox 2820 2706 2914 2747; x_wconf 92' lang='lat' dir='ltr'><strong>seu</strong></span> <span class='ocrx_word' id='word_1_361' title='bbox 2938 2693 3282 2746; x_wconf 84' lang='lat' dir='ltr'><strong>curationum</strong></span> <span class='ocrx_word' id='word_1_362' title='bbox 3320 2706 3525 2761; x_wconf 86' lang='lat' dir='ltr'><strong>paucas</strong></span> <span class='ocrx_word' id='word_1_363' title='bbox 3545 2693 3613 2747; x_wconf 92' lang='lat' dir='ltr'><strong>de</strong></span> 
     </span>
    </p>
   </div>
   <div class='ocr_carea' id='block_1_52' title="bbox 2035 2784 3616 2856">
    <p class='ocr_par' dir='ltr' id='par_1_52' title="bbox 2035 2784 3616 2856">
     <span class='ocr_line' id='line_1_52' title="bbox 2035 2784 3616 2856; baseline 0.001 -17"><span class='ocrx_word' id='word_1_364' title='bbox 2035 2787 2216 2840; x_wconf 90' lang='lat' dir='ltr'><strong>multis</strong></span> <span class='ocrx_word' id='word_1_365' title='bbox 2243 2801 2382 2856; x_wconf 87' lang='lat' dir='ltr'><strong>quas</strong></span> <span class='ocrx_word' id='word_1_366' title='bbox 2409 2799 2513 2841; x_wconf 92' lang='lat' dir='ltr'><strong>nos</strong></span> <span class='ocrx_word' id='word_1_367' title='bbox 2542 2786 2664 2854; x_wconf 87' lang='lat' dir='ltr'><strong>ipsi,</strong></span> <span class='ocrx_word' id='word_1_368' title='bbox 2695 2785 2821 2839; x_wconf 86' lang='lat' dir='ltr'><strong>licet</strong></span> <span class='ocrx_word' id='word_1_369' title='bbox 2852 2784 3153 2853; x_wconf 88' lang='lat' dir='ltr'><strong>publicanis</strong></span> <span class='ocrx_word' id='word_1_370' title='bbox 3183 2785 3432 2839; x_wconf 87' lang='lat' dir='ltr'><strong>omnibus</strong></span> <span class='ocrx_word' id='word_1_371' title='bbox 3459 2785 3616 2853; x_wconf 80' lang='lat' dir='ltr'><strong>longe</strong></span> 
     </span>
    </p>
   </div>
   <div class='ocr_carea' id='block_1_53' title="bbox 2033 2876 3615 2947">
    <p class='ocr_par' dir='ltr' id='par_1_53' title="bbox 2033 2876 3615 2947">
     <span class='ocr_line' id='line_1_53' title="bbox 2033 2876 3615 2947; baseline -0.003 -13"><span class='ocrx_word' id='word_1_372' title='bbox 2033 2879 2332 2947; x_wconf 88' lang='lat' dir='ltr'><strong>sequiores.</strong></span> <span class='ocrx_word' id='word_1_373' title='bbox 2360 2877 2536 2933; x_wconf 89' lang='lat' dir='ltr'><strong>oculis</strong></span> <span class='ocrx_word' id='word_1_374' title='bbox 2571 2877 2803 2931; x_wconf 90' lang='lat' dir='ltr'><strong>vidimus</strong></span> <span class='ocrx_word' id='word_1_375' title='bbox 2848 2885 2902 2931; x_wconf 88' lang='lat' dir='ltr'><strong>et</strong></span> <span class='ocrx_word' id='word_1_376' title='bbox 2945 2876 3128 2931; x_wconf 89' lang='lat' dir='ltr'><strong>divino</strong></span> <span class='ocrx_word' id='word_1_377' title='bbox 3179 2876 3615 2932; x_wconf 83' lang='lat' dir='ltr'><strong>etiam-munere</strong></span> 
     </span>
    </p>
   </div>
   <div class='ocr_carea' id='block_1_54' title="bbox 2044 2967 3613 3040">
    <p class='ocr_par' dir='ltr' id='par_1_54' title="bbox 2044 2967 3613 3040">
     <span class='ocr_line' id='line_1_54' title="bbox 2044 2967 3613 3040; baseline -0.002 -16"><span class='ocrx_word' id='word_1_378' title='bbox 2044 2986 2141 3040; x_wconf 90' lang='lat' dir='ltr'><strong>per</strong></span> <span class='ocrx_word' id='word_1_379' title='bbox 2165 2971 2383 3023; x_wconf 85' lang='lat' dir='ltr'><strong>eosdem</strong></span> <span class='ocrx_word' id='word_1_380' title='bbox 2414 2969 2605 3040; x_wconf 89' lang='lat' dir='ltr'><strong>partim</strong></span> <span class='ocrx_word' id='word_1_381' title='bbox 2642 2969 2709 3023; x_wconf 89' lang='lat' dir='ltr'><strong>ad</strong></span> <span class='ocrx_word' id='word_1_382' title='bbox 2739 2967 2967 3023; x_wconf 89' lang='lat' dir='ltr'><strong>salutem</strong></span> <span class='ocrx_word' id='word_1_383' title='bbox 2998 2977 3237 3022; x_wconf 88' lang='lat' dir='ltr'><strong>nostram</strong></span> <span class='ocrx_word' id='word_1_384' title='bbox 3263 2969 3473 3037; x_wconf 77' lang='lat' dir='ltr'><strong>experti</strong></span> <span class='ocrx_word' id='word_1_385' title='bbox 3518 2985 3613 3024; x_wconf 87' lang='lat' dir='ltr'><strong>su-</strong></span> 
     </span>
    </p>
   </div>
   <div class='ocr_carea' id='block_1_55' title="bbox 2044 3059 3613 3127">
    <p class='ocr_par' dir='ltr' id='par_1_55' title="bbox 2044 3059 3613 3127">
     <span class='ocr_line' id='line_1_55' title="bbox 2044 3059 3613 3127; baseline -0.001 -11"><span class='ocrx_word' id='word_1_386' title='bbox 2044 3074 2182 3127; x_wconf 85' lang='lat' dir='ltr'><strong>mus,</strong></span> <span class='ocrx_word' id='word_1_387' title='bbox 2211 3062 2276 3116; x_wconf 89' lang='lat' dir='ltr'><strong>ad</strong></span> <span class='ocrx_word' id='word_1_388' title='bbox 2319 3061 2608 3116; x_wconf 89' lang='lat' dir='ltr'><strong>utilitatem</strong></span> <span class='ocrx_word' id='word_1_389' title='bbox 2640 3059 2902 3115; x_wconf 90' lang='lat' dir='ltr'><strong>lectorum</strong></span> <span class='ocrx_word' id='word_1_390' title='bbox 2935 3060 3238 3115; x_wconf 85' lang='lat' dir='ltr'><strong>litterarum</strong></span> <span class='ocrx_word' id='word_1_391' title='bbox 3295 3073 3613 3115; x_wconf 89' lang='lat' dir='ltr'><strong>monumen-</strong></span> 
     </span>
    </p>
   </div>
   <div class='ocr_carea' id='block_1_56' title="bbox 2042 3155 2609 3210">
    <p class='ocr_par' dir='ltr' id='par_1_56' title="bbox 2042 3155 2609 3210">
     <span class='ocr_line' id='line_1_56' title="bbox 2042 3155 2609 3210; baseline -0.004 -1"><span class='ocrx_word' id='word_1_392' title='bbox 2042 3155 2111 3210; x_wconf 87' lang='lat' dir='ltr'><strong>tis</strong></span> <span class='ocrx_word' id='word_1_393' title='bbox 2145 3157 2609 3210; x_wconf 80' lang='lat' dir='ltr'><strong>commendarem.</strong></span> 
     </span>
    </p>
   </div>
   <div class='ocr_carea' id='block_1_57' title="bbox 2097 3320 3614 3403">
    <p class='ocr_par' dir='ltr' id='par_1_57' title="bbox 2097 3320 3614 3403">
     <span class='ocr_line' id='line_1_57' title="bbox 2097 3320 3614 3403; baseline -0.002 -16"><span class='ocrx_word' id='word_1_394' title='bbox 2097 3333 2151 3387; x_wconf 70' lang='lat'><strong>2.</strong></span> <span class='ocrx_word' id='word_1_395' title='bbox 2185 3332 2360 3399; x_wconf 81' lang='lat' dir='ltr'><strong>Cyrus</strong></span> <span class='ocrx_word' id='word_1_396' title='bbox 2399 3334 2580 3402; x_wconf 82' lang='lat' dir='ltr'><strong>itaque</strong></span> <span class='ocrx_word' id='word_1_397' title='bbox 2620 3320 2712 3387; x_wconf 87' lang='lat' dir='ltr'><strong>ille</strong></span> <span class='ocrx_word' id='word_1_398' title='bbox 2743 3333 2882 3387; x_wconf 82' lang='lat' dir='ltr'><strong>fama</strong></span> <span class='ocrx_word' id='word_1_399' title='bbox 2950 3332 3183 3403; x_wconf 86' lang='lat' dir='ltr'><strong>inclytus</strong></span> <span class='ocrx_word' id='word_1_400' title='bbox 3219 3330 3454 3387; x_wconf 82' lang='lat' dir='ltr'><strong>civitatis</strong></span> <span class='ocrx_word' id='word_1_401' title='bbox 3501 3346 3614 3385; x_wconf 88' lang='lat' dir='ltr'><strong>ma-</strong></span> 
     </span>
    </p>
   </div>
   <div class='ocr_carea' id='block_1_58' title="bbox 2040 3422 3617 3491">
    <p class='ocr_par' dir='ltr' id='par_1_58' title="bbox 2040 3422 3617 3491">
     <span class='ocr_line' id='line_1_58' title="bbox 2040 3422 3617 3491; baseline -0.004 -9"><span class='ocrx_word' id='word_1_402' title='bbox 2040 3428 2197 3482; x_wconf 76' lang='lat' dir='ltr'><strong>xima:</strong></span> <span class='ocrx_word' id='word_1_403' title='bbox 2225 3427 2291 3481; x_wconf 91' lang='lat' dir='ltr'><strong>ab</strong></span> <span class='ocrx_word' id='word_1_404' title='bbox 2322 3426 2632 3481; x_wconf 79' lang='lat' dir='ltr'><strong>Alexandro</strong></span> <span class='ocrx_word' id='word_1_405' title='bbox 2668 3427 2896 3481; x_wconf 66' lang='lat' dir='ltr'><strong>conditae</strong></span> <span class='ocrx_word' id='word_1_406' title='bbox 2952 3426 3087 3480; x_wconf 85' lang='lat' dir='ltr'><strong>civis</strong></span> <span class='ocrx_word' id='word_1_407' title='bbox 3140 3424 3245 3477; x_wconf 79' lang='lat' dir='ltr'><strong>fuit</strong></span> <span class='ocrx_word' id='word_1_408' title='bbox 3290 3422 3487 3491; x_wconf 84' lang='lat' dir='ltr'><strong>quibus</strong></span> <span class='ocrx_word' id='word_1_409' title='bbox 3545 3423 3617 3477; x_wconf 89' lang='lat' dir='ltr'><strong>sit</strong></span> 
     </span>
    </p>
   </div>
   <div class='ocr_carea' id='block_1_59' title="bbox 2038 3513 3612 3588">
    <p class='ocr_par' dir='ltr' id='par_1_59' title="bbox 2038 3513 3612 3588">
     <span class='ocr_line' id='line_1_59' title="bbox 2038 3513 3612 3588; baseline -0.005 -18"><span class='ocrx_word' id='word_1_410' title='bbox 2038 3518 2355 3588; x_wconf 85' lang='lat' dir='ltr'><strong>parentibus</strong></span> <span class='ocrx_word' id='word_1_411' title='bbox 2388 3518 2685 3573; x_wconf 89' lang='lat' dir='ltr'><strong>secundum</strong></span> <span class='ocrx_word' id='word_1_412' title='bbox 2728 3530 2948 3571; x_wconf 88' lang='lat' dir='ltr'><strong>carnem</strong></span> <span class='ocrx_word' id='word_1_413' title='bbox 2977 3525 3154 3579; x_wconf 89' lang='lat' dir='ltr'><strong>ortus,</strong></span> <span class='ocrx_word' id='word_1_414' title='bbox 3178 3528 3277 3568; x_wconf 87' lang='lat' dir='ltr'><strong>nos</strong></span> <span class='ocrx_word' id='word_1_415' title='bbox 3316 3513 3486 3579; x_wconf 88' lang='lat' dir='ltr'><strong>latet;</strong></span> <span class='ocrx_word' id='word_1_416' title='bbox 3517 3527 3612 3580; x_wconf 76' lang='lat' dir='ltr'><strong>ge-</strong></span> 
     </span>
    </p>
   </div>
   <div class='ocr_carea' id='block_1_60' title="bbox 2042 3602 3612 3677">
    <p class='ocr_par' dir='ltr' id='par_1_60' title="bbox 2042 3602 3612 3677">
     <span class='ocr_line' id='line_1_60' title="bbox 2042 3602 3612 3677; baseline -0.005 -15"><span class='ocrx_word' id='word_1_417' title='bbox 2042 3608 2326 3663; x_wconf 87' lang='lat' dir='ltr'><strong>neratione</strong></span> <span class='ocrx_word' id='word_1_418' title='bbox 2349 3617 2526 3661; x_wconf 87' lang='lat' dir='ltr'><strong>autem</strong></span> <span class='ocrx_word' id='word_1_419' title='bbox 2552 3607 2822 3677; x_wconf 82' lang='lat' dir='ltr'><strong>spirituali</strong></span> <span class='ocrx_word' id='word_1_420' title='bbox 2848 3605 3064 3659; x_wconf 87' lang='lat' dir='ltr'><strong>Patrem</strong></span> <span class='ocrx_word' id='word_1_421' title='bbox 3095 3604 3282 3659; x_wconf 84' lang='lat' dir='ltr'><strong>habuit</strong></span> <span class='ocrx_word' id='word_1_422' title='bbox 3306 3602 3501 3666; x_wconf 82' lang='lat' dir='ltr'><strong>Deum,</strong></span> <span class='ocrx_word' id='word_1_423' title='bbox 3519 3603 3612 3673; x_wconf 91' lang='lat' dir='ltr'><strong>qui</strong></span> 
     </span>
    </p>
   </div>
   <div class='ocr_carea' id='block_1_61' title="bbox 2041 3696 3614 3768">
    <p class='ocr_par' dir='ltr' id='par_1_61' title="bbox 2041 3696 3614 3768">
     <span class='ocr_line' id='line_1_61' title="bbox 2041 3696 3614 3768; baseline -0.005 -15"><span class='ocrx_word' id='word_1_424' title='bbox 2041 3699 2187 3753; x_wconf 91' lang='lat' dir='ltr'><strong>illum</strong></span> <span class='ocrx_word' id='word_1_425' title='bbox 2220 3714 2356 3768; x_wconf 87' lang='lat' dir='ltr'><strong>aqua</strong></span> <span class='ocrx_word' id='word_1_426' title='bbox 2386 3707 2442 3753; x_wconf 93' lang='lat' dir='ltr'><strong>et</strong></span> <span class='ocrx_word' id='word_1_427' title='bbox 2469 3696 2675 3767; x_wconf 87' lang='lat' dir='ltr'><strong>Spiritu</strong></span> <span class='ocrx_word' id='word_1_428' title='bbox 2704 3696 3065 3766; x_wconf 76' lang='lat' dir='ltr'><strong>regeneravit,</strong></span> <span class='ocrx_word' id='word_1_429' title='bbox 3090 3705 3317 3749; x_wconf 86' lang='lat' dir='ltr'><strong>matrem</strong></span> <span class='ocrx_word' id='word_1_430' title='bbox 3360 3708 3488 3747; x_wconf 84' lang='lat' dir='ltr'><strong>vero</strong></span> <span class='ocrx_word' id='word_1_431' title='bbox 3524 3707 3614 3746; x_wconf 59' lang='lat' dir='ltr'><strong>ora</strong></span> 
     </span>
    </p>
   </div>
   <div class='ocr_carea' id='block_1_62' title="bbox 2041 3787 3615 3846">
    <p class='ocr_par' dir='ltr' id='par_1_62' title="bbox 2041 3787 3615 3846">
     <span class='ocr_line' id='line_1_62' title="bbox 2041 3787 3615 3846; baseline -0.005 -1"><span class='ocrx_word' id='word_1_432' title='bbox 2041 3791 2329 3846; x_wconf 83' lang='lat' dir='ltr'><strong>thodoxam</strong></span> <span class='ocrx_word' id='word_1_433' title='bbox 2355 3790 2534 3845; x_wconf 88' lang='lat' dir='ltr'><strong>Patris</strong></span> <span class='ocrx_word' id='word_1_434' title='bbox 2564 3789 2888 3845; x_wconf 81' lang='lat' dir='ltr'><strong>Ecclesium.</strong></span> <span class='ocrx_word' id='word_1_435' title='bbox 2921 3790 3051 3843; x_wconf 85' lang='lat' dir='ltr'><strong>Arte</strong></span> <span class='ocrx_word' id='word_1_436' title='bbox 3089 3802 3185 3841; x_wconf 89' lang='lat' dir='ltr'><strong>sua</strong></span> <span class='ocrx_word' id='word_1_437' title='bbox 3229 3787 3472 3841; x_wconf 80' lang='lat' dir='ltr'><strong>medicus</strong></span> <span class='ocrx_word' id='word_1_438' title='bbox 3495 3794 3615 3840; x_wconf 82' lang='lat' dir='ltr'><strong>erat</strong></span> 
     </span>
    </p>
   </div>
   <div class='ocr_carea' id='block_1_63' title="bbox 2038 3874 3626 3949">
    <p class='ocr_par' dir='ltr' id='par_1_63' title="bbox 2038 3874 3626 3949">
     <span class='ocr_line' id='line_1_63' title="bbox 2038 3874 3626 3949; baseline -0.006 -13"><span class='ocrx_word' id='word_1_439' title='bbox 2038 3892 2086 3936; x_wconf 91' lang='lat' dir='ltr'><strong>et</strong></span> <span class='ocrx_word' id='word_1_440' title='bbox 2117 3882 2184 3936; x_wconf 85' lang='lat' dir='ltr'><strong>ad</strong></span> <span class='ocrx_word' id='word_1_441' title='bbox 2203 3889 2383 3936; x_wconf 84' lang='lat' dir='ltr'><strong>nostra</strong></span> <span class='ocrx_word' id='word_1_442' title='bbox 2413 3895 2584 3949; x_wconf 88' lang='lat' dir='ltr'><strong>usque</strong></span> <span class='ocrx_word' id='word_1_443' title='bbox 2610 3890 2850 3949; x_wconf 85' lang='lat' dir='ltr'><strong>tempora</strong></span> <span class='ocrx_word' id='word_1_444' title='bbox 2876 3877 3146 3933; x_wconf 84' lang='lat' dir='ltr'><strong>oliicinam</strong></span> <span class='ocrx_word' id='word_1_445' title='bbox 3178 3875 3294 3945; x_wconf 85' lang='lat' dir='ltr'><strong>ejus</strong></span> <span class='ocrx_word' id='word_1_446' title='bbox 3313 3874 3498 3929; x_wconf 87' lang='lat' dir='ltr'><strong>videre</strong></span> <span class='ocrx_word' id='word_1_447' title='bbox 3530 3883 3626 3927; x_wconf 78' lang='lat' dir='ltr'><strong>est&#39;</strong></span> 
     </span>
    </p>
   </div>
   <div class='ocr_carea' id='block_1_64' title="bbox 2039 3967 3612 4042">
    <p class='ocr_par' dir='ltr' id='par_1_64' title="bbox 2039 3967 3612 4042">
     <span class='ocr_line' id='line_1_64' title="bbox 2039 3967 3612 4042; baseline -0.008 -14"><span class='ocrx_word' id='word_1_448' title='bbox 2039 3974 2091 4028; x_wconf 92' lang='lat' dir='ltr'><strong>in</strong></span> <span class='ocrx_word' id='word_1_449' title='bbox 2127 3972 2322 4042; x_wconf 88' lang='lat' dir='ltr'><strong>templo</strong></span> <span class='ocrx_word' id='word_1_450' title='bbox 2365 3970 2552 4025; x_wconf 88' lang='lat' dir='ltr'><strong>Trium</strong></span> <span class='ocrx_word' id='word_1_451' title='bbox 2587 3969 2909 4035; x_wconf 88' lang='lat' dir='ltr'><strong>Puerorum,</strong></span> <span class='ocrx_word' id='word_1_452' title='bbox 2956 3969 3045 4022; x_wconf 91' lang='lat' dir='ltr'><strong>uhi</strong></span> <span class='ocrx_word' id='word_1_453' title='bbox 3088 3967 3246 4022; x_wconf 89' lang='lat' dir='ltr'><strong>hodie</strong></span> <span class='ocrx_word' id='word_1_454' title='bbox 3300 3974 3612 4020; x_wconf 88' lang='lat' dir='ltr'><strong>sanctorum</strong></span> 
     </span>
    </p>
   </div>
   <div class='ocr_carea' id='block_1_65' title="bbox 2039 4058 3610 4135">
    <p class='ocr_par' dir='ltr' id='par_1_65' title="bbox 2039 4058 3610 4135">
     <span class='ocr_line' id='line_1_65' title="bbox 2039 4058 3610 4135; baseline -0.006 -16"><span class='ocrx_word' id='word_1_455' title='bbox 2039 4076 2337 4135; x_wconf 86' lang='lat' dir='ltr'><strong>martyrum</strong></span> <span class='ocrx_word' id='word_1_456' title='bbox 2393 4062 2706 4134; x_wconf 86' lang='lat' dir='ltr'><strong>spirituales</strong></span> <span class='ocrx_word' id='word_1_457' title='bbox 2788 4061 3011 4115; x_wconf 77' lang='lat' dir='ltr'><strong>medela:</strong></span> <span class='ocrx_word' id='word_1_458' title='bbox 3084 4060 3409 4114; x_wconf 84' lang='lat' dir='ltr'><strong>redundant.</strong></span> <span class='ocrx_word' id='word_1_459' title='bbox 3463 4058 3610 4122; x_wconf 85' lang='lat' dir='ltr'><strong>Quu-</strong></span> 
     </span>
    </p>
   </div>
   <div class='ocr_carea' id='block_1_66' title="bbox 2039 4152 3610 4225">
    <p class='ocr_par' dir='ltr' id='par_1_66' title="bbox 2039 4152 3610 4225">
     <span class='ocr_line' id='line_1_66' title="bbox 2039 4152 3610 4225; baseline -0.004 -15"><span class='ocrx_word' id='word_1_460' title='bbox 2039 4159 2197 4211; x_wconf 90' lang='lat' dir='ltr'><strong>modo</strong></span> <span class='ocrx_word' id='word_1_461' title='bbox 2226 4158 2427 4212; x_wconf 79' lang='lat' dir='ltr'><strong>lactum</strong></span> <span class='ocrx_word' id='word_1_462' title='bbox 2465 4158 2537 4211; x_wconf 91' lang='lat' dir='ltr'><strong>sit</strong></span> <span class='ocrx_word' id='word_1_463' title='bbox 2562 4166 2619 4210; x_wconf 89' lang='lat' dir='ltr'><strong>ut</strong></span> <span class='ocrx_word' id='word_1_464' title='bbox 2651 4165 2873 4211; x_wconf 88' lang='lat' dir='ltr'><strong>sanctus</strong></span> <span class='ocrx_word' id='word_1_465' title='bbox 2902 4153 3078 4225; x_wconf 77' lang='lat' dir='ltr'><strong>Cyrus</strong></span> <span class='ocrx_word' id='word_1_466' title='bbox 3122 4152 3395 4206; x_wconf 72' lang='lat' dir='ltr'><strong>ofﬁcinam</strong></span> <span class='ocrx_word' id='word_1_467' title='bbox 3454 4167 3610 4207; x_wconf 87' lang='lat' dir='ltr'><strong>suam</strong></span> 
     </span>
    </p>
   </div>
   <div class='ocr_carea' id='block_1_67' title="bbox 367 4242 1932 4347">
    <p class='ocr_par' dir='ltr' id='par_1_67' title="bbox 367 4242 1931 4323">
     <span class='ocr_line' id='line_1_67' title="bbox 367 4242 1931 4323; baseline -0.001 -19"><span class='ocrx_word' id='word_1_468' title='bbox 367 4252 559 4321; x_wconf 77' lang='grc' dir='ltr'>’Λγίων</span> <span class='ocrx_word' id='word_1_469' title='bbox 593 4252 827 4321; x_wconf 85' lang='grc' dir='ltr'>Παίδων,</span> <span class='ocrx_word' id='word_1_470' title='bbox 859 4251 1078 4320; x_wconf 72' lang='grc' dir='ltr'>εὔλογον</span> <span class='ocrx_word' id='word_1_471' title='bbox 1110 4247 1264 4322; x_wconf 78' lang='grc' dir='ltr'>οἶμαι</span> <span class='ocrx_word' id='word_1_472' title='bbox 1295 4251 1370 4314; x_wconf 83' lang='grc' dir='ltr'>ὼς</span> <span class='ocrx_word' id='word_1_473' title='bbox 1407 4252 1463 4303; x_wconf 82' lang='grc' dir='ltr'>ὲν</span> <span class='ocrx_word' id='word_1_474' title='bbox 1494 4250 1760 4323; x_wconf 78' lang='grc' dir='ltr'>ἐπιδρομῇ</span> <span class='ocrx_word' id='word_1_475' title='bbox 1797 4242 1931 4317; x_wconf 82' lang='grc' dir='ltr'>ἐξει-</span> 
     </span>
    </p>
   </div>
   <div class='ocr_carea' id='block_1_68' title="bbox 2040 4242 3610 4347">
    <p class='ocr_par' dir='ltr' id='par_1_68' title="bbox 2040 4244 3610 4317">
     <span class='ocr_line' id='line_1_68' title="bbox 2040 4244 3610 4317; baseline -0.005 -13"><span class='ocrx_word' id='word_1_476' title='bbox 2040 4252 2089 4304; x_wconf 94' lang='lat' dir='ltr'><strong>in</strong></span> <span class='ocrx_word' id='word_1_477' title='bbox 2112 4250 2362 4317; x_wconf 89' lang='lat' dir='ltr'><strong>templum</strong></span> <span class='ocrx_word' id='word_1_478' title='bbox 2393 4248 2577 4304; x_wconf 89' lang='lat' dir='ltr'><strong>Trium</strong></span> <span class='ocrx_word' id='word_1_479' title='bbox 2598 4249 2897 4303; x_wconf 82' lang='lat' dir='ltr'><strong>Puerorum</strong></span> <span class='ocrx_word' id='word_1_480' title='bbox 2924 4245 3181 4315; x_wconf 87' lang='lat' dir='ltr'><strong>posuerit,</strong></span> <span class='ocrx_word' id='word_1_481' title='bbox 3207 4245 3359 4314; x_wconf 89' lang='lat' dir='ltr'><strong>quasi</strong></span> <span class='ocrx_word' id='word_1_482' title='bbox 3379 4244 3610 4298; x_wconf 84' lang='lat' dir='ltr'><strong>transitu</strong></span> 
     </span>
    </p>
   </div>
   <div class='ocr_carea' id='block_1_69' title="bbox 359 4336 1932 4415">
    <p class='ocr_par' dir='ltr' id='par_1_69' title="bbox 359 4340 1929 4415">
     <span class='ocr_line' id='line_1_69' title="bbox 359 4340 1929 4415; baseline -0.008 -15"><span class='ocrx_word' id='word_1_483' title='bbox 359 4347 476 4398; x_wconf 78' lang='grc' dir='ltr'>πεῖν</span> <span class='ocrx_word' id='word_1_484' title='bbox 496 4358 511 4372; x_wconf 88' lang='grc'><strong>·</strong></span> <span class='ocrx_word' id='word_1_485' title='bbox 547 4345 750 4415; x_wconf 82' lang='grc' dir='ltr'>πολλὴν</span> <span class='ocrx_word' id='word_1_486' title='bbox 779 4345 908 4415; x_wconf 78' lang='grc' dir='ltr'>γὰρ,</span> <span class='ocrx_word' id='word_1_487' title='bbox 941 4341 1000 4398; x_wconf 80' lang='grc' dir='ltr'>εὖ</span> <span class='ocrx_word' id='word_1_488' title='bbox 1033 4340 1170 4409; x_wconf 85' lang='grc' dir='ltr'>οἴδα,</span> <span class='ocrx_word' id='word_1_489' title='bbox 1202 4343 1472 4414; x_wconf 79' lang='grc' dir='ltr'>παράσχοι</span> <span class='ocrx_word' id='word_1_490' title='bbox 1517 4345 1629 4406; x_wconf 82' lang='grc' dir='ltr'>τοῖς</span> <span class='ocrx_word' id='word_1_491' title='bbox 1665 4345 1929 4414; x_wconf 76' lang='grc' dir='ltr'>ἐντυγχά-</span> 
     </span>
    </p>
   </div>
   <div class='ocr_carea' id='block_1_70' title="bbox 2040 4336 3609 4415">
    <p class='ocr_par' dir='ltr' id='par_1_70' title="bbox 2040 4336 3609 4406">
     <span class='ocr_line' id='line_1_70' title="bbox 2040 4336 3609 4406; baseline -0.004 -13"><span class='ocrx_word' id='word_1_492' title='bbox 2040 4339 2316 4395; x_wconf 61' lang='lat' dir='ltr'><strong>dicendum</strong></span> <span class='ocrx_word' id='word_1_493' title='bbox 2347 4354 2635 4406; x_wconf 75' lang='lat' dir='ltr'><strong>;magnam</strong></span> <span class='ocrx_word' id='word_1_494' title='bbox 2671 4339 2840 4397; x_wconf 89' lang='lat' dir='ltr'><strong>enim,</strong></span> <span class='ocrx_word' id='word_1_495' title='bbox 2872 4337 2944 4389; x_wconf 90' lang='lat' dir='ltr'><strong>uti</strong></span> <span class='ocrx_word' id='word_1_496' title='bbox 2979 4336 3365 4406; x_wconf 83' lang='lat' dir='ltr'><strong>scio,gratiam</strong></span> <span class='ocrx_word' id='word_1_497' title='bbox 3395 4336 3609 4389; x_wconf 80' lang='lat' dir='ltr'><strong>obtine-</strong></span> 
     </span>
    </p>
   </div>
   <div class='ocr_carea' id='block_1_71' title="bbox 355 4437 971 4509">
    <p class='ocr_par' dir='ltr' id='par_1_71' title="bbox 355 4437 971 4509">
     <span class='ocr_line' id='line_1_71' title="bbox 355 4437 971 4509; baseline 0.005 -19"><span class='ocrx_word' id='word_1_498' title='bbox 355 4454 533 4491; x_wconf 80' lang='grc' dir='ltr'>νουσιν</span> <span class='ocrx_word' id='word_1_499' title='bbox 561 4438 660 4509; x_wconf 82' lang='grc' dir='ltr'><strong>τὴν</strong></span> <span class='ocrx_word' id='word_1_500' title='bbox 684 4437 971 4504; x_wconf 81' lang='grc' dir='ltr'>ὠφέλειαν.</span> 
     </span>
    </p>
   </div>
   <div class='ocr_carea' id='block_1_72' title="bbox 342 4524 1929 4605">
    <p class='ocr_par' dir='ltr' id='par_1_72' title="bbox 342 4524 1929 4605">
     <span class='ocr_line' id='line_1_72' title="bbox 342 4524 1929 4605; baseline 0 -23"><span class='ocrx_word' id='word_1_501' title='bbox 342 4592 347 4597; x_wconf 31' lang='grc'><strong>,</strong></span> <span class='ocrx_word' id='word_1_502' title='bbox 548 4529 921 4605; x_wconf 17' lang='grc' dir='ltr'>Ἀθπολινάριος</span> <span class='ocrx_word' id='word_1_503' title='bbox 955 4529 982 4581; x_wconf 89' lang='lat'><strong>6</strong></span> <span class='ocrx_word' id='word_1_504' title='bbox 1018 4528 1193 4596; x_wconf 78' lang='grc' dir='ltr'>μέγας</span> <span class='ocrx_word' id='word_1_505' title='bbox 1223 4531 1320 4598; x_wconf 81' lang='grc' dir='ltr'><strong>τῆς</strong></span> <span class='ocrx_word' id='word_1_506' title='bbox 1350 4524 1654 4598; x_wconf 77' lang='grc' dir='ltr'>ἁλη[θείας]</span> <span class='ocrx_word' id='word_1_507' title='bbox 1707 4526 1802 4595; x_wconf 73' lang='lat'><strong>(‘2).</strong></span> <span class='ocrx_word' id='word_1_508' title='bbox 1831 4568 1844 4580; x_wconf 95' lang='lat'><strong>.</strong></span> <span class='ocrx_word' id='word_1_509' title='bbox 1874 4566 1886 4580; x_wconf 91' lang='lat'><strong>.</strong></span> <span class='ocrx_word' id='word_1_510' title='bbox 1917 4568 1929 4582; x_wconf 92' lang='lat'><strong>.</strong></span> 
     </span>
    </p>
   </div>
   <div class='ocr_carea' id='block_1_73' title="bbox 350 4619 1932 4692">
    <p class='ocr_par' dir='ltr' id='par_1_73' title="bbox 350 4619 1932 4692">
     <span class='ocr_line' id='line_1_73' title="bbox 350 4619 1932 4692; baseline 0 -19"><span class='ocrx_word' id='word_1_511' title='bbox 350 4621 527 4674; x_wconf 76' lang='grc' dir='ltr'>αὐτῶν</span> <span class='ocrx_word' id='word_1_512' title='bbox 555 4621 826 4692; x_wconf 79' lang='grc' dir='ltr'>λιπαρῶν,</span> <span class='ocrx_word' id='word_1_513' title='bbox 858 4621 938 4685; x_wconf 76' lang='grc' dir='ltr'><strong>εἰς</strong></span> <span class='ocrx_word' id='word_1_514' title='bbox 975 4622 1066 4673; x_wconf 68' lang='grc' dir='ltr'><strong>τὶν</strong></span> <span class='ocrx_word' id='word_1_515' title='bbox 1094 4621 1218 4673; x_wconf 79' lang='grc' dir='ltr'>ναὸν</span> <span class='ocrx_word' id='word_1_516' title='bbox 1271 4619 1500 4686; x_wconf 77' lang='grc' dir='ltr'>ὀφείλων</span> <span class='ocrx_word' id='word_1_517' title='bbox 1547 4619 1932 4690; x_wconf 73' lang='grc' dir='ltr'>κατατεθῆναι,</span> 
     </span>
    </p>
   </div>
   <div class='ocr_carea' id='block_1_74' title="bbox 2029 4427 3072 4499">
    <p class='ocr_par' dir='ltr' id='par_1_74' title="bbox 2029 4427 3072 4499">
     <span class='ocr_line' id='line_1_74' title="bbox 2029 4427 3072 4499; baseline -0.004 -16"><span class='ocrx_word' id='word_1_518' title='bbox 2029 4430 2156 4483; x_wconf 87' lang='lat' dir='ltr'><strong>baut</strong></span> <span class='ocrx_word' id='word_1_519' title='bbox 2186 4445 2349 4497; x_wconf 84' lang='lat' dir='ltr'><strong>quam</strong></span> <span class='ocrx_word' id='word_1_520' title='bbox 2380 4438 2672 4499; x_wconf 72' lang='lat' dir='ltr'><strong>praesentes</strong></span> <span class='ocrx_word' id='word_1_521' title='bbox 2704 4427 3072 4496; x_wconf 88' lang='lat' dir='ltr'><strong>requisierint.</strong></span> 
     </span>
    </p>
   </div>
   <div class='ocr_carea' id='block_1_75' title="bbox 2106 4514 3610 4590">
    <p class='ocr_par' dir='ltr' id='par_1_75' title="bbox 2106 4514 3610 4590">
     <span class='ocr_line' id='line_1_75' title="bbox 2106 4514 3610 4590; baseline -0.005 -15"><span class='ocrx_word' id='word_1_522' title='bbox 2106 4522 2159 4575; x_wconf 77' lang='lat'><strong>&#39;5.</strong></span> <span class='ocrx_word' id='word_1_523' title='bbox 2187 4520 2576 4590; x_wconf 78' lang='lat' dir='ltr'><strong>Apollinarius,</strong></span> <span class='ocrx_word' id='word_1_524' title='bbox 2611 4534 2839 4590; x_wconf 78' lang='lat' dir='ltr'><strong>magnus</strong></span> <span class='ocrx_word' id='word_1_525' title='bbox 2863 4518 2953 4572; x_wconf 88' lang='lat' dir='ltr'><strong>ille</strong></span> <span class='ocrx_word' id='word_1_526' title='bbox 2987 4516 3230 4571; x_wconf 79' lang='lat' dir='ltr'><strong>veritatis</strong></span> <span class='ocrx_word' id='word_1_527' title='bbox 3264 4514 3610 4579; x_wconf 78' lang='lat' dir='ltr'><strong>defensor,...</strong></span> 
     </span>
    </p>
   </div>
   <div class='ocr_carea' id='block_1_76' title="bbox 2037 4610 3611 4685">
    <p class='ocr_par' dir='ltr' id='par_1_76' title="bbox 2037 4610 3611 4685">
     <span class='ocr_line' id='line_1_76' title="bbox 2037 4610 3611 4685; baseline -0.006 -16"><span class='ocrx_word' id='word_1_528' title='bbox 2037 4617 2171 4685; x_wconf 87' lang='lat' dir='ltr'><strong>Cum</strong></span> <span class='ocrx_word' id='word_1_529' title='bbox 2204 4625 2384 4670; x_wconf 85' lang='lat' dir='ltr'><strong>autem</strong></span> <span class='ocrx_word' id='word_1_530' title='bbox 2422 4617 2610 4670; x_wconf 83' lang='lat' dir='ltr'><strong>eadem</strong></span> <span class='ocrx_word' id='word_1_531' title='bbox 2642 4613 2957 4683; x_wconf 61' lang='lat' dir='ltr'><strong>(ﬂagitaret</strong></span> <span class='ocrx_word' id='word_1_532' title='bbox 2992 4626 3111 4682; x_wconf 75' lang='lat' dir='ltr'><strong>quze</strong></span> <span class='ocrx_word' id='word_1_533' title='bbox 3137 4610 3482 4665; x_wconf 82' lang='lat' dir='ltr'><strong>desiderabat</strong></span> <span class='ocrx_word' id='word_1_534' title='bbox 3518 4623 3611 4660; x_wconf 81' lang='lat' dir='ltr'><strong>ar—</strong></span> 
     </span>
    </p>
   </div>
   <div class='ocr_carea' id='block_1_77' title="bbox 249 5626 1350 5703">
    <p class='ocr_par' dir='ltr' id='par_1_77' title="bbox 249 5626 1350 5703">
     <span class='ocr_line' id='line_1_77' title="bbox 249 5626 1350 5703; baseline -0.007 -16"><span class='ocrx_word' id='word_1_535' title='bbox 249 5694 258 5703; x_wconf 86' lang='lat'>_</span> <span class='ocrx_word' id='word_1_536' title='bbox 352 5626 688 5703; x_wconf 15' lang='lat' dir='ltr'><strong>ccl,7—-_Act.</strong></span> <span class='ocrx_word' id='word_1_537' title='bbox 721 5629 905 5703; x_wconf 79' lang='lat' dir='ltr'><strong>Sancl.</strong></span> <span class='ocrx_word' id='word_1_538' title='bbox 934 5628 1157 5703; x_wconf 81' lang='lat' dir='ltr'><strong>Jauuar.</strong></span> <span class='ocrx_word' id='word_1_539' title='bbox 1192 5626 1350 5703; x_wconf 20' lang='lat' dir='ltr'><strong>t_.&lt;_lll,</strong></span> 
     </span>
    </p>
   </div>
   <div class='ocr_carea' id='block_1_78' title="bbox 349 4701 1932 4783">
    <p class='ocr_par' dir='ltr' id='par_1_78' title="bbox 349 4709 1932 4783">
     <span class='ocr_line' id='line_1_78' title="bbox 349 4709 1932 4783; baseline 0 -19"><span class='ocrx_word' id='word_1_540' title='bbox 349 4713 376 4765; x_wconf 81' lang='grc' dir='ltr'>ὅ</span> <span class='ocrx_word' id='word_1_541' title='bbox 399 4712 559 4773; x_wconf 74' lang='grc' dir='ltr'>αὐτὸς</span> <span class='ocrx_word' id='word_1_542' title='bbox 593 4711 661 4765; x_wconf 80' lang='grc' dir='ltr'>δι’</span> <span class='ocrx_word' id='word_1_543' title='bbox 692 4711 986 4783; x_wconf 82' lang='grc' dir='ltr'>ἐπιθυμίας</span> <span class='ocrx_word' id='word_1_544' title='bbox 1020 4713 1204 4776; x_wconf 78' lang='grc' dir='ltr'>αὐτοῖς</span> <span class='ocrx_word' id='word_1_545' title='bbox 1248 4710 1450 4780; x_wconf 76' lang='grc' dir='ltr'>πολλῆς</span> <span class='ocrx_word' id='word_1_546' title='bbox 1494 4709 1864 4778; x_wconf 68' lang='grc' dir='ltr'>ἀνεστήσατο*</span> <span class='ocrx_word' id='word_1_547' title='bbox 1904 4713 1932 4764; x_wconf 88' lang='lat'><strong>6</strong></span> 
     </span>
    </p>
   </div>
   <div class='ocr_carea' id='block_1_79' title="bbox 2040 4701 3609 4783">
    <p class='ocr_par' dir='ltr' id='par_1_79' title="bbox 2040 4701 3609 4778">
     <span class='ocr_line' id='line_1_79' title="bbox 2040 4701 3609 4778; baseline -0.009 -14"><span class='ocrx_word' id='word_1_548' title='bbox 2040 4709 2430 4778; x_wconf 88' lang='lat' dir='ltr'><strong>chiepiseopus,</strong></span> <span class='ocrx_word' id='word_1_549' title='bbox 2492 4706 2743 4761; x_wconf 86' lang='lat' dir='ltr'><strong>videlicet</strong></span> <span class='ocrx_word' id='word_1_550' title='bbox 2803 4713 2862 4757; x_wconf 91' lang='lat' dir='ltr'><strong>ut</strong></span> <span class='ocrx_word' id='word_1_551' title='bbox 2915 4702 3175 4770; x_wconf 59' lang='lat' dir='ltr'><strong>reliquias</strong></span> <span class='ocrx_word' id='word_1_552' title='bbox 3218 4701 3380 4754; x_wconf 89' lang='lat' dir='ltr'><strong>trium</strong></span> <span class='ocrx_word' id='word_1_553' title='bbox 3415 4713 3609 4767; x_wconf 86' lang='lat' dir='ltr'><strong>puero-</strong></span> 
     </span>
    </p>
   </div>
   <div class='ocr_carea' id='block_1_80' title="bbox 349 4791 1932 4871">
    <p class='ocr_par' dir='ltr' id='par_1_80' title="bbox 349 4797 1929 4871">
     <span class='ocr_line' id='line_1_80' title="bbox 349 4797 1929 4871; baseline -0.001 -16"><span class='ocrx_word' id='word_1_554' title='bbox 349 4803 410 4857; x_wconf 74' lang='grc' dir='ltr'><strong>δέ</strong></span> <span class='ocrx_word' id='word_1_555' title='bbox 469 4803 664 4867; x_wconf 78' lang='grc' dir='ltr'>σεπτδς</span> <span class='ocrx_word' id='word_1_556' title='bbox 713 4797 867 4868; x_wconf 76' lang='grc' dir='ltr'>οὗτος</span> <span class='ocrx_word' id='word_1_557' title='bbox 922 4803 1018 4856; x_wconf 75' lang='grc' dir='ltr'>καὶ</span> <span class='ocrx_word' id='word_1_558' title='bbox 1070 4803 1415 4871; x_wconf 84' lang='grc' dir='ltr'>παγκόσμιος</span> <span class='ocrx_word' id='word_1_559' title='bbox 1466 4799 1629 4867; x_wconf 77' lang='grc' dir='ltr'>τῆσδε</span> <span class='ocrx_word' id='word_1_560' title='bbox 1695 4799 1929 4867; x_wconf 78' lang='grc' dir='ltr'>εὐαγοῦς</span> 
     </span>
    </p>
   </div>
   <div class='ocr_carea' id='block_1_81' title="bbox 2040 4791 3612 4871">
    <p class='ocr_par' dir='ltr' id='par_1_81' title="bbox 2040 4791 3612 4868">
     <span class='ocr_line' id='line_1_81' title="bbox 2040 4791 3612 4868; baseline -0.005 -16"><span class='ocrx_word' id='word_1_561' title='bbox 2040 4815 2153 4853; x_wconf 90' lang='lat' dir='ltr'><strong>rum</strong></span> <span class='ocrx_word' id='word_1_562' title='bbox 2191 4799 2241 4852; x_wconf 89' lang='lat' dir='ltr'><strong>in</strong></span> <span class='ocrx_word' id='word_1_563' title='bbox 2264 4800 2461 4868; x_wconf 89' lang='lat' dir='ltr'><strong>templo</strong></span> <span class='ocrx_word' id='word_1_564' title='bbox 2503 4796 2856 4866; x_wconf 89' lang='lat' dir='ltr'><strong>possiderent,</strong></span> <span class='ocrx_word' id='word_1_565' title='bbox 2889 4794 3022 4848; x_wconf 89' lang='lat' dir='ltr'><strong>nihil</strong></span> <span class='ocrx_word' id='word_1_566' title='bbox 3052 4792 3395 4863; x_wconf 68' lang='lat' dir='ltr'><strong>prmtermisit</strong></span> <span class='ocrx_word' id='word_1_567' title='bbox 3443 4791 3612 4845; x_wconf 76' lang='lat' dir='ltr'><strong>ah&#39;nas</strong></span> 
     </span>
    </p>
   </div>
   <div class='ocr_carea' id='block_1_82' title="bbox 351 4883 1932 4965">
    <p class='ocr_par' dir='ltr' id='par_1_82' title="bbox 351 4890 1924 4965">
     <span class='ocr_line' id='line_1_82' title="bbox 351 4890 1924 4965; baseline 0.001 -19"><span class='ocrx_word' id='word_1_568' title='bbox 351 4894 702 4965; x_wconf 76' lang='grc' dir='ltr'>προστάξεως</span> <span class='ocrx_word' id='word_1_569' title='bbox 736 4894 1018 4965; x_wconf 84' lang='grc' dir='ltr'>ἀμελήσας</span> <span class='ocrx_word' id='word_1_570' title='bbox 1062 4892 1236 4955; x_wconf 82' lang='grc' dir='ltr'>οὐδὲν,</span> <span class='ocrx_word' id='word_1_571' title='bbox 1281 4892 1382 4961; x_wconf 84' lang='grc' dir='ltr'><strong>τὴν</strong></span> <span class='ocrx_word' id='word_1_572' title='bbox 1445 4890 1741 4946; x_wconf 80' lang='grc' dir='ltr'>Βαϐυλῶνα</span> <span class='ocrx_word' id='word_1_573' title='bbox 1790 4910 1924 4946; x_wconf 71' lang='grc' dir='ltr'>κατα</span> 
     </span>
    </p>
   </div>
   <div class='ocr_carea' id='block_1_83' title="bbox 2040 4883 3607 4965">
    <p class='ocr_par' dir='ltr' id='par_1_83' title="bbox 2040 4883 3607 4956">
     <span class='ocr_line' id='line_1_83' title="bbox 2040 4883 3607 4956; baseline -0.005 -12"><span class='ocrx_word' id='word_1_574' title='bbox 2040 4891 2360 4946; x_wconf 88' lang='lat' dir='ltr'><strong>venerabilis</strong></span> <span class='ocrx_word' id='word_1_575' title='bbox 2395 4899 2453 4944; x_wconf 90' lang='lat' dir='ltr'><strong>ut</strong></span> <span class='ocrx_word' id='word_1_576' title='bbox 2493 4899 2678 4943; x_wconf 84' lang='lat' dir='ltr'><strong>sancta</strong></span> <span class='ocrx_word' id='word_1_577' title='bbox 2731 4887 3073 4956; x_wconf 79' lang='lat' dir='ltr'><strong>perfecturus</strong></span> <span class='ocrx_word' id='word_1_578' title='bbox 3128 4895 3276 4941; x_wconf 85' lang='lat' dir='ltr'><strong>esset</strong></span> <span class='ocrx_word' id='word_1_579' title='bbox 3331 4883 3607 4937; x_wconf 86' lang='lat' dir='ltr'><strong>mandata.</strong></span> 
     </span>
    </p>
   </div>
   <div class='ocr_carea' id='block_1_84' title="bbox 351 4974 1932 5056">
    <p class='ocr_par' dir='ltr' id='par_1_84' title="bbox 351 4983 1931 5056">
     <span class='ocr_line' id='line_1_84' title="bbox 351 4983 1931 5056; baseline 0 -18"><span class='ocrx_word' id='word_1_580' title='bbox 351 4986 566 5049; x_wconf 78' lang='grc' dir='ltr'>ἐλαϐεν,</span> <span class='ocrx_word' id='word_1_581' title='bbox 607 4986 700 5040; x_wconf 73' lang='grc' dir='ltr'>καὶ</span> <span class='ocrx_word' id='word_1_582' title='bbox 742 4987 856 5049; x_wconf 81' lang='grc' dir='ltr'>τοῖς</span> <span class='ocrx_word' id='word_1_583' title='bbox 891 4987 1064 5052; x_wconf 83' lang='grc' dir='ltr'>ἁγίοις</span> <span class='ocrx_word' id='word_1_584' title='bbox 1103 4986 1176 5056; x_wconf 82' lang='grc'><strong>(5)</strong></span> <span class='ocrx_word' id='word_1_585' title='bbox 1210 4984 1276 5037; x_wconf 80' lang='grc' dir='ltr'>τὰ</span> <span class='ocrx_word' id='word_1_586' title='bbox 1322 4985 1585 5038; x_wconf 75' lang='grc' dir='ltr'>θεσπέσια</span> <span class='ocrx_word' id='word_1_587' title='bbox 1629 4983 1931 5054; x_wconf 76' lang='grc' dir='ltr'>γράμματα</span> 
     </span>
    </p>
   </div>
   <div class='ocr_carea' id='block_1_85' title="bbox 2040 4974 3612 5056">
    <p class='ocr_par' dir='ltr' id='par_1_85' title="bbox 2042 4974 3612 5053">
     <span class='ocr_line' id='line_1_85' title="bbox 2042 4974 3612 5053; baseline -0.008 -17"><span class='ocrx_word' id='word_1_588' title='bbox 2042 4983 2365 5053; x_wconf 83' lang='lat' dir='ltr'><strong>BahyIOnem</strong></span> <span class='ocrx_word' id='word_1_589' title='bbox 2393 4982 2556 5051; x_wconf 84' lang='lat' dir='ltr'><strong>igitur</strong></span> <span class='ocrx_word' id='word_1_590' title='bbox 2573 4981 2747 5049; x_wconf 89' lang='lat' dir='ltr'><strong>petiit,</strong></span> <span class='ocrx_word' id='word_1_591' title='bbox 2778 4990 2833 5033; x_wconf 90' lang='lat' dir='ltr'><strong>et</strong></span> <span class='ocrx_word' id='word_1_592' title='bbox 2860 4979 3064 5033; x_wconf 87' lang='lat' dir='ltr'><strong>sanctis</strong></span> <span class='ocrx_word' id='word_1_593' title='bbox 3084 4975 3357 5034; x_wconf 88' lang='lat' dir='ltr'><strong>mirabiles</strong></span> <span class='ocrx_word' id='word_1_594' title='bbox 3390 4974 3612 5027; x_wconf 86' lang='lat' dir='ltr'><strong>tradens</strong></span> 
     </span>
    </p>
   </div>
   <div class='ocr_carea' id='block_1_86' title="bbox 349 5064 1932 5151">
    <p class='ocr_par' dir='ltr' id='par_1_86' title="bbox 349 5076 1932 5151">
     <span class='ocr_line' id='line_1_86' title="bbox 349 5076 1932 5151; baseline -0.002 -18"><span class='ocrx_word' id='word_1_595' title='bbox 349 5078 618 5145; x_wconf 82' lang='grc' dir='ltr'>δεδωκὼς,</span> <span class='ocrx_word' id='word_1_596' title='bbox 670 5079 795 5134; x_wconf 84' lang='grc' dir='ltr'>τάδε</span> <span class='ocrx_word' id='word_1_597' title='bbox 819 5079 954 5151; x_wconf 83' lang='grc' dir='ltr'>πρὸς</span> <span class='ocrx_word' id='word_1_598' title='bbox 998 5079 1192 5143; x_wconf 68' lang='grc' dir='ltr'>αὐτοὺς</span> <span class='ocrx_word' id='word_1_599' title='bbox 1221 5078 1446 5149; x_wconf 78' lang='grc' dir='ltr'>διεξῄει·</span> <span class='ocrx_word' id='word_1_600' title='bbox 1480 5096 1498 5128; x_wconf 75' lang='grc' dir='ltr'><strong>ι</strong></span> <span class='ocrx_word' id='word_1_601' title='bbox 1538 5078 1736 5146; x_wconf 76' lang='grc' dir='ltr'>Ἀγιοι,</span> <span class='ocrx_word' id='word_1_602' title='bbox 1785 5079 1813 5130; x_wconf 90' lang='lat'><strong>6</strong></span> <span class='ocrx_word' id='word_1_603' title='bbox 1837 5076 1932 5130; x_wconf 85' lang='grc' dir='ltr'><strong>τοῦ</strong></span> 
     </span>
    </p>
   </div>
   <div class='ocr_carea' id='block_1_87' title="bbox 2040 5064 3612 5151">
    <p class='ocr_par' dir='ltr' id='par_1_87' title="bbox 2040 5064 3612 5145">
     <span class='ocr_line' id='line_1_87' title="bbox 2040 5064 3612 5145; baseline -0.008 -16"><span class='ocrx_word' id='word_1_604' title='bbox 2040 5064 2297 5145; x_wconf 79' lang='lat' dir='ltr'><strong>epistolas</strong></span> <span class='ocrx_word' id='word_1_605' title='bbox 2324 5077 2435 5128; x_wconf 63' lang='lat' dir='ltr'><strong>haec</strong></span> <span class='ocrx_word' id='word_1_606' title='bbox 2461 5073 2621 5127; x_wconf 83' lang='lat' dir='ltr'><strong>verba</strong></span> <span class='ocrx_word' id='word_1_607' title='bbox 2676 5073 2907 5142; x_wconf 82' lang='lat' dir='ltr'><strong>adjecit:</strong></span> <span class='ocrx_word' id='word_1_608' title='bbox 2944 5089 2965 5123; x_wconf 79' lang='grc' dir='ltr'><strong>ι</strong></span> <span class='ocrx_word' id='word_1_609' title='bbox 2998 5069 3205 5131; x_wconf 83' lang='lat' dir='ltr'><strong>Sancti,</strong></span> <span class='ocrx_word' id='word_1_610' title='bbox 3243 5069 3381 5121; x_wconf 90' lang='lat' dir='ltr'><strong>hanc</strong></span> <span class='ocrx_word' id='word_1_611' title='bbox 3411 5065 3478 5117; x_wconf 89' lang='lat' dir='ltr'><strong>ad</strong></span> <span class='ocrx_word' id='word_1_612' title='bbox 3516 5078 3612 5117; x_wconf 83' lang='lat' dir='ltr'><strong>vos</strong></span> 
     </span>
    </p>
   </div>
   <div class='ocr_carea' id='block_1_88' title="bbox 350 5153 1932 5240">
    <p class='ocr_par' dir='ltr' id='par_1_88' title="bbox 350 5166 1928 5240">
     <span class='ocr_line' id='line_1_88' title="bbox 350 5166 1928 5240; baseline -0.002 -18"><span class='ocrx_word' id='word_1_613' title='bbox 350 5168 486 5222; x_wconf 87' lang='grc' dir='ltr'><strong>Θεοῦ</strong></span> <span class='ocrx_word' id='word_1_614' title='bbox 526 5169 817 5240; x_wconf 75' lang='grc' dir='ltr'>ἀρχιερεὺς</span> <span class='ocrx_word' id='word_1_615' title='bbox 850 5170 944 5223; x_wconf 76' lang='grc' dir='ltr'>καὶ</span> <span class='ocrx_word' id='word_1_616' title='bbox 982 5166 1166 5230; x_wconf 75' lang='grc' dir='ltr'>δοῦλος</span> <span class='ocrx_word' id='word_1_617' title='bbox 1203 5167 1357 5238; x_wconf 84' lang='grc' dir='ltr'>ὑμῶν</span> <span class='ocrx_word' id='word_1_618' title='bbox 1404 5166 1606 5236; x_wconf 81' lang='grc' dir='ltr'>ταύτην</span> <span class='ocrx_word' id='word_1_619' title='bbox 1657 5167 1784 5237; x_wconf 84' lang='grc' dir='ltr'>ὑμῖν</span> <span class='ocrx_word' id='word_1_620' title='bbox 1832 5167 1928 5220; x_wconf 80' lang='grc' dir='ltr'><strong>πέ-</strong></span> 
     </span>
    </p>
   </div>
   <div class='ocr_carea' id='block_1_89' title="bbox 2040 5153 3617 5240">
    <p class='ocr_par' dir='ltr' id='par_1_89' title="bbox 2043 5153 3617 5235">
     <span class='ocr_line' id='line_1_89' title="bbox 2043 5153 3617 5235; baseline -0.009 -15"><span class='ocrx_word' id='word_1_621' title='bbox 2043 5165 2134 5220; x_wconf 89' lang='lat' dir='ltr'><strong>Dei</strong></span> <span class='ocrx_word' id='word_1_622' title='bbox 2165 5166 2451 5235; x_wconf 87' lang='lat' dir='ltr'><strong>episcopus</strong></span> <span class='ocrx_word' id='word_1_623' title='bbox 2478 5173 2533 5218; x_wconf 92' lang='lat' dir='ltr'><strong>et</strong></span> <span class='ocrx_word' id='word_1_624' title='bbox 2563 5178 2754 5219; x_wconf 78' lang='lat' dir='ltr'><strong>servus</strong></span> <span class='ocrx_word' id='word_1_625' title='bbox 2774 5172 2953 5219; x_wconf 86' lang='lat' dir='ltr'><strong>vester</strong></span> <span class='ocrx_word' id='word_1_626' title='bbox 2981 5158 3379 5229; x_wconf 86' lang='lat' dir='ltr'><strong>deprecationis</strong></span> <span class='ocrx_word' id='word_1_627' title='bbox 3405 5153 3617 5223; x_wconf 56' lang='lat' dir='ltr'><strong>epistth</strong></span> 
     </span>
    </p>
   </div>
   <div class='ocr_carea' id='block_1_90' title="bbox 1889 5256 2124 5312">
    <p class='ocr_par' dir='ltr' id='par_1_90' title="bbox 1889 5256 2124 5312">
     <span class='ocr_line' id='line_1_90' title="bbox 1889 5256 2124 5312; baseline -0.009 -1"><span class='ocrx_word' id='word_1_628' title='bbox 1889 5256 2124 5312; x_wconf 68' lang='lat' dir='ltr'><strong>NOTAE.</strong></span> 
     </span>
    </p>
   </div>
   <div class='ocr_carea' id='block_1_91' title="bbox 426 5339 3613 5420">
    <p class='ocr_par' dir='ltr' id='par_1_91' title="bbox 426 5339 3613 5420">
     <span class='ocr_line' id='line_1_91' title="bbox 426 5339 3613 5420; baseline -0.003 -17"><span class='ocrx_word' id='word_1_629' title='bbox 426 5350 502 5420; x_wconf 87' lang='lat' dir='ltr'><strong>(l)</strong></span> <span class='ocrx_word' id='word_1_630' title='bbox 543 5346 742 5420; x_wconf 80' lang='lat' dir='ltr'><strong>Confer</strong></span> <span class='ocrx_word' id='word_1_631' title='bbox 785 5351 948 5420; x_wconf 78' lang='lat' dir='ltr'><strong>supra</strong></span> <span class='ocrx_word' id='word_1_632' title='bbox 976 5349 1342 5416; x_wconf 83' lang='lat' dir='ltr'><strong>prothcoriazn</strong></span> <span class='ocrx_word' id='word_1_633' title='bbox 1377 5360 1536 5417; x_wconf 79' lang='lat' dir='ltr'><strong>atque</strong></span> <span class='ocrx_word' id='word_1_634' title='bbox 1577 5349 1762 5404; x_wconf 84' lang='lat' dir='ltr'><strong>laudes</strong></span> <span class='ocrx_word' id='word_1_635' title='bbox 1793 5364 1918 5404; x_wconf 83' lang='lat' dir='ltr'><strong>sau-</strong></span> <span class='ocrx_word' id='word_1_636' title='bbox 2030 5350 2224 5418; x_wconf 72' lang='lat' dir='ltr'><strong>quibus</strong></span> <span class='ocrx_word' id='word_1_637' title='bbox 2262 5349 2517 5418; x_wconf 89' lang='lat' dir='ltr'><strong>templum</strong></span> <span class='ocrx_word' id='word_1_638' title='bbox 2548 5347 2887 5401; x_wconf 78' lang='lat' dir='ltr'><strong>Alexandriae</strong></span> <span class='ocrx_word' id='word_1_639' title='bbox 2913 5348 3246 5420; x_wconf 79' lang='lat' dir='ltr'><strong>excitaverat</strong></span> <span class='ocrx_word' id='word_1_640' title='bbox 3276 5339 3613 5420; x_wconf 73' lang='lat' dir='ltr'><strong>Apollinaris</strong></span> 
     </span>
    </p>
   </div>
   <div class='ocr_carea' id='block_1_92' title="bbox 352 5410 3608 5489">
    <p class='ocr_par' dir='ltr' id='par_1_92' title="bbox 352 5410 3608 5489">
     <span class='ocr_line' id='line_1_92' title="bbox 352 5410 3608 5489; baseline -0.005 -14"><span class='ocrx_word' id='word_1_641' title='bbox 352 5410 560 5475; x_wconf 74' lang='lat' dir='ltr'><strong>ciorum</strong></span> <span class='ocrx_word' id='word_1_642' title='bbox 616 5418 739 5473; x_wconf 76' lang='lat' dir='ltr'><strong>MM.</strong></span> <span class='ocrx_word' id='word_1_643' title='bbox 790 5410 954 5489; x_wconf 50' lang='lat' dir='ltr'><strong>tua}.</strong></span> <span class='ocrx_word' id='word_1_644' title='bbox 980 5410 1181 5487; x_wconf 74' lang='lat' dir='ltr'><strong>quippe</strong></span> <span class='ocrx_word' id='word_1_645' title='bbox 1229 5431 1418 5473; x_wconf 86' lang='lat' dir='ltr'><strong>auctor</strong></span> <span class='ocrx_word' id='word_1_646' title='bbox 1451 5410 1790 5489; x_wconf 80' lang='lat' dir='ltr'><strong>Sophronius</strong></span> <span class='ocrx_word' id='word_1_647' title='bbox 1815 5431 1922 5473; x_wconf 82' lang='lat' dir='ltr'><strong>est.</strong></span> <span class='ocrx_word' id='word_1_648' title='bbox 2032 5410 2182 5474; x_wconf 74' lang='lat' dir='ltr'><strong>tirhis</strong></span> <span class='ocrx_word' id='word_1_649' title='bbox 2229 5410 2474 5480; x_wconf 74' lang='lat' dir='ltr'><strong>autisies,</strong></span> <span class='ocrx_word' id='word_1_650' title='bbox 2524 5430 2579 5473; x_wconf 89' lang='lat' dir='ltr'><strong>et</strong></span> <span class='ocrx_word' id='word_1_651' title='bbox 2622 5434 2848 5486; x_wconf 79' lang='lat' dir='ltr'><strong>quorum</strong></span> <span class='ocrx_word' id='word_1_652' title='bbox 2894 5418 3155 5489; x_wconf 83' lang='lat' dir='ltr'><strong>reliquias</strong></span> <span class='ocrx_word' id='word_1_653' title='bbox 3196 5410 3485 5482; x_wconf 84' lang='lat' dir='ltr'><strong>appetebat</strong></span> <span class='ocrx_word' id='word_1_654' title='bbox 3533 5417 3608 5462; x_wconf 87' lang='lat' dir='ltr'><strong>at-</strong></span> 
     </span>
    </p>
   </div>
   <div class='ocr_carea' id='block_1_93' title="bbox 427 5486 3635 5561">
    <p class='ocr_par' dir='ltr' id='par_1_93' title="bbox 427 5486 3635 5561">
     <span class='ocr_line' id='line_1_93' title="bbox 427 5486 3635 5561; baseline -0.003 -19"><span class='ocrx_word' id='word_1_655' title='bbox 427 5489 501 5561; x_wconf 74' lang='grc'>(2)</span> <span class='ocrx_word' id='word_1_656' title='bbox 529 5488 687 5543; x_wconf 84' lang='lat' dir='ltr'><strong>Deest</strong></span> <span class='ocrx_word' id='word_1_657' title='bbox 713 5505 875 5561; x_wconf 87' lang='lat' dir='ltr'><strong>unum</strong></span> <span class='ocrx_word' id='word_1_658' title='bbox 908 5486 1111 5561; x_wconf 61' lang='lat' dir='ltr'><strong>folium.</strong></span> <span class='ocrx_word' id='word_1_659' title='bbox 1149 5489 1419 5561; x_wconf 79' lang='lat' dir='ltr'><strong>Lacunam</strong></span> <span class='ocrx_word' id='word_1_660' title='bbox 1445 5486 1621 5543; x_wconf 41' lang='lat' dir='ltr'><strong>aut—cm</strong></span> <span class='ocrx_word' id='word_1_661' title='bbox 1655 5505 1717 5543; x_wconf 83' lang='lat' dir='ltr'><strong>ex</strong></span> <span class='ocrx_word' id='word_1_662' title='bbox 1752 5490 1919 5561; x_wconf 78' lang='lat' dir='ltr'><strong>inter-</strong></span> <span class='ocrx_word' id='word_1_663' title='bbox 2033 5506 2138 5556; x_wconf 87' lang='lat' dir='ltr'><strong>que</strong></span> <span class='ocrx_word' id='word_1_664' title='bbox 2204 5491 2533 5559; x_wconf 77' lang='lat' dir='ltr'><strong>impetravit,</strong></span> <span class='ocrx_word' id='word_1_665' title='bbox 2597 5488 3028 5561; x_wconf 36' lang='lat' dir='ltr'><strong>{ietlllllllqlle‘ill</strong></span> <span class='ocrx_word' id='word_1_666' title='bbox 3094 5488 3254 5561; x_wconf 81' lang='lat' dir='ltr'><strong>trium</strong></span> <span class='ocrx_word' id='word_1_667' title='bbox 3314 5494 3635 5561; x_wconf 21' lang='lat' dir='ltr'><strong>puerorum,</strong></span> 
     </span>
    </p>
   </div>
   <div class='ocr_carea' id='block_1_94' title="bbox 355 5548 3606 5631">
    <p class='ocr_par' dir='ltr' id='par_1_94' title="bbox 355 5548 3606 5631">
     <span class='ocr_line' id='line_1_94' title="bbox 355 5548 3606 5631; baseline -0.003 -19"><span class='ocrx_word' id='word_1_668' title='bbox 355 5548 659 5631; x_wconf 62' lang='lat' dir='ltr'><strong>prolatione</strong></span> <span class='ocrx_word' id='word_1_669' title='bbox 712 5560 899 5631; x_wconf 47' lang='lat' dir='ltr'><strong>lautitia</strong></span> <span class='ocrx_word' id='word_1_670' title='bbox 944 5548 1081 5631; x_wconf 53' lang='lat' dir='ltr'><strong>:Ztlii</strong></span> <span class='ocrx_word' id='word_1_671' title='bbox 1120 5559 1623 5631; x_wconf 69' lang='lat' dir='ltr'><strong>apud__|_£olland_ut_t_t</strong></span> <span class='ocrx_word' id='word_1_672' title='bbox 1662 5560 1838 5612; x_wconf 75' lang='lat' dir='ltr'><strong>metiri</strong></span> <span class='ocrx_word' id='word_1_673' title='bbox 1869 5559 1931 5613; x_wconf 81' lang='lat' dir='ltr'><strong>li—</strong></span> <span class='ocrx_word' id='word_1_674' title='bbox 2041 5548 2406 5631; x_wconf 52' lang='lat' dir='ltr'><strong>dlexandiino</strong></span> <span class='ocrx_word' id='word_1_675' title='bbox 2453 5548 2653 5626; x_wconf 79' lang='lat' dir='ltr'><strong>templo</strong></span> <span class='ocrx_word' id='word_1_676' title='bbox 2684 5548 3006 5631; x_wconf 57' lang='lat' dir='ltr'><strong>collocavit,</strong></span> <span class='ocrx_word' id='word_1_677' title='bbox 3060 5572 3166 5631; x_wconf 81' lang='lat' dir='ltr'><strong>quo</strong></span> <span class='ocrx_word' id='word_1_678' title='bbox 3223 5555 3275 5608; x_wconf 90' lang='lat' dir='ltr'><strong>in</strong></span> <span class='ocrx_word' id='word_1_679' title='bbox 3313 5552 3428 5604; x_wconf 79' lang='lat' dir='ltr'><strong>loco</strong></span> <span class='ocrx_word' id='word_1_680' title='bbox 3476 5548 3606 5631; x_wconf 60' lang='lat' dir='ltr'><strong>olim</strong></span> 
     </span>
    </p>
   </div>
   <div class='ocr_carea' id='block_1_95' title="bbox 1381 5621 3611 5700">
    <p class='ocr_par' dir='ltr' id='par_1_95' title="bbox 1381 5621 3611 5700">
     <span class='ocr_line' id='line_1_95' title="bbox 1381 5621 3611 5700; baseline -0.001 -20"><span class='ocrx_word' id='word_1_681' title='bbox 1381 5645 1430 5697; x_wconf 92' lang='lat' dir='ltr'><strong>p.</strong></span> <span class='ocrx_word' id='word_1_682' title='bbox 1479 5628 1636 5700; x_wconf 73' lang='lat' dir='ltr'><strong>l08_5.</strong></span> <span class='ocrx_word' id='word_1_683' title='bbox 2040 5631 2213 5683; x_wconf 78' lang='lat' dir='ltr'><strong>sancti</strong></span> <span class='ocrx_word' id='word_1_684' title='bbox 2254 5621 2386 5700; x_wconf 70' lang='lat' dir='ltr'><strong>Cyri</strong></span> <span class='ocrx_word' id='word_1_685' title='bbox 2433 5621 2792 5698; x_wconf 44' lang='lat' dir='ltr'><strong>erga—sternuit</strong></span> <span class='ocrx_word' id='word_1_686' title='bbox 2823 5621 3092 5682; x_wconf 77' lang='lat' dir='ltr'><strong>medicum</strong></span> <span class='ocrx_word' id='word_1_687' title='bbox 3124 5626 3316 5687; x_wconf 77' lang='lat' dir='ltr'><strong>fuerat,</strong></span> <span class='ocrx_word' id='word_1_688' title='bbox 3341 5631 3395 5676; x_wconf 82' lang='lat' dir='ltr'><strong>et</strong></span> <span class='ocrx_word' id='word_1_689' title='bbox 3428 5621 3611 5677; x_wconf 67' lang='lat' dir='ltr'><strong>adhuu</strong></span> 
     </span>
    </p>
   </div>
   <div class='ocr_carea' id='block_1_96' title="bbox 419 5697 2527 5773">
    <p class='ocr_par' dir='ltr' id='par_1_96' title="bbox 419 5697 2527 5773">
     <span class='ocr_line' id='line_1_96' title="bbox 419 5697 2527 5773; baseline -0.001 -18"><span class='ocrx_word' id='word_1_690' title='bbox 419 5702 493 5773; x_wconf 77' lang='lat'><strong>(3)</strong></span> <span class='ocrx_word' id='word_1_691' title='bbox 564 5698 825 5770; x_wconf 81' lang='lat' dir='ltr'><strong>Loquitur</strong></span> <span class='ocrx_word' id='word_1_692' title='bbox 864 5702 925 5754; x_wconf 85' lang='lat' dir='ltr'><strong>de</strong></span> <span class='ocrx_word' id='word_1_693' title='bbox 974 5700 1144 5754; x_wconf 81' lang='lat' dir='ltr'><strong>tribus</strong></span> <span class='ocrx_word' id='word_1_694' title='bbox 1195 5698 1293 5753; x_wconf 84' lang='lat' dir='ltr'><strong>SS.</strong></span> <span class='ocrx_word' id='word_1_695' title='bbox 1340 5700 1519 5769; x_wconf 84' lang='lat' dir='ltr'><strong>pueris</strong></span> <span class='ocrx_word' id='word_1_696' title='bbox 1571 5697 1924 5768; x_wconf 81' lang='lat' dir='ltr'><strong>Babylonicis,</strong></span> <span class='ocrx_word' id='word_1_697' title='bbox 2036 5697 2527 5756; x_wconf 75' lang='lat' dir='ltr'><strong>demonstrabatur.</strong></span> 
     </span>
    </p>
   </div>
  </div>
