4036 6236
146 5892 213 5927 ῙἊ-ιι

447 273 589 336 3679

1302 280 1362 341 S.
1393 280 1744 344 SOPHRON
1753 285 1812 345 ΙΙ
1846 234 2356 350 PATRIA‘RCHZE
2396 293 2800 357 HIEROSOL.

3572 302 3715 370 3680

444 390 550 444 iam
603 390 787 456 mittit,
835 406 939 463 qua
969 404 1210 465 recepta,
1247 412 1561 468 responsum
1615 399 1843 456 reddite.
1884 420 1903 455 ι
1938 400 2024 457 His

2141 423 2358 476 πομφεν
2394 409 2492 479 τὴν
2528 411 2782 480 δεητικὴν
2816 412 3124 483 ἐπιστολὴν,
3155 416 3221 486 ῆν
3260 414 3564 488 δεξάμενοι,
3594 419 3710 475 δότε

441 484 623 549 dictis,
664 483 904 542 surrexit
964 491 1173 544 medius
1207 506 1373 559 puer,
1423 491 1665 547 extendit
1719 509 1936 548 manmn
1973 505 2025 550 et

445 588 670 647 excepta
707 581 930 649 epistula
987 582 1183 637 iterum
1244 584 1552 651 reclinavit,
1601 588 1793 642 nuntio
1840 599 2024 643 autem

445 671 648 725 mdium
694 673 838 728 dedit
876 689 1218 743 responsum.
1252 675 1360 732 Per
1410 688 1577 733 totam
1632 679 2024 736 hebdomadem

441 764 781 821 verecundus
813 766 982 824 abbas
1037 784 1358 839 responsum
1397 784 1502 824 non
1550 772 1754 833 retulit,
1798 771 2026 841 ideoque

445 858 606 912 rebus
641 858 856 917 infectis
887 862 1046 916 rediit
1089 862 1155 917 ad
1208 862 1679 934 archiepiscopum
1732 873 1786 919 et
1844 864 2025 921 omnia

444 951 708 1007 narravit.

516 1151 572 1207 4.
603 1152 705 1218 Qui
738 1152 789 1206 iu
817 1153 978 1208 rebus
1005 1153 1142 1233 ﬁdei‘
1164 1170 1268 1209 non
1301 1156 1527 1209 multum
1554 1154 1859 1225 perspicax,
1890 1169 2025 1210 cou-

445 1244 671 1300 scientia
713 1260 841 1300 vero
882 1261 1050 1314 purus
1083 1254 1135 1301 et
1177 1246 1288 1301 Deo
1325 1248 1668 1317 gratissimus
1719 1257 1834 1302 erat
1885 1262 2025 1318 pon-

444 1336 595 1402 tifex,
645 1352 832 1392 rursus
885 1340 992 1392 Deo
1052 1349 1333 1409 acceptum
1378 1338 1626 1394 abbatem
1651 1339 1885 1393 demittit
1942 1339 2026 1395 his

443 1428 666 1484 allatis:
705 1447 724 1480 ι
765 1429 1062 1484 Revertere
1116 1432 1293 1486 adhuc
1324 1440 1379 1485 et
1427 1432 1478 1484 in
1512 1431 1728 1485 nomine
1782 1446 1901 1485 meo
1933 1431 2025 1486 de-

445 1535 673 1590 precare
722 1531 980 1589 sanctos;
1017 1522 1061 1576 si
1112 1524 1344 1593 teipsum
1395 1538 1501 1577 non
1557 1524 1665 1577 sint
1720 1524 2023 1592 suscepturi

445 1629 547 1670 nec
576 1628 766 1683 preces
798 1615 1085 1680 mittentis,
1122 1625 1175 1668 tu
1214 1615 1496 1683 epistolam
1529 1617 1671 1669 hanc
1728 1624 2021 1670 retraetam

445 1704 772 1773 reportabis,
797 1721 958 1774 quant
985 1700 1336 1769 reliquiarqu
1361 1705 1478 1759 loco
1502 1705 1846 1773 recipiemus,
1864 1704 2019 1773 quasi

2130 495 2227 566 τὴν
2241 498 2655 570 ἀνταπόκρισιν·
2682 521 2700 553 ι
2731 496 2935 557 τούτων
2960 502 3133 568 οὕτως
3148 506 3468 577 λεχθέντων,
3493 511 3521 562 6
3551 512 3711 581 μέσος

2131 590 2488 656 ἀνακαθίσας,
2526 592 2622 662 τὴν
2655 594 2812 666 χεῖρά
2844 613 2903 648 τε
2936 597 3248 668 προτείνας,
3285 599 3385 671 τὴν
3422 601 3710 663 ἐπιστολὴν

2128 682 2267 752 πρὸς
2297 682 2486 737 ἑαυτὸν
2524 685 2873 740 ἐπεσπάσατο
2894 705 2908 718 '
2955 689 3049 741 καὶ
3097 690 3261 744 πάλιν
3287 692 3594 756 ἀνακλιθεὶς
3621 694 3710 747 ἀνα

2128 775 2427 845 απόκριτον
2466 777 2556 831 τὸν
2597 776 2770 849 ἄνδρα
2806 779 3128 834 κατέλιπεν·
3178 782 3254 845 ὡς
3281 783 3337 836 δὲ
3387 787 3568 838 πᾶσαν
3610 789 3706 855 τὴν

2130 866 2405 936 ἑϐδομάδα
2444 867 2713 922 δυσωπῶν
2754 868 2926 933 ἀ66ᾶς
2961 871 3062 925 ούκ
3108 870 3300 944 ἔτυχεν
3344 874 3709 945 ἀποκρίσεως,

2128 955 2265 1025 πρὸς
2291 957 2383 1009 τὸν
2408 957 2806 1013 ἀποστείλαντα
2828 959 3109 1029 ἄπρακτος
3131 962 3456 1032 ἐπανῆλθεν,
3483 964 3544 1018 τὸ
3573 982 3711 1034 συμ-

2129 1046 2230 1100 ϐὰν
2263 1047 2638 1119 διηγούμενος.
2722 1108 2723 1111 η

2199 1140 2260 1196 δ’.
2312 1141 2370 1194 '0
2399 1141 2456 1195 δὲ
2494 1142 2594 1213 τὴν
2630 1144 2812 1198 πίστιν
2844 1144 3217 1216 ἀπρόσκοπος,
3248 1148 3344 1202 καὶ
3377 1149 3583 1217 ἀγαθός
3613 1149 3712 1219 τὴν

2130 1231 2434 1301 συνείδησιν
2459 1232 2552 1285 τοῦ
2582 1232 2716 1286 Θεοῦ
2748 1235 3043 1306 ἀρχιερεὺς
3072 1236 3565 1306 προσφιλέστατος,
3606 1240 3712 1291 πά-

2129 1319 2212 1374 λιν
2238 1321 2500 1385 ὡσαύτως
2540 1323 2815 1393 ἐκπέμπει
2842 1325 3032 1379 τοῦτον
3073 1326 3166 1380 τὸν
3205 1326 3498 1399 θεάρεστον
3543 1329 3711 1399 ἄνδρα

2128 1412 2314 1481 εἰπὼν,
2336 1434 2353 1467 ι
2369 1415 2577 1480 Ἄπιθι,
2607 1418 2792 1488 φησὶν,
2819 1418 2919 1484 ἔτι,
2938 1420 3029 1474 καὶ
3043 1421 3261 1492 αττησαι
3280 1423 3406 1491 παρ’
3433 1423 3567 1492 ἐμοῦ
3587 1425 3710 1489 τοὺς

2127 1506 2340 1575 ἀγίους·
2372 1508 2469 1561 καὶ
2503 1511 2553 1562 εί
2597 1507 2671 1580 μὴ
2721 1509 2975 1577 δέξωνταί
3014 1529 3108 1567 σου
3162 1514 3263 1567 κᾶν
3303 1516 3397 1568 ἐπὶ
3446 1516 3535 1570 τοῦ
3568 1534 3710 1590 παρ-

2127 1596 2277 1660 όντος
2332 1596 2429 1669 τὴν
2483 1597 2687 1669 δέησιν,
2716 1599 2908 1656 ἔπειτά
2940 1619 3004 1670 γε
3064 1603 3162 1676 τὴν
3198 1606 3486 1678 ἐπιστολὴν
3513 1610 3712 1663 ἀναλα·

2130 1688 2239 1743 6ὼν
2266 1689 2590 1761 ἀποκόμιξε,
2624 1693 2713 1745 ἵνα
2750 1693 2878 1749 ἀντὶ
2909 1695 3183 1766 λειψάνων
3198 1698 3421 1770 ,ταύτην
3454 1701 3709 1769 εἰσδέξω-

448 1799 516 1848 ab
564 1796 694 1865 ipsis
730 1804 1005 1864 acceptam
1038 1804 1094 1849 et
1133 1794 1527 1851 sanctiﬁcatam
1575 1794 1790 1850 fuisset.
1820 1814 1839 1848 ι
1875 1794 2021 1850 Patri

2137 1799 2259 1853 μαι,
2288 1782 2365 1846 ὡς
2393 1782 2524 1856 παρ’
2546 1785 2726 1839 αὐτῶν
2759 1762 3043 1857 δεχθεῖσαν
3068 1789 3161 1843 καὶ
3192 1762 3292 1862 ῆδη
3322 1762 3705 1861 ἁγιασθεῖσανο

447 1889 593 1943 cedit
623 1889 810 1950 abi-as,
836 1890 926 1957 qui
961 1888 1059 1956 ipsi
1090 1903 1187 1941 ceu
1218 1887 1436 1943 Christo
1464 1899 1517 1942 et
1553 1888 1730 1944 verbis
1773 1898 1826 1943 et
1867 1887 2024 1944 t‘actis

447 1981 755 2046 obediebat,
812 1979 1253 2052 Bahylonemque
1311 1981 1547 2047 repetiit.
1585 1979 1770 2035 Denuo
1809 1991 2025 2035 sanctos

448 2073 780 2141 supplicibus
807 2074 944 2127 adiit
980 2073 1232 2141 precibus
1266 2091 1279 2127 :
1317 2092 1335 2125 ι
1364 2071 1408 2129 Ο
1433 2082 1541 2127 tres
1564 2072 1862 2127 beatissimi
1882 2087 2026 2126 mar-

444 2176 617 2236 tyres,
663 2166 757 2221 Dei
809 2166 1098 2235 episcopus
1139 2167 1318 2221 denuo
1368 2182 1452 2220 me
1489 2166 1716 2219 remittit
1754 2166 1820 2220 ad
1888 2180 2020 2228 vos;

442 2258 613 2314 nolite
647 2260 928 2327 despicere
959 2258 1269 2327 pontiﬁcem
1314 2258 1406 2326 qui
1437 2258 1588 2311 vobis
1617 2266 1825 2310 tantum
1848 2267 2021 2310 ettam

443 2348 766 2418 praeclarum
797 2348 1055 2418 templum
1087 2349 1342 2412 exstruit,
1397 2357 1451 2403 et
1498 2348 1587 2416 qui
1636 2356 1785 2400 tanto
1819 2346 1884 2400 ad
1931 2361 2025 2400 vos

442 2444 598 2497 ardet
654 2440 945 2497 desiderio.
997 2459 1015 2491 ι
1056 2439 1187 2495 Cum
1242 2441 1481 2494 secundo
1544 2437 1750 2492 nullum
1801 2452 2024 2505 respon-

445 2550 566 2590 sum
619 2536 812 2589 darent
864 2534 1062 2597 sancti,
1120 2534 1300 2588 divina
1382 2532 1613 2601 quadam
1668 2531 2024 2600 inspiratione

440 2633 755 2681 commotus
806 2623 976 2679 abbas
1025 2634 1084 2679 ut
1116 2624 1369 2678 mandata
1427 2622 1813 2692 archiepiscopi
1863 2623 2022 2690 perli-

446 2728 618 2781 ceret,
645 2732 865 2772 manum
923 2733 1077 2772 suam
1129 2726 1349 2786 pectore
1385 2715 1572 2786 injecit
1616 2726 1673 2769 ut
1724 2716 2021 2783 depositam

440 2810 720 2881 epistolam
789 2808 1030 2864 olIerret.
1114 2808 1262 2863 Hane
1343 2824 1502 2861 manu
1585 2800 1820 2874 suscepit
1889 2820 2019 2859 san-

442 2914 562 2958 ctus
595 2910 668 2968 et,
724 2901 851 2955 dum
909 2900 1209 2955 retraheret
1261 2899 1429 2955 abbas
1482 2898 1788 2968 epistolam,
1832 2897 2022 2952 subse-

443 3005 566 3049 cuta
597 3004 682 3049 est
741 3008 956 3058 manus,
989 3008 1150 3062 quam
1197 2992 1436 3061 piissime
1484 3004 1749 3043 venerans
1794 2998 1848 3042 et
1893 2989 2021 3043 deo-

2126 1872 2276 1936 εἵξας
2310 1872 2366 1926 δὲ
2408 1873 2486 1944 τῷ
2521 1875 2691 1946 πατρὶ
2718 1878 2746 1930 6
2782 1877 2883 1930 τοῦ
2921 1878 3160 1949 Χριστοῦ
3203 1881 3345 1935 κατά
3391 1882 3568 1936 πάντα
3613 1884 3710 1937 καὶ

2126 1964 2322 2034 πράξει
2353 1966 2448 2018 καὶ
2493 1965 2707 2037 θεωρία
2758 1968 3020 2039 ὑπήκοος,
3066 1970 3165 2040 τὴν
3208 1969 3499 2025 Βαϐυλῶνα
3545 1972 3709 2027 πάλιν

2127 2057 2473 2127 κατείληφεν·
2489 2058 2581 2111 καὶ
2606 2054 2764 2124 αὖθις
2786 2060 2913 2125 τοὺς
2943 2059 3131 2129 ἁγίους
3149 2062 3408 2116 ἱκετεύων
3430 2062 3615 2131 ἔλεγεν
3637 2078 3649 2090 ·
3679 2082 3699 2116 ι

2133 2170 2151 2202 ‹
2186 2150 2591 2223 Τρισμακάριοι
2635 2152 2933 2224 μάρτυρες,
2968 2154 2996 2206 6
3022 2156 3309 2225 ἀρχιερεὺς
3348 2156 3442 2209 τοῦ
3467 2156 3602 2210 Θεοῦ
3639 2175 3708 2227 με

2128 2244 2262 2314 πρὸς
2289 2246 2432 2315 ὑμᾶς
2461 2245 2625 2299 πάλιν
2659 2245 2825 2299 αίτῶν
2851 2244 3259 2310 ἐξαπέστειλεν
3304 2250 3381 2318 μὴ
3411 2245 3506 2302 οῦν
3543 2248 3706 2303 αὐτὸν

2126 2338 2431 2407 ἀτιμάσητε
2460 2337 2703 2391 τοιοῦτον
2741 2337 2872 2406 ὑμῖν
2903 2337 3029 2391 ναδν
3056 2338 3386 2409 δειμάμενον
3430 2340 3607 2411 μέγαν
3648 2357 3705 2394 τε

2125 2432 2220 2483 καὶ
2251 2429 2670 2501 ὑπέρλαμπρον,
2701 2429 2852 2498 πόθῳ
2884 2428 2962 2501 τῷ
3004 2431 3137 2501 πρὸς
3163 2431 3307 2500 ὑμᾶς
3336 2433 3669 2503 ἐναγόμενον
3689 2450 3703 2465 ο

2124 2524 2200 2585 ὡς
2233 2521 2289 2575 δὲ
2315 2522 2395 2576 ἔτι
2419 2522 2581 2575 αὑτὸν
2611 2523 2975 2592 ἀναπόκριτον
3010 2524 3136 2577 εἴων
3180 2525 3232 2576 οί
3263 2524 3431 2593 ἆγιοι,
3458 2525 3557 2595 τὴν
3587 2528 3705 2579 ἐπι-

2126 2614 2317 2686 στολὴν
2353 2617 2431 2679 εἰς
2475 2616 2650 2685 πέρας
2695 2618 2926 2684 ἀγαγεῖν
2965 2616 3058 2670 τοῦ
3098 2618 3420 2688 ἀρχιερέως,
3456 2617 3519 2671 ἔκ
3563 2636 3706 2684 τινος

2125 2707 2276 2772 θείας
2308 2708 2658 2779 παρωρμήθη
2691 2710 2993 2780 κινήσεως’
3029 2709 3123 2763 καὶ
3154 2709 3230 2779 τῷ
3262 2708 3448 2780 στήθει
3472 2708 3569 2781 τὴν
3596 2711 3707 2779 χεῖ·

2129 2819 2195 2870 ρα
2218 2801 2393 2872 βαλὼν
2417 2802 2554 2872 (ἐκεῖ
2590 2802 2698 2873 γὰρ
2719 2799 2864 2872 εἶχεν
2887 2803 2985 2874 τὴν
3018 2802 3357 2872 ἐπιστολὴν),
3394 2806 3537 2874 χειρὶ
3570 2818 3706 2856 κατ-

2122 2894 2259 2963 έχων
2288 2892 2317 2945 6
2358 2893 2534 2961 ἅγιος,
2576 2894 2781 2963 ταύτης
2818 2895 3119 2964 λαϐόμενος
3162 2888 3314 2948 εἷλκε
3372 2894 3507 2958 πρὸς
3539 2894 3707 2947 αὑτὸν

2124 2986 2363 3051 εὐσεϐῶς
2399 2988 2427 3039 6
2467 2987 2768 3056 μακάριος·
2822 2988 3106 3041 συνείπετο
3145 2986 3200 3041 δὲ
3247 2989 3280 3059 ή
3316 2987 3556 3054 παναγία
3585 2989 3706 3058 χεὶρ

441 3086 719 3151 scultans,
767 3084 1187 3140 eeutbesaurum
1249 3083 1676 3137 itterlimabilcm
1720 3083 1774 3135 in
1834 3081 2021 3135 urbem

2128 3080 2430 3150 κατέχουσα
2458 3080 2558 3152 τὴν
2588 3079 2900 3149 ἐπιστολὴν,
2929 3081 2997 3152 ἢν
3037 3079 3351 3150 σεϐασμίως
3396 3078 3703 3147 ἀγκαλισά-

441 3178 829 3232 Alexandriam
887 3177 1088 3232 retulit.
1149 3176 1315 3246 Igitur
1373 3178 1513 3231 Deus
1563 3191 1669 3229 nun
1743 3173 2025 3229 confundit

442 3284 594 3339 spem
629 3267 771 3324 illius
797 3268 886 3337 qui
906 3277 1093 3323 sancta
1136 3270 1388 3323 mandata
1414 3267 1821 3336 adimpleverat.

510 3444 568 3501 δ.
594 3444 766 3512 Quam
792 3447 1337 3517 suscipiensmagnus
1356 3446 1443 3500 ille
1460 3445 1703 3515 pontifex
1732 3445 2021 3510 Altissimi,

443 3539 665 3608 gavisus
683 3547 846 3594 estet
873 3538 1240 3595 exsultatione
1263 3554 1360 3592 sua
1396 3549 1647 3608 nepotem
1704 3538 1917 3593 induxit
1965 3547 2025 3592 ut

441 3633 751 3698 Spiritnales
821 3633 1038 3704 nuptias
1093 3633 1272 3687 iniret.
1358 3632 1559 3687 ludicta
1635 3630 1829 3702 populo
1888 3640 2023 3685 tem-

446 3726 519 3794 pli
590 3726 1028 3789 consecratione,
1098 3725 1278 3779 divina
1358 3723 1656 3779 inebriatus
1719 3724 1897 3777 laetitia
1971 3734 2026 3778 et

444 3826 560 3871 tot)
598 3818 841 3885 stipatus
895 3816 1223 3872 clericorum
1277 3825 1443 3881 cestu,
1503 3815 1795 3884 pretiosam
1854 3822 2025 3868 etve-

426 3907 742 3962 ‘nerabilem
768 3902 1010 3969 manum,
1060 3906 1238 3961 adhuc
1266 3908 1535 3975 receptam
1574 3906 2021 3975 complectentem

441 4001 751 4067 epistolam,
810 4000 1062 4068 piissime
1122 3996 1728 4068 deposuit,Ecclesiam
1781 3995 2024 4052 sanctiﬁ-

443 4092 612 4156 cavit,
675 4092 857 4162 ncpoti
913 4104 1105 4145 manus
1179 4089 1451 4158 imposuit,
1512 4089 1747 4144 dicens:
1802 4107 1821 4140 ι
1886 4088 2024 4143 Ecce

441 4200 638 4254 sponsa
673 4191 786 4247 tua,
839 4180 1134 4236 Ecclesiam
1183 4181 1475 4236 iudicans:
1536 4181 1602 4235 de
1650 4179 1736 4233 illa
1784 4178 2018 4244 curabis,

445 4277 522 4329 uti
579 4278 754 4328 decet.
804 4291 822 4324 ι
888 4271 1007 4338 Quo
1069 4272 1210 4325 facto
1256 4272 1484 4325 tuultum
1519 4272 1570 4324 iu
1612 4273 1813 4325 virtute
1851 4272 2025 4341 prole-

443 4379 590 4423 ctum
616 4365 1013 4437 trilmitjuveui
1048 4375 1102 4418 et
1126 4380 1373 4433 magnam
1405 4364 1655 4419 lidueiatn
1706 4364 1760 4417 in
1812 4364 2018 4420 Deum:

2132 3188 2314 3241 μενος,
2342 3172 2440 3225 σὺν
2470 3171 2606 3242 τῷδε
2636 3170 2715 3241 τῷ
2749 3170 2954 3241 ἀθίκτῳ
2985 3172 3079 3225 καὶ
3113 3170 3471 3240 προσκυνητῷ
3505 3169 3708 3239 θησαυ-

2133 3263 2209 3335 ρῷ
2235 3262 2331 3335 τὴν
2354 3263 2507 3317 πόλιν
2529 3261 2854 3327 κατέλαϐεν,
2883 3262 3031 3332 ἔργῳ
3055 3261 3150 3317 τοῦ
3182 3250 3437 3334 πανιέρου
3464 3259 3706 3331 προστά-

2129 3371 2339 3426 γματος
2363 3355 2460 3426 τὴν
2486 3354 2620 3428 πρὸς
2642 3354 2774 3408 Θεὸν
2798 3354 2990 3409 ἐλπίδα
3011 3354 3226 3417 δεικνὺς
3255 3353 3705 3424 ἀκαταίσχυντον.

2200 3454 2262 3503 ε’.
2306 3448 2409 3500 Ἢν
2449 3447 2743 3518 δεξάμενος
2774 3449 2802 3500 6
2850 3446 3025 3523 μέγας
3072 3448 3365 3518 ἀρχιερεὺς
3404 3445 3498 3498 τοῦ
3547 3443 3703 3504 Θεοῦ,

2129 3537 2337 3610 χαίρων
2375 3538 2511 3608 ὁμοῦ
2546 3538 2640 3592 καὶ
2676 3538 3046 3608 ἀγαλλόμενος
3092 3538 3185 3592 τὸν
3227 3536 3542 3606 ἀδελφιδοῦν
3574 3536 3707 3606 πρὸς

2130 3631 2451 3702 ἐτοιμασίαν
2491 3629 2586 3683 τοῦ
2620 3631 2799 3700 γάμου
2834 3628 3223 3700 παρώτρυνεν·
3263 3627 3507 3699 κηρύξας
3539 3629 3596 3680 δὲ
3634 3628 3711 3697 τῷ

2129 3722 2244 3793 λαῷ
2266 3721 2360 3775 τοῦ
2389 3720 2517 3775 ναοῦ
2544 3723 2614 3774 τὰ
2647 3720 2916 3789 ἐγκαίνια,
2944 3721 3091 3791 χαρᾷ
3114 3718 3232 3791 θείᾳ
3254 3718 3708 3789 ἐναϐρυνόμενος,

2130 3814 2225 3867 καὶ
2251 3815 2318 3883 τῇ
2347 3811 2473 3882 ἑξῆς
2517 3813 2612 3866 σὺν
2639 3812 2744 3882 ὅλῳ
2776 3811 2964 3883 κλήρῳ
2996 3811 3460 3883 παραγενόμενος,
3504 3810 3566 3866 ἐν
3590 3826 3707 3862 ;πο-

2131 3899 2243 3964 θεὶς
2272 3900 2368 3970 τὴν
2395 3900 2584 3971 τιμίαν
2612 3901 2705 3954 καὶ
2738 3900 2943 3971 σεπτὴν
2982 3900 3200 3971 ἐκείνην
3230 3904 3386 3973 χεῖρα
3423 3900 3515 3954 τοῦ
3549 3902 3706 3970 ἁγίου

2131 3994 2249 4065 ἅμα
2291 3997 2355 4065 τῇ
2385 3994 2727 4067 κατεχομένῃ
2754 3994 2882 4064 παρ’
2914 3993 3086 4063 αὐτῆς
3125 3992 3397 4066 δεκτ[ικ]ῇ
3424 3994 3708 4065 ἐπιστολῇ,

2128 4086 2204 4149 ὡς
2234 4086 2353 4140 δέον
2379 4082 2467 4157 ἦν,
2516 4085 2756 4149 εὐσεϐῶς
2787 4086 3093 4156 ἐντεθῆναι,
3127 4085 3224 4139 καὶ
3246 4087 3345 4157 τὴν
3386 4085 3710 4156 Ἐκκλησίαν

2134 4178 2390 4246 ἁγιάσας,
2431 4176 2520 4229 τὸν
2544 4175 2877 4253 ,ἀδελφιδοῦν
2914 4177 3338 4247 ἐχειροτόνησεν,
3378 4176 3546 4231 εἰπὼν
3574 4177 3708 4246 πρὸς

2130 4270 2292 4323 αὐτόν
2311 4287 2325 4301 ·
2360 4289 2378 4321 ι
2396 4270 2530 4323 Ἰδοὺ
2559 4270 2592 4341 ἡ
2619 4270 2753 4340 γυνή
2781 4286 2897 4334 σου,
2915 4268 3013 4340 τὴν
3047 4268 3372 4340 Ἐκκλησίαν
3387 4268 3583 4336 λέγων,
3615 4270 3710 4323 καὶ

2132 4360 2383 4433 φρόντιζε
2401 4361 2593 4430 αὐτῆς,
2621 4361 2696 4424 ὼς
2716 4361 2925 4432 πρέπον
2957 4361 3104 4414 ἐστίν
3124 4377 3166 4411 ἰ
3196 4360 3386 4414 τούτου
3415 4360 3709 4429 γενομένου

446 4459 843 4514 iudesiuentem
900 4456 1051 4511 illum
1076 4454 1305 4524 perfecit
1341 4456 1608 4509 castitatis
1646 4460 1943 4508 amatorem
1971 4465 2024 4510 et

2129 4453 2330 4524 πολλὴν
2362 4454 2603 4523 παρέσχε
2644 4452 2721 4524 τῷ
2748 4453 2852 4525 νέῳ
2883 4452 2982 4524 τὴν
3015 4454 3094 4518 είς
3125 4454 3258 4507 Θεὸν
3298 4453 3581 4524 προκοπὴν
3613 4454 3711 4507 καὶ

443 4555 747 4607 divinarum
778 4552 1040 4606 virtutum
1071 4561 1411 4620 Operatorem
1445 4551 1865 4606 demonsuavit:
1890 4564 2028 4605 sem-

446 4659 544 4714 per
594 4646 739 4699 euim
773 4643 994 4698 verendi
1033 4643 1272 4718 episcopi
1323 4644 1578 4697 mandata
1631 4648 1918 4697 exsecutus
1944 4652 2028 4697 est

443 4751 681 4806 Juveuts.

518 4926 573 4981 6.
605 4925 862 4992 Medicus,
890 4933 947 4978 ut
977 4938 1076 4994 per
1114 4923 1558 4994 anticipationem
1589 4921 1749 4993 paulo
1779 4920 2027 4993 superius

439 5019 552 5087 jam
606 5017 908 5082 innuimus,
930 5026 1046 5070 erat
1067 5013 1261 5085 Cyrus.
1296 5014 1482 5069 Artem
1514 5028 1616 5068 non
1653 5013 1829 5083 quoad
1870 5018 2026 5066 men-'-

450 5122 557 5166 tem
596 5111 690 5166 sed
732 5108 911 5180 quoad
960 5106 1189 5161 formam
1229 5107 1555 5172 exercebat;
1591 5121 1693 5160 non
1725 5106 1868 5160 enim
1913 5104 2025 5160 sola

452 5203 815 5257 laborantium
846 5214 1072 5269 corpora
1118 5199 1362 5263 sanabat,
1399 5199 1491 5251 sed
1520 5211 1640 5268 quze
1688 5197 1863 5268 digna}
1906 5195 2027 5252 fue-

451 5305 572 5347 rant
602 5291 815 5349 animm.
840 5290 937 5343 bas
965 5305 994 5343 e
1018 5288 1208 5343 morbo
1236 5288 1566 5343 inﬁdelitatis
1595 5287 1815 5354 eduxit;
1854 5302 2027 5358 ωδε-οε

444 5401 576 5439 Varo
611 5383 848 5438 invisens
880 5399 983 5436 nun
1033 5382 1220 5437 Caleni
1255 5391 1347 5434 aut
1408 5381 1751 5450 Hippocratis
1781 5397 1844 5437 ac
1903 5382 2026 5437 aliis

445 5474 686 5543 ejusdem
747 5474 964 5543 generis
1018 5472 1409 5541 scriptiouibns
1463 5472 1892 5539 consolabatur;
1931 5474 2033 5537 sed,

448 5567 627 5619 Verbis
650 5567 1058 5637 prophetarum,
1081 5564 1449 5634 apostolorum
1481 5573 1536 5618 et
1570 5564 2024 5633 evangelistarum

451 5659 516 5710 ad
548 5658 711 5711 robur
737 5669 788 5711 ct
823 5661 984 5713 \‘iluttt
1012 5659 1282 5729 perduxit,
1326 5658 1374 5712 in
1424 5674 1638 5727 gregem
1677 5658 1879 5712 Christi
1931 5674 2025 5714 att-

452 5750 758 5802 nutneravit
784 5759 834 5803 et
873 5752 1021 5821 τοιζυί
1066 5749 1302 5805 tmlcstis
1338 5750 1630 5819 participes
1666 5750 1863 5805 cll'ccit.

2128 4545 2345 4599 ἐλπίδα·
2376 4544 2568 4615 ἀμέλει
2597 4545 2888 4616 τοιγαροῦν
2909 4545 3001 4598 καὶ
3026 4546 3250 4612 ἁγνείας
3282 4544 3518 4616 ἐραστὴν
3545 4545 3711 4599 αὐτὸν

2128 4640 2527 4712 ἀπειργάσατο,
2562 4642 2657 4691 καί
2680 4638 2839 4691 θείων
2863 4637 3077 4708 ἀρετῶν
3107 4637 3347 4709 ἐργάτην
3384 4637 3671 4703 ἀπέδειξεν
3692 4653 3705 4667 ·

2128 4734 2223 4789 καὶ
2260 4734 2472 4804 θέλημα
2514 4732 2606 4786 τοῦ
2649 4732 2990 4803 φοϐουμένου
3037 4730 3200 4785 αὐτὸν
3241 4731 3544 4804 ἀρχιερέως
3595 4733 3712 4785 είσ⁶

2129 4826 2369 4889 ἀκούσας
2390 4826 2669 4897 ἐποίησεν.

2201 4926 2274 4985 ς’.
2320 4919 2523 4991 Ἰατρὸς
2550 4914 2755 4984 οὖν,ὼς
2773 4917 3013 4992 εἴρηται,
3033 4919 3337 4991 τυγχάνων,
3359 4919 3434 4983 ὡς
3463 4918 3707 4989 φθάσαν-

2127 5027 2216 5075 τες
2249 5008 2434 5082 μικρῷ
2456 5008 2693 5081 πρόσθεν
2733 5009 2967 5079 ἔφημεν,
3015 5011 3043 5064 ό
3091 5010 3246 5080 ἀγιος
3293 5010 3577 5079 κοσμικῶς
3608 5011 3710 5080 μὲν

2126 5103 2191 5156 τὸ
2220 5104 2426 5174 σχῆμα,
2462 5101 2579 5155 ἀλλ’
2608 5102 2670 5155 οὗ
2693 5101 2791 5172 τὴν
2818 5101 3071 5173 γνώμην,
3106 5103 3204 5167 τὰς
3242 5103 3483 5174 ἰατρείας
3523 5103 3712 5158 ποιού-

2133 5212 2314 5267 μενος,
2351 5195 2414 5248 ού
2457 5192 2686 5266 σώματα
2734 5195 2874 5266 μόνα
2919 5194 3029 5247 τῶν
3082 5195 3401 5263 καμνόντων
3433 5197 3708 5267 ἰάτρευεν,

2128 5288 2263 5342 ἀλλά
2286 5289 2381 5341 καὶ
2407 5286 2586 5358 ψυχὰς
2606 5287 2764 5353 ἀξίας
2794 5289 2853 5353 ἐξ
2891 5280 2966 5340 ὧν
3010 5287 3332 5356 νοσημάτων
3369 5285 3709 5355 κατείχοντο,

2130 5380 2220 5434 καὶ
2253 5379 2525 5449 ἐξήγαγεν
2565 5379 2673 5431 τῶν
2724 5377 3026 5448 ἀλλοτρίων
3045 5377 3150 5448 τῆς
3199 5376 3459 5442 πίστεως,
3501 5378 3602 5430 οὐκ
3646 5380 3713 5432 ἐκ

2126 5471 2233 5526 τῶν
2292 5470 2534 5541 Γαληνοῦ
2575 5471 2670 5524 καὶ
2723 5470 3118 5540 Ἱπποκράτους
3167 5471 3264 5524 καὶ
3328 5468 3437 5524 τῶν
3491 5467 3699 5538 ὁμοίων

2129 5563 2312 5624 αὐτοῖς
2339 5561 2675 5633 συγγραφῶν
2702 5562 2832 5623 τοὺς
2865 5560 3191 5632 ἀρρώστους
3220 5562 3279 5614 ἐν
3319 5562 3437 5623 ταῖς
3483 5560 3714 5612 ἐπισκέ-

2126 5654 2251 5724 ψεσι
2287 5651 2800 5723 παραμυθούμενος,
2831 5652 2966 5705 ἀλλά
2998 5650 3355 5723 προφητικῶν
3384 5649 3584 5711 αὐτοὺς
3611 5651 3712 5704 καὶ

2128 5744 2499 5801 ἁποττολικῶγ
2531 5763 2590 5800 τε
2783 5746 2875 5799 καὶ
2909 5743 3284 5815 εύαγγελικῶν
3326 5743 3713 5815 παραινέσεων
