4036 6236
368 297 502 362 368i

1507 303 1605 363 DE
1645 303 1749 364 SS.
1790 302 1981 362 CYRO
2016 304 2109 364 ET
2150 301 2463 364 JOANNE.

3478 302 3622 369 3639

368 421 503 483 πρὸς
531 414 627 484 τὴν
655 413 825 478 ὅντως
877 413 1043 484 ρὦιν
1088 414 1183 469 καὶ
1227 413 1373 485 ζωὴν
1419 414 1803 483 ἐφελκόμενος,
1845 414 1934 466 καὶ
1974 413 2076 484 τῆς
2107 412 2342 484 Χριστοῦ
2365 412 2459 465 τοῦ
2499 410 2632 465 Θεοῦ
2668 411 2903 483 ποίμνης
2971 412 3340 485 συναρίθμους
3414 415 3605 469 ποιούη

370 525 551 578 μενος,
594 508 815 578 καὶτῆς
838 507 946 561 τῶν
969 507 1218 578 οὐρανῶν
1262 506 1536 578 βασιλείας
1569 509 1937 579 κληρονόμους
1978 504 2451 576 ἀναδεικνύμενος.

438 605 504 668 ζ’.
534 602 739 657 Τοῦτον
773 602 901 657 ίδὼν
936 605 965 658 ό
1002 603 1296 674 μισόκαλος
1338 604 1548 674 δαίμων
1604 604 1836 666 πολλοὺς
1866 602 1940 672 τῷ

2116 600 2168 654 7.
2207 599 2361 655 llunc
2391 615 2513 655 cum
2569 599 2768 655 multos
2801 600 2867 655 ad
2921 600 3198 657 Christum
3222 599 3625 659 'conducentem

366 692 592 766 Χριστῷ
639 693 1007 764 προσάγοντα,
1054 693 1133 765 τῷ
1205 694 1308 764 τῆς
1357 693 1568 757 πόλεως
1612 695 1835 764 ἄρχοντι
1875 693 1942 747 δι’

369 783 674 855 ἀνθρώπων
729 781 984 854 πονηρῶν
1006 783 1407 852 κατεμήνυσεν,
1427 782 1503 846 ὡς
1552 782 1832 844 Γαλιλαῖός
1859 798 1943 844 τις

371 875 556 949 ἰατρὸς
611 873 711 947 τὴν
762 875 1104 946 ἐπιστήμην,
1155 868 1377 930 ἅπαντα
1432 873 1632 946 μικροῦ
1677 863 1789 925 δέῖν
1838 873 1941 943 τῆς

370 967 581 1032 πόλεως
603 966 696 1020 τὸν
738 966 867 1020 λαδν
897 967 1305 1039 ἀπεπλάνησεν,
1360 966 1454 1022 καὶ
1505 967 1603 1035 τῆς
1639 966 1749 1020 τῶν
1798 965 1939 1018 θεῶν

365 1058 680 1129 ἀπέστησεν
709 1061 1170 1131 προσκυνήσεως·
1210 1060 1305 1113 κα)⁸
1356 1058 1414 1115 ὅν
1457 1059 1702 1113 Ἰουδαῖοι
1742 1057 1942 1111 ἐσταύ-

369 1168 550 1222 ρωσαν
590 1149 921 1218 Ἰησοῢν,ὼς
962 1150 1096 1204 Θεὸν
1134 1150 1551 1221 παρεσκεύασεν
1595 1149 1799 1209 σέϐειν,
1848 1150 1943 1201 καὶ

363 1242 463 1314 τὴν
493 1241 753 1313 πατρῴαν
800 1242 960 1312 ἡμῶν
987 1241 1302 1311 ἐξαφανίζει
1351 1241 1651 1312 θρησκείαν
1677 1258 1691 1271 ·
1728 1238 1941 1303 τούτοις

368 1332 684 1397 ὑπτιασθεὶς
722 1332 750 1385 ὀ
781 1331 1011 1395 δείλαιος
1042 1333 1137 1385 καί⁵
1175 1331 1480 1397 ὑπερζέσας
1506 1329 1719 1400 ἀνιαρῷ
1751 1328 1935 1399 θυμῷ,

370 1418 700 1489 συσχεθῆναι
731 1418 822 1473 τὸν
853 1421 1009 1488 ἀγιον
1034 1421 1096 1473 τὸ
1137 1420 1303 1491 τάχος
1358 1418 1696 1490 προσέταξεν
1724 1436 1737 1449 ·
1785 1418 1944 1472 τοῦτο

371 1510 559 1581 μαθὼν
605 1512 635 1564 ό
670 1512 958 1582 μακάριος,
1006 1513 1100 1567 sui.
1148 1512 1286 1583 πρὸς
1336 1510 1593 1583 Ἀραϐίαν
1637 1513 1737 1581 τὴν
1776 1510 1945 1579 Αίγύ-

368 1616 505 1653 πτου
537 1599 778 1671 πάραλον
800 1599 1041 1673 ἔρχεται,
1066 1602 1162 1657 καὶ
1180 1601 1404 1672 Τξὼτην
1430 1600 1574 1655 οὓτω
1603 1602 1946 1672 καλουμένην

369 1691 556 1763 ᾤκησε
589 1692 783 1766 κώμην
805 1708 819 1724 ⁸
846 1696 915 1766 τῇ
944 1694 1000 1748 δὲ
1030 1694 1242 1765 οἰκήσει
1275 1694 1367 1748 καὶ
1396 1695 1459 1747 τὸ
1504 1697 1690 1764 σχῆμα
1744 1696 1946 1765 μετήλ-

371 1785 561 1849 λαξεν·
595 1785 695 1857 τὴν
728 1786 838 1858 γὰρ
862 1786 1108 1858 κεφαλὴν
1146 1786 1528 1858 ξυρισάμενος,
1560 1787 1620 1840 τὸ
1669 1787 1852 1856 σχῆμα
1885 1788 1947 1839 τὸ

2048 693 2251 747 videret
2293 692 2695 748 inl'ensissimus
2783 693 3016 754 dtemon,
3073 693 3224 749 urbis
3267 695 3486 765 praesidi
3532 711 3629 766 per

2045 783 2324 855 improbos
2377 784 2627 839 homines
2690 783 2966 839 iudicavit.
3027 783 3301 851 Galilarus,
3352 788 3624 850 dicebant.

2047 877 2267 946 quidam
2309 875 2573 934 medicus.
2613 874 2839 930 scientia
2893 891 2988 930 sua
3040 885 3212 931 totum
3248 876 3489 933 civitatis
3528 894 3625 949 po.

2047 968 2227 1037 pulum
2259 968 2535 1022 erroribus
2580 966 2779 1021 irretiit
2812 977 2866 1021 et
2925 981 2954 1021 a
3040 966 3262 1023 deorum
3312 969 3626 1024 adoratione

2048 1060 2277 1123 avertit;
2314 1071 2475 1128 quem
2519 1057 2688 1113 Judaei
2724 1059 3117 1113 cruciﬁxerunt
3150 1058 3358 1126 Jesum,
3402 1061 3542 1115 hunc
3571 1062 3622 1113 in

2050 1147 2221 1202 Deum
2249 1148 2534 1202 colendum
2566 1148 2780 1202 nuntiat
2818 1160 2872 1202 et
2908 1149 3115 1217 patrios
3140 1148 3272 1205 deos
3303 1150 3367 1204 ad
3393 1150 3623 1205 nihilum

2048 1240 2260 1309 redigit.
2322 1239 2416 1293 llis
2457 1241 2726 1295 excitatus
2809 1250 2867 1294 et
2911 1241 3094 1295 hostili
3143 1240 3361 1297 fervens
3420 1243 3622 1309 animo,

2045 1347 2206 1401 quam
2259 1331 2530 1387 citissime
2589 1332 3078 1398 coustriugendum
3145 1344 3393 1388 sanctum
3463 1331 3626 1401 jussit

2046 1438 2270 1495 prwses;
2304 1426 2478 1496 Cyrus
2529 1438 2729 1492 autem,
2785 1440 2842 1481 re
2889 1426 3094 1489 audita,
3150 1426 3202 1480 in
3253 1426 3509 1481 Arabiam
3559 1427 3624 1480 ad

2048 1534 2202 1572 mare
2223 1517 2601 1587 Egyptiacum
2641 1517 2902 1588 confugit,
2932 1528 2988 1574 et
3053 1520 3131 1574 sic
3188 1520 3625 1588 cognominatum

2048 1609 2222 1663 vicum
2269 1610 2469 1663 Tzoten
2497 1609 2841 1665 iubahitavit.
2867 1610 3213 1665 Hahitatione
3238 1618 3466 1674 mutata,
3514 1626 3630 1664 mn-
3694 1592 3711 1607 Ν

2049 1703 2179 1755 tavit
2198 1717 2411 1771 quoque
2430 1701 2672 1755 habitum
2694 1712 2882 1771 :caput
2902 1702 3130 1757 totondit
3157 1712 3212 1756 et
3239 1703 3625 1757 monachorum

2048 1794 2371 1848 vestimenta
2406 1793 2624 1858 induit;
2656 1807 2683 1845 a
2717 1804 2931 1847 terrena
2966 1804 3020 1847 et
3048 1795 3389 1861 corruptibili
3415 1793 3625 1847 vivemli

372 1878 667 1947 μοναχικδν
706 1877 1091 1948 ἀμφιέννυται,
1148 1879 1244 1933 καὶ
1295 1878 1396 1950 τὴν
1441 1878 1785 1949 χαμαίζηλον
1847 1878 1943 1931 καὶ

2056 1886 2270 1941 ratione
2303 1885 2573 1940 assurrexit
2604 1886 2667 1938 ad
2704 1885 2955 1940 sublimia
2991 1903 3006 1940 :
3040 1886 3223 1939 verbis
3252 1893 3306 1939 et
3328 1885 3483 1940 factis
3521 1899 3630 1940 cm-

369 1969 618 2043 φθαρτὴν
652 1969 976 2041 ὑπερκύψας
998 1969 1203 2041 βιοτὴν,
1236 1970 1331 2024 καὶ
1365 1969 1503 2040 πρὸς
1557 1968 1629 2022 τά
1686 1969 1940 2040 μετέωρα

2054 1975 2163 2030 lum
2193 1976 2460 2045 sapiebat,
2491 1985 2546 2031 et
2573 1991 2676 2030 non
2696 1975 2930 2045 amplius
2959 1977 3127 2031 variis
3161 1975 3384 2031 mede-lis
3422 1987 3476 2031 et
3504 1976 3629 2031 her-

370 2061 731 2132 διαϐεϐηκὼς,
791 2061 1094 2133 ὑπέρτερος
1166 2059 1418 2114 ἐντεῦθεν
1476 2060 1675 2130 πράξει
1734 2077 1795 2113 τε
1849 2060 1943 2114 καὶ

2057 2065 2243 2120 barum
2298 2064 2628 2134 adiumentis
2680 2079 2968 2134 corporum
3034 2066 3261 2119 sanabat
3320 2065 3626 2135 Ltugttort‘s,

254 2154 259 2157 ’
366 2155 573 2228 θεωρίᾳ
608 2155 854 2225 γέγονεν,
915 2153 1110 2227 μηκέτι
1165 2153 1264 2217 τὰς
1318 2154 1507 2216 νόσους
1566 2154 1631 2206 ἐκ
1681 2152 1943 2206 ποικίλων

2052 2156 2146 2212 sed
2172 2158 2286 2211 sola
2320 2155 2571 2210 oratione
2599 2155 2823 2223 solaque
2843 2157 3058 2223 pietatis
3088 2157 3334 2210 doctrina
3378 2156 3446 2211 ab
3494 2155 3630 2210 infe-

2049 2246 2302 2304 stissimis
2331 2246 2610 2304 doloribus
2633 2246 2847 2299 animas
2870 2254 2924 2299 et
2958 2261 3183 2316 corpora
3212 2246 3481 2301 liberavit.

369 2361 553 2414 μασιν,
587 2341 724 2397 ἀλλά
746 2342 878 2414 εὐχῇ
909 2341 1046 2415 μόνῃ
1085 2339 1181 2396 καὶ
1215 2341 1538 2414 διδασκαλία
1572 2342 1785 2396 εὐσεϐεῖ
1807 2341 1915 2395 τῶν
1953 2342 2191 2415 ἀνιαρῶν
2216 2341 2443 2398 καὶτῶν
2466 2342 2702 2395 ἀνιάτων
2720 2340 3028 2411 ἀλγηδόνων
3069 2340 3166 2406 τάς
3215 2340 3393 2412 ψυχάς
3457 2340 3601 2413 ἀπή).

368 2435 560 2492 λαττεν
592 2435 688 2490 καὶ
718 2433 792 2489 τὰ
829 2432 1081 2505 σώματα.
2169 2444 2175 2450 ’

436 2534 507 2597 η’.
539 2529 672 2581 Τότε
714 2522 1096 2596 Διοκλητιανοῦ
1124 2523 1194 2579 τὰ
1242 2523 1528 2595 Ῥωμαίων
1586 2523 1843 2594 σκῆπτρα
1865 2522 1946 2575 δι-

369 2611 594 2677 έποντος
626 2612 924 2679 δυσσεϐῶς,
950 2614 1044 2667 καὶ
1075 2611 1254 2683 πάντη
1291 2611 1531 2683 διωγμὸν
1561 2615 1681 2676 ταῖς
1713 2611 1945 2682 Ἐκκλη-

367 2705 511 2767 σίαις
551 2703 887 2774 ἐγείραντος,
945 2700 1137 2773 μαθὼν
1199 2701 1456 2773 Ἰωάννης
1518 2701 1824 2773 (αἰδέσιμος
1886 2702 1943 2755 δὲ

2050 2702 2406 2756 suscitaverat
2469 2700 2921 2769 persecutionem.
2960 2696 3085 2752 Hzcc
3125 2699 3216 2752 ubi
3256 2697 3403 2750 audit
3458 2694 3617 2751 Joan-

366 2780 523 2856 οὗτος
551 2792 608 2856 ὃς
649 2794 741 2846 καὶ
775 2793 916 2847 κατά
968 2792 1149 2864 σάρκα
1195 2793 1260 2847 ἐκ
1288 2792 1481 2861 γένους
1528 2791 1943 2862 ὑπεροχὼτατος

2050 2809 2138 2849 nes
2163 2792 2584 2857 illustrissimus,
2612 2806 2807 2860 genere
2834 2789 3047 2855 nobilis,
3079 2788 3201 2844 ﬁdei
3231 2790 3366 2843 civis
3394 2788 3629 2842 nuntium

367 2885 684 2956 ἐτύγχανεν,
720 2883 875 2939 οὔπω
909 2884 1006 2955 μὲν
1043 2884 1268 2955 πολίτης
1320 2883 1354 2954 ἦ
1382 2885 1484 2953 τῆς
1509 2883 1743 2947 πίστεως
1770 2884 1941 2948 ἐγνω-

2050 2884 2420 2948 denuntiatus,
2457 2889 2541 2937 ast
2579 2896 2636 2936 re
2677 2879 2895 2935 militari
2943 2879 3439 2950 praestantissimus,
3476 2875 3633 2932 Jeru-

373 2974 571 3044 ρίζετο,
597 2978 662 3045 τῇ
691 2973 749 3027 δὲ
777 2976 1151 3044 στρατιωτικῇ,
1167 2972 1296 3044 ἀξίᾳ
1318 2971 1673 3042 διαπρέψας),
1699 2972 1943 3043 τάἹερο-

2050 2978 2216 3031 salem
2240 2976 2410 3046 petiit,
2448 2985 2505 3028 ut
2536 2973 2889 3043 gratissimas
2924 2971 3030 3025 Deo
3061 2985 3249 3040 preces
3277 2968 3627 3039 persolveret.

370 3067 579 3137 σόλυμα
604 3065 1042 3135 κατελάμϐανεν,
1083 3066 1179 3118 καὶ
1202 3064 1301 3135 τὴν
1335 3064 1501 3134 εὐχὴν
1535 3063 1612 3134 τῷ
1655 3063 1776 3135 Θεῷ
1809 3066 1943 3119 ἀπο-

2051 3068 2691 3138 VeneratiuABgyptum,
2736 3080 2843 3134 quo
2892 3063 3036 3117 illum
3074 3063 3216 3117 fama
3265 3065 3330 3116 ad
3382 3071 3628 3116 sanctum

365 3159 490 3223 δοὺς
556 3158 655 3229 τὴν
709 3157 1041 3228 εὐάρεστον,
1092 3158 1173 3219 είς
1230 3157 1504 3227 Αἴγυπτον
1547 3155 1785 3227 ἔρχεται,
1847 3157 1943 3227 τῆς

2053 3161 2253 3234 Cyrum
2291 3161 2695 3229 perduxerat'el
2727 3155 2869 3210 inter
2892 3169 3028 3224 quos
3054 3154 3365 3208 communis
3398 3151 3498 3205 fuit
3539 3151 3632 3203 ha-

368 3249 560 3320 φήμης
585 3247 749 3301 αὑτδν
778 3245 914 3317 πρὸς
963 3243 1142 3316 Κῦρον
1190 3243 1455 3314 ἑλκούσης
1486 3244 1575 3298 τὸν
1617 3244 1793 3313 ἅγιον,
1852 3245 1943 3299 καὶ

2057 3254 2273 3309 bitatio.
2301 3248 2359 3303 In
2378 3252 2577 3303 virtute
2607 3248 2835 3301 multum
2862 3247 3111 3313 profecit,
3133 3246 3260 3300 dum
3317 3243 3634 3297 sanationos

367 3338 444 3402 ὼς
503 3336 787 3408 ὁμοπίστῳ
821 3335 919 3406 ’τῷ
967 3334 1224 3405 μακαρίῳ
1268 3331 1616 3405 συνῴκησενο
1658 3336 1753 3388 καὶ
1806 3333 1943 3406 πρὸς

2051 3360 2080 3398 a
2112 3345 2254 3415 Cyro
2287 3341 2496 3397 videret
2533 3339 2825 3411 perfectas.
2863 3338 3034 3407 Magis
3083 3352 3214 3390 vero
3270 3335 3634 3390 invalescente

366 3428 591 3501 ἀρετὴν,
623 3428 765 3500 ὀρῶν
791 3426 890 3490 τὰς
923 3426 1091 3490 ίάσεις
1136 3425 1597 3497 ἐπιτελουμένας,
1646 3425 1943 3491 ἐξετείνετο

2054 3437 2455 3507 persecutione,
2491 3433 2785 3489 Cassianus
2812 3432 2903 3501 qui
2929 3430 3132 3498 Canopi
3166 3426 3479 3483 Graecorum
3535 3440 3631 3477 va-

369 3522 617 3577 πλείοναο
651 3520 744 3575 τοῦ
775 3520 1013 3591 διωγμοῦ
1046 3519 1105 3573 δὲ
1134 3520 1499 3591 σφοδρότερον
1532 3519 1943 3589 ἐπιφὶύζοντος,

2050 3529 2204 3583 nitati
2238 3526 2607 3591 sacriﬁcabat,
2647 3526 2866 3581 rescivit
2894 3523 3092 3585 locum,
3128 3522 3217 3575 ubi
3247 3531 3357 3574 tres
3373 3518 3631 3584 virgines,

367 2250 676 2322 φαρμάκων
707 2250 957 2320 ἰώμενος,
979 2246 1102 2301 οὔτε
1143 2244 1383 2317 βοτανῶν
1417 2243 1701 2316 χρώμενος
1734 2244 1935 2316 βοηθή·

2117 2520 2170 2576 8.
2201 2518 2278 2574 Eo
2345 2527 2586 2587 tempore
2634 2515 2859 2572 Romani
2894 2517 3104 2587 imperii
3143 2526 3415 2588 sceptrum
3450 2517 3631 2585 inique

2046 2619 2368 2666 consecutus
2400 2619 2518 2665 erat
2545 2608 2944 2675 Diocletianus,
2971 2621 3025 2663 et
3048 2611 3354 2680 ubicunque
3374 2608 3629 2663 Eeclesiis

367 3615 464 3669 καὶ
487 3611 763 3668 Κασιανοῢ
784 3613 883 3682 τῆς
914 3615 971 3666 ἐν
1003 3612 1262 3684 Κανώπῳ
1277 3612 1599 3683 Ἑλληνικῆς
1632 3612 1946 3683 ίερατεύον-

369 3722 461 3769 τος
482 3704 871 3776 ματαιότητος,
891 3702 1191 3774 παρθένους
1202 3705 1350 3774 τρεῖς
1362 3704 1455 3756 τὸν
1479 3704 1645 3757 τόπον
1659 3705 1745 3761 ob:
1755 3703 1816 3756 ού
1824 3720 1944 3768 σας,

367 3795 605 3866 Χριστὸν
656 3794 714 3848 δὲ
763 3794 1268 3868 μνηστευσαμένας,
1320 3794 1370 3847 oi.
1421 3794 1559 3865 πρὸς
1620 3793 1720 3865 τὴν
1768 3795 1945 3864 ἄγραν

366 3885 573 3957 ταύτην
628 3884 1004 3957 ἀφωρισμέναι
1053 3884 1368 3950 συνέλαϐον,
1425 3885 1522 3939 καὶ
1573 3885 1783 3951 ταύτας,
1841 3885 1940 3940 σὺν

370 3979 539 4051 μητρὶ
572 3977 822 4050 Συριανῷ
882 3976 1283 4048 προσφέρουσιν
1312 3976 1391 4047 τῷ
1434 3975 1536 4047 τῆς
1589 3977 1802 4042 πόλεως
1844 3978 1946 4049 ἄρ-

373 4087 517 4141 χοντι
536 4083 551 4100 ⁶
578 4071 699 4122 τότε
727 4068 798 4122 τὰ
824 4070 953 4137 περὶ
989 4067 1168 4123 αὐτῶν
1202 4066 1457 4139 ἀκηκοὼς
1496 4067 1682 4137 Κῦρος
1711 4070 1741 4122 δ
1765 4068 1944 4138 ἆγιος,

374 4160 462 4215 καὶ
496 4161 646 4233 φόϐῳ
680 4159 959 4232 συσχεθεὶς
988 4160 1064 4224 ὡς
1117 4161 1483 4231 φιλόχριστος,
1537 4160 1612 4232 μὴ
1643 4162 1744 4225 τὰς
1785 4161 1947 4233 βασά-

368 4268 491 4314 υδους
524 4250 601 4316 ὡς
641 4252 815 4322 μικρά
846 4250 915 4305 τά
948 4253 1210 4322 μειράκια
1239 4250 1619 4318 δειλιάσαντα,
1661 4252 1753 4306 τὸν
1807 4254 1947 4324 Χρι-

371 4342 493 4396 στὸν
514 4341 883 4413 ἐξομόσωνται
922 4347 1017 4396 καὶ
1043 4342 1144 4413 τὴν
1170 4342 1354 4397 πίστιν
1384 4344 1741 4414 ἀρνήσωνται
1773 4344 1864 4397 διά
1886 4344 1946 4397 τὸ

366 4434 466 4503 τῆς
496 4433 716 4505 ἡλικίας
754 4434 874 4486 λίαν
908 4432 1247 4505 βραχύτατον
1272 4451 1285 4465 ·
1342 4434 1460 4504 (καὶ
1485 4434 1595 4507 γάρ
1647 4435 1944 4506 Θεοκτίστη

365 4524 527 4579 πέντε
553 4525 651 4578 καὶ
705 4524 840 4579 δέκα
871 4524 947 4590 ὡς
990 4523 1292 4597 πρεσϐῦτις
1328 4526 1508 4580 αὐτῶν
1561 4526 1940 4598 προσετύγχα-

366 4630 494 4669 νενο
550 4613 672 4685 ἡδὲ
722 4614 931 4685 ταύτης
975 4614 1209 4686 δευτέρα
1254 4616 1486 4687 Θεοδότη
1548 4616 1669 4680 ἔτος
1714 4616 1936 4686 διηνυεν

366 4706 819 4777 τρισκαιδέκατον
839 4721 854 4736 ·
889 4705 1117 4772 Εύδοξία
1137 4707 1194 4759 δὲ
1228 4708 1262 4777 ἡ
1292 4707 1499 4762 τούτων
1551 4707 1756 4779 ὑστάτη
1821 4708 1939 4771 ἔτος

366 4791 504 4866 ἦγεν
563 4795 879 4850 ἑνδέκατον·
922 4794 1218 4851 ’Δθανασία
1272 4796 1331 4849 δὲ
1380 4795 1588 4851 τούτων
1646 4798 1680 4866 ή
1750 4797 1937 4867 μήτηρ

367 4888 707 4960 φερωνύμως
764 4888 1020 4958 ἐλέγετο·
1102 4889 1203 4959 τῆς
1258 4888 1368 4958 γὰρ
1416 4887 1585 4953 ὅντως
1648 4888 1948 4951 ἀθανασίας

373 4979 711 5051 κληρονόμος
745 4980 966 5050 ἐγένετο
1005 4981 1103 5035 σὺν
1153 4982 1266 5045 τοίς
1318 4980 1491 5051 αὑτῆς
1544 4979 1944 5044 ποθεινοτάτοις

370 5070 725 5142 γεννήμασιν)
750 5088 765 5104 ·
797 5071 864 5125 δι’
887 5071 974 5138 ἃς,
998 5072 1241 5134 εἰπόντες
1270 5072 1345 5136 ὡς
1368 5071 1634 5142 ξφθημεν,
1671 5072 1947 5137 δειλιάσας

2047 3617 2270 3672 Christo
2294 3617 2655 3686 desponsam,
2690 3614 2978 3682 degebant.
3014 3611 3219 3667 Emisit
3242 3610 3332 3683 qui
3393 3610 3633 3674 virgines

2048 3709 2447 3779 insectarentur
2462 3716 2515 3763 et
2535 3720 2637 3760 una
2662 3721 2784 3760 cum
2809 3715 2981 3759 matre
2999 3712 3217 3774 agerent
3235 3702 3299 3756 ad
3320 3701 3634 3772 Syr-ianum,

2046 3801 2331 3870 prasidem
2368 3799 2539 3853 urbis.
2574 3796 2686 3852 Has
2720 3806 2777 3849 ut
2805 3805 2993 3865 captas
3028 3794 3235 3847 audivit
3262 3801 3483 3847 sanctus
3533 3790 3631 3860 Cy;

2051 3907 2170 3958 rus,
2210 3891 2406 3945 timore
2428 3889 2709 3959 perculsus
2739 3897 2825 3942 est
2865 3902 2934 3941 ne
2959 3893 3353 3940 tormentorum
3405 3884 3635 3938 horrore

2048 3982 2325 4039 Christum
2354 3980 2631 4050 cjurarcnt
2653 3988 2708 4034 et
2731 3979 2887 4033 ﬁdem
2914 3987 3175 4048 negarent
3193 3976 3629 4040 adolescentulus,

2048 4087 2168 4143 quae
2201 4072 2356 4125 annis
2371 4079 2528 4126 erant
2559 4068 3086 4136 tenerrimtemtajor
3117 4068 3259 4123 enim
3289 4074 3425 4125 natu
3452 4065 3629 4121 Theo-

2048 4165 2229 4230 ctista,
2279 4163 2462 4216 decem
2511 4169 2567 4215 et
2613 4162 2851 4229 quinqu
2888 4160 3123 4215 habebat
3158 4174 3365 4223 annos;
3398 4160 3630 4213 secunda

2049 4264 2252 4318 autem,
2298 4251 2561 4317 Deodata,
2590 4251 2808 4306 tertium
2839 4250 3107 4311 decimum
3145 4249 3496 4318 perﬁciebat;
3524 4248 3629 4303 Eu-

2050 4348 2215 4401 doxia
2242 4360 2396 4410 vero,
2440 4355 2566 4399 natu
2614 4344 2792 4398 minor
2822 4357 3026 4401 annum
3064 4342 3218 4396 duxit
3260 4339 3626 4395 undecimum.

2049 4438 2256 4494 Harum
2297 4447 2497 4501 mater,
2529 4436 2849 4499 Athanasia,
2881 4449 3013 4489 vere
3040 4442 3096 4491 et
3121 4432 3631 4503 pr0prieimmorta-

2050 4531 2118 4586 lis
2180 4530 2523 4585 vocabatur:
2583 4526 3050 4581 immortalitatem
3114 4538 3307 4593 reapse
3338 4532 3629 4577 consecuta

2049 4629 2133 4676 est
2162 4617 2787 4674 cumedesideratissimis
2816 4614 3028 4671 ﬁliabus
3054 4613 3187 4668 suis.
3211 4611 3446 4679 Propter
3486 4609 3627 4674 illas,

2047 4720 2104 4766 ut
2160 4709 2421 4775 diximus,
2482 4710 2780 4762 timuerunt
2814 4714 3038 4760 sanctus
3057 4702 3230 4774 Cyrus
3259 4712 3313 4756 et
3340 4698 3581 4756 Joannes
3612 4713 3631 4765 ;

2046 4800 2277 4869 ideoque
2311 4804 2604 4869 penetrant
2654 4796 2708 4850 in
2756 4796 2972 4860 urbem,
3013 4804 3072 4848 ut
3107 4802 3232 4847 natu
3260 4801 3315 4847 et
3342 4806 3477 4846 sexu
3523 4788 3633 4843 fra-

2048 4892 2185 4962 giles
2215 4892 2282 4944 ad
2320 4903 2546 4958 agonem
2581 4888 2848 4953 excitent,
2882 4886 3173 4941 tormentis
3217 4884 3526 4953 superiores
3554 4880 3632 4932 la-

2046 4984 2209 5046 ciant,
2243 4982 2446 5038 (Zhristi
2483 4980 2679 5051 Sponsi
2738 4993 2966 5049 regnum
3015 4977 3268 5033 suasione
3304 4981 3628 5043 prmparent,

2048 5074 2313 5129 castitatis
2373 5075 2653 5144 imponant
2712 5086 2992 5137 coronam,
3028 5069 3283 5142 gaudium
3337 5075 3392 5119 et
3433 5061 3632 5143 indesi-

373 5161 556 5234 Κῦρος
583 5162 736 5232 ἅγιος
765 5164 862 5218 σὺν
908 5163 1128 5238 Ἰωάννῃ
1174 5163 1273 5235 τὴν
1307 5163 1463 5218 πόλιν
1508 5163 1799 5230 εἰσδύεται,
1831 5165 1928 5220 καὶ

2050 5175 2255 5222 tentem
2297 5166 2536 5220 lzetitiam
2570 5174 2847 5233 praestent.

371 5254 470 5321 τὰς
523 5254 806 5326 λεχθείσας
843 5255 1005 5325 ἁγίας
1065 5257 1201 5329 πρὸς
1250 5259 1376 5320 τοὺς
1443 5257 1663 5326 ἀγῶνας
1706 5258 1943 5327 ἀλείφων
2009 5259 2150 5329 ὑπὲρ
2210 5259 2372 5327 φύσιν
2400 5258 2694 5327 διήγειρεν,
2766 5257 2860 5309 καὶ
2903 5255 3015 5308 τῶν
3074 5251 3322 5324 βασάνων
3377 5245 3632 5303 κατατολ-

375 5346 504 5417 μᾷν,
533 5347 623 5400 καὶ
665 5345 741 5417 μὴ
768 5343 968 5416 δειλιᾷν
990 5345 1079 5399 διὰ
1102 5348 1201 5416 τὴν
1225 5346 1462 5417 Χριστοῦ
1493 5344 1587 5401 τοῦ
1625 5348 1933 5418 μνηστῆρος
1973 5346 2255 5417 βασιλείαν
2286 5346 2521 5410 ἔπειθεν,
2544 5344 2670 5409 τοὺς
2733 5346 2833 5415 τῆς
2885 5344 3107 5414 ἁγνείας
3190 5342 3381 5405 αὑταῖς
3430 5337 3631 5407 στεφά-

377 5455 502 5503 νους
533 5438 875 5510 ὑπέγραφεν,
932 5439 1029 5492 καὶ
1080 5440 1256 5510 χαρᾶς
1283 5438 1441 5507 λῆξιν
1475 5440 1570 5492 καὶ
1616 5440 1953 5511 εὐφροσύνην
1990 5441 2141 5505 τέλος
2172 5441 2247 5513 μὴ
2276 5439 2527 5511 ἔχουσανέ

448 5529 515 5587 θ’.
554 5530 694 5587 Ἀλλ’
721 5534 750 5586 ὁ
778 5532 1055 5604 ἀλιτήριος
1082 5531 1274 5603 ἐχθρὸς
1306 5533 1470 5587 πάλιν
1502 5532 1591 5586 διὰ
1633 5533 1744 5587 τῶν
1788 5534 1948 5587 ἀνια-

379 5623 496 5699 ρῶν
541 5623 832 5697 ὑπηρετῶν
882 5625 1048 5680 αὐτοῦ
1115 5624 1383 5696 φανεροὺς
1431 5626 1562 5690 τοὺς
1614 5624 1802 5695 ἁγίους
1853 5644 1951 5680 πε-

381 5713 716 5789 ποίητο.καὶ
771 5714 849 5790 τῷ
893 5717 1115 5791 ἄρχοντι
1172 5708 1472 5788 διαρρήδην
1521 5715 1944 5788 γνωρισθέντες,

2131 5534 2185 5589 9.
2203 5533 2301 5589 Ast
2331 5533 2610 5589 maleﬁcus
2653 5533 2745 5588 ille
2792 5530 3065 5596 inimicus,
3110 5544 3209 5600 per
3261 5524 3630 5585 intolerandus

2056 5639 2351 5682 conservos
2380 5639 2510 5679 suos
2536 5621 3132 5691 manifestavitpraesidi
3153 5630 3369 5676 sanctos
3394 5629 3627 5686 nostros,

2056 5727 2111 5773 et
2144 5716 2304 5789 hujus
2331 5724 2568 5772 mentem
2600 5714 2888 5773 oﬂ'uscant.
2917 5713 3236 5786 Priusquam
3279 5713 3347 5770 ad
3380 5712 3629 5783 praesidis
