4036 6236
445 301 515 363 36
524 301 589 363 ἒ3

1346 302 1406 362 S.
1449 300 1865 362 SOPHRONII
1896 303 2398 366 PATRIARCHAE
2435 306 2835 367 HIEROSOL.

3559 300 3699 365 3685

443 412 679 466 tribunal
706 412 919 469 adducti
948 411 1200 478 fuissent,
1220 412 1511 467 aStiterunt
1541 410 1849 475 ignominia:
1873 411 2015 466 servi

2144 414 2310 468 τούτου
2343 416 2442 485 τὴν
2468 416 2709 469 διάνοιαν
2766 414 3191 483 ἁπημαύρωσαν
3218 431 3230 444 ·
3254 412 3383 482 apii:
3416 412 3446 480 ἢ
3485 414 3592 485 γὰρ
3633 419 3704 484 τῇ

442 511 707 561 accusant
744 519 789 568 s,
809 506 1125 574 apparuisse
1146 505 1408 574 quosdam
1432 518 1493 555 ac
1520 491 1732 572 ignotos
1755 503 2021 567 homines,

442 595 1011 660 alterummonastico,
1035 596 1260 650 alterum
1294 594 1477 649 habitu
1500 594 1740 658 militari,
1769 597 1857 664 qui
1894 578 2024 663 cap.-

446 697 528 743 tas
549 690 711 746 modo
737 689 973 759 virgines
993 691 1333 753 inducerent,
1351 691 1547 759 partim
1571 676 1874 743 addeornm
1896 704 2025 741 con—

446 791 729 850 temptum,
761 782 956 850 partim
997 784 1062 837 ad
1091 782 1266 837 cultus
1290 784 1356 838 iis
1378 783 1541 837 debiti
1572 782 2023 843 exsecrationem,

345 901 354 908 ~
446 875 638 939 partim
656 876 721 929 ad
739 875 1122 931 Caesarzeormn
1137 874 1411 943 jussorum
1430 875 2024 944 despectionem,nnmn

348 957 363 986 ³
440 968 756 1034 quemdam,
797 982 977 1037 regem
1005 984 1161 1023 suum
1186 970 1785 1038 mlernumprtedicare.
1823 967 2027 1033 Quibus

447 1058 737 1126 perceptis,
801 1058 987 1113 furore
1034 1060 1174 1129 rngit
1208 1061 1316 1113 lleo
1356 1060 1564 1115 invisus
1623 1071 1842 1126 praeses,
1898 1064 1951 1110 et
1984 1071 2011 1108 a

452 1149 711 1205 militibus
742 1161 867 1206 ante
899 1152 1135 1206 tribunal
1189 1147 1513 1205 deferendos
1571 1159 1794 1202 sanctos
1841 1148 2023 1218 jussit.

453 1257 473 1292 ι
506 1239 551 1295 Ο
599 1241 918 1305 miserrimi,
965 1240 1203 1295 felicium
1268 1241 1493 1295 deorum
1542 1237 1772 1298 inimici,
1830 1238 2027 1291 clamat

446 1330 734 1402 Syrianus,
760 1347 793 1387 0
835 1342 1008 1388 morte
1049 1332 1343 1388 durissima
1402 1332 1697 1400 puniendi!
1742 1330 1851 1385 Cur
1906 1332 2027 1386 illas

450 1424 692 1492 virgines
760 1428 827 1478 ab
861 1425 1228 1493 “imperatoris
1287 1425 1569 1480 servandis
1621 1425 1814 1477 edictis
1871 1439 2028 1477 over-

451 1514 582 1568 tite?
608 1513 746 1568 Num
775 1525 828 1569 et
863 1530 958 1571 vos
990 1517 1350 1570 Romanorum
1376 1514 1608 1570 Caesaris
1656 1514 2027 1570 deminatores

448 1606 602 1671 estis,
643 1607 733 1675 qui
795 1607 1227 1663 abominabilem
1313 1606 1747 1662 Christianorum
1823 1608 2028 1661 doctri-

452 1712 575 1752 nam
612 1699 833 1754 colitis?
858 1701 1111 1754 Attamen
1152 1701 1530 1768 pcenitentiam
1570 1700 1737 1768 agite,
1765 1700 2023 1768 propitios

2128 508 2290 561 αὑτοῦ
2322 510 2539 577 ἀτάκτῳ
2569 509 2715 571 τάξει
2745 510 2793 560 οἱ
2822 509 3089 578 ὑπηρέται
3117 508 3390 574 ἀγάγωσι,
3417 507 3702 578 [καταμηο

2127 599 2363 672 νύουσιν]
2397 602 2473 664 ὡς
2509 601 2600 654 δύο
2636 602 2780 664 τινὲς
2826 602 3082 668 μονάζων
3116 618 3173 652 τε
3214 602 3309 652 καὶ
3362 600 3703 669 στρατιώτης

2125 693 2224 755 τὰς
2248 694 2704 771 προσενεχθείσας
2740 694 3039 763 παρθένους
3068 691 3399 756 πλανῶντες,
3424 693 3536 753 τοῖς
3557 682 3700 751 θεοῖς

2128 785 2318 853 φέρειν
2349 784 2447 853 τὴν
2490 786 2712 839 δέουσαν
2772 788 2830 840 οὐ
2884 785 3263 855 συγχωροῦσιν
3297 784 3573 855 λατρείαν,
3609 786 3704 836 καὶ

2126 875 2477 945 τυραννοῦσιν
2506 875 2598 928 τὸν
2627 877 2900 948 Καίσαρα,
2933 876 3006 947 μὴ
3038 875 3365 945 πειθομένας
3395 875 3561 928 αὐτοῦ
3591 879 3702 937 τοῖς

2127 967 2582 1036 προστάγμασιν,
2619 968 2757 1021 ἀλλὰ
2802 967 3005 1038 Ἰησοῦν
3038 968 3256 1035 λέγουσι
3286 966 3508 1036 βασιλέα
3562 962 3702 1020 εἶναι

2127 1057 2370 1112 αἰώνιον·
2409 1060 2668 1129 Συριανὸς
2697 1059 2755 1113 δὲ
2789 1053 2943 1122 οὗτος
2968 1060 2996 1112 ὁ
3021 1058 3284 1129 θεήλατος
3313 1059 3536 1129 ἡγεμὼν
3566 1060 3704 1129 πρὸς

2128 1149 2194 1201 τὰ
2229 1149 2491 1218 λεχθέντα
2519 1150 2749 1221 βρύξας,
2778 1152 3007 1219 ἄγεσθαι
3036 1152 3129 1203 καὶ
3156 1151 3352 1214 αὐτοὺς
3385 1153 3498 1214 τοῖς
3538 1167 3704 1220 στρα-

2132 1240 2354 1305 τιώταις
2408 1242 2775 1312 προσέταττεν
2821 1243 2926 1314 πρὸ
2978 1242 3073 1296 τοῦ
3125 1242 3387 1313 βήματος,
3431 1243 3525 1296 καὶ
3565 1242 3699 1313 πρὸς

2128 1334 2324 1395 αὐτοὺς
2357 1333 2559 1404 ἔφησεν
2584 1348 2597 1362 '
2637 1353 2655 1385 ι
2678 1331 2748 1385 *Ω
2772 1332 3021 1404 δύστηνοι
3051 1333 3147 1388 καὶ
3184 1333 3322 1387 θεῶν
3356 1333 3539 1404 ἐχθροὶ
3596 1336 3704 1387 τῶν

2132 1424 2440 1495 μακαρίων,
2479 1413 2713 1479 θανάτου
2739 1441 2797 1478 τε
2824 1424 2985 1489 ἄξιοι,
3015 1424 3159 1489 τίνος
3209 1426 3373 1478 ἕνεκα
3409 1426 3508 1489 τὰς
3553 1443 3695 1497 παρ-

2130 1516 2316 1578 θένους
2369 1518 2536 1571 εἴκειν
2594 1515 2684 1570 τοῦ
2718 1517 2997 1587 Καίσαρος
3045 1517 3144 1570 οὐκ
3195 1517 3320 1571 ἐᾶτε
3363 1520 3477 1580 τοῖς
3520 1517 3700 1571 θεσπί-

2132 1625 2365 1678 σμασιν;
2396 1609 2426 1678 ἦ
2463 1608 2662 1679 μᾶλλον
2688 1609 2966 1678 πεφήνατε
2999 1609 3075 1671 ὡς
3106 1609 3262 1679 ὑμεῖς
3310 1609 3462 1662 αὐτοὶ
3506 1608 3703 1680 τύραν-

2131 1716 2209 1752 νοι
2272 1698 2366 1752 τοῦ
2405 1699 2803 1769 αὐτοκράτορος
2854 1698 3140 1769 Ῥωμαίων
3192 1699 3489 1769 τυγχάνετε
3518 1739 3532 1762 ,
3605 1699 3702 1767 τῆς

453 1789 984 1867 maximosinvocale
1022 1791 1174 1855 deos,
1197 1800 1251 1843 et
1279 1789 1563 1858 cujusdam
1593 1790 1752 1859 pretii
1778 1794 2018 1846 honores

2144 1794 2394 1864 Βδελυρᾶς
2423 1794 2533 1847 τῶν
2583 1767 2926 1863 Χριστιανῶν
2970 1767 3701 1863 θρησκείας-ὑπάρχοντες

450 1881 518 1934 ab
541 1881 868 1947 imperatore
893 1882 1219 1937 habebitis.)
1242 1880 1425 1935 Sancti
1445 1896 1572 1935 vero
1592 1883 2014 1948 responderunt:

456 1987 474 2020 ι
516 1969 813 2039 Fugitivos,
862 1986 895 2024 ο
950 1972 1219 2043 Syr-iane,
1281 1987 1383 2025 non
1423 1972 1695 2027 ambimns
1742 1972 2020 2039 honores;

451 2063 685 2118 visibilia
714 2064 858 2117 enim
892 2065 1072 2119 omnia
1137 2074 1507 2119 evanescent:
1536 2079 1812 2132 nunquam
1838 2064 2021 2118 lietili-

455 2155 554 2209 bus
574 2156 960 2211 daemoniorum
993 2156 1319 2226 imaginibus
1344 2156 1652 2213 deferemus
1698 2157 1901 2211 cultum
1939 2171 2027 2212 so-

455 2247 558 2303 lius
578 2248 691 2309 Dei,
724 2262 825 2302 nec
849 2247 1125 2302 Christum
1160 2248 1570 2318 abnegabimus,
1601 2247 1841 2301 omnium
1864 2247 2028 2303 Crea-

457 2351 654 2402 torem,
688 2355 848 2412 quem
887 2341 938 2395 in
966 2356 1146 2411 regem
1205 2341 1470 2396 habemus
1504 2348 1801 2407 aeternum;
1832 2341 2027 2396 frustra

456 2431 614 2486 nobis
647 2442 874 2487 mortem
901 2434 1147 2496 minaris,
1188 2448 1310 2486 cum
1331 2442 1506 2488 morte
1532 2433 1708 2488 simus
1754 2431 2027 2500 fortiores,

457 2525 523 2576 ad
545 2523 706 2594 hujus
737 2524 860 2578 vitm
885 2524 1175 2579 terminum
1201 2539 1307 2579 non
1338 2523 1712 2594 respiciamus,
1735 2526 1828 2581 sed
1871 2541 2033 2582 coro-

461 2631 585 2672 nam
617 2616 803 2686 glorite
835 2624 892 2672 et
921 2616 1369 2672 immortalitatis.
1406 2634 1425 2669 ι

538 2880 621 2936 l0.
663 2879 1036 2952 lngemiscens
1092 2879 1356 2950 Syrianus
1395 2888 1450 2936 et
1493 2880 1747 2937 dentibus
1797 2880 2037 2937 fremens

462 2975 539 3030 sic
572 2975 690 3029 illos
724 2974 920 3029 allatus
940 2985 1059 3029 est:
1100 2991 1119 3025 ι
1154 2973 1393 3043 Benigne
1423 2975 1577 3029 vobis
1599 2976 1882 3028 servandae
1903 2974 2034 3030 luis-

2131 1886 2566 1956 μετανοήσαντες
2614 1885 2814 1948 τοίνυν,
2858 1884 2986 1947 τοὺς
3029 1884 3319 1952 μεγίστους
3355 1883 3484 1953 ὑμῖν
3535 1882 3698 1944 θεοὺς

2125 1977 2443 2043 ἱλεώσασθε,
2480 1978 2575 2031 καὶ
2599 1976 2765 2045 τιμὰς
2791 1975 2942 2046 παρὰ
2964 1976 3225 2046 βασιλέως
3248 1976 3307 2028 οὐ
3324 1974 3418 2038 τὰς
3439 1978 3708 2046 τυχούσας

2126 2069 2463 2139 κομίσοισθε·
2493 2088 2511 2121 r
2538 2071 2585 2122 oi
2608 2069 2665 2122 δὲ
2688 2069 2821 2139 πρὸς
2845 2069 3006 2121 αὑτὸν
3036 2066 3410 2136 ἀπεκρίθησαν
3427 2082 3439 2095 ·
3464 2085 3483 2117 ι
3514 2066 3724 2135 Ἡμεῖς,

2127 2157 2172 2216 ὧ
2191 2162 2440 2234 Συριανὲ,
2464 2161 2629 2232 τιμὰς
2654 2161 2883 2231 ἀτίμους
2914 2161 2974 2227 οὐ
3009 2160 3370 2230 προσιέμεθα’
3396 2158 3708 2229 πρόσκαιρα

2130 2254 2237 2326 γάρ
2268 2256 2372 2308 εἰσι
2402 2255 2470 2309 τὰ
2502 2254 2807 2324 βλεπόμενα
2831 2269 2844 2283 ·
2879 2252 3002 2306 οὔτε
3031 2252 3301 2322 δαιμόνων
3349 2252 3561 2318 ξοάνοις
3609 2250 3704 2321 τὴν

2133 2346 2302 2417 μόνην
2331 2345 2648 2416 πρέπουσαν
2676 2344 2797 2414 Θεῷ
2832 2343 3091 2414 λατρείαν
3123 2344 3533 2416 προσφέρομενο
3590 2341 3700 2395 ἀλλ’

2131 2437 2254 2492 οὔτε
2278 2437 2513 2509 Χριστὸν
2559 2435 2921 2508 ἀρνησόμεθα
2952 2435 3043 2489 τὸν
3073 2435 3250 2490 πάντα
3300 2435 3626 2505 ποιήσαντα,
3647 2435 3706 2488 ὃν

2129 2522 2359 2597 βασιλέα
2387 2525 2603 2581 αἰώνιον
2625 2525 2864 2597 ἔχοντες,
2905 2524 3114 2596 δωρεὰς
3144 2522 3275 2593 παρ’
3302 2522 3468 2577 αὑτοῦ
3529 2525 3704 2593 ἐπηγ-

2133 2613 2454 2682 γειλάμεθα,
2487 2613 2717 2669 θανάτου
2748 2613 3055 2681 κρείττους,
3089 2612 3185 2665 καὶ
3243 2611 3379 2681 πρὸς
3406 2610 3566 2680 λῆξιν
3611 2611 3707 2682 οὐχ

2133 2704 2366 2776 ὁρώσας,
2423 2706 2704 2781 στεφάνων
2758 2705 2815 2759 δὲ
2862 2705 3087 2777 πλήρεις
3136 2705 3228 2758 καὶ
3283 2705 3513 2776 τρυφῆς
3575 2704 3711 2759 ἀθα-

2136 2798 2320 2852 νάτου.
2345 2817 2361 2850 ι

2213 2884 2263 2939 ι’.
2296 2884 2437 2955 Πρὸς
2468 2883 2562 2940 οὒς
2586 2883 2825 2955 οἰμώξας
2857 2886 2885 2938 ὁ
2914 2886 3178 2957 Συριανδς
3208 2883 3300 2940 καὶ
3327 2887 3453 2950 τοὺς
3490 2887 3711 2952 ὀδόντας

2143 2972 2341 3045 βρύξας
2364 2969 2532 3026 εἶπεν*
2558 2992 2578 3025 ‹
2607 2975 2751 3027 Ἔδει
2777 2974 2875 3043 μὲν
2891 2977 3034 3045 ὑμᾶς
3055 2979 3117 3047 τῇ
3139 2976 3519 3050 φιλανθρωπίᾳ
3538 2980 3715 3033 πειθο·

462 3076 587 3121 sent
636 3066 870 3121 Caesaris
917 3066 1063 3136 leges
1121 3076 1175 3119 et
1255 3065 1403 3121 salus
1448 3069 1872 3134 consequenda;
1915 3070 2037 3135 quia

2148 3065 2342 3134 μένους
2376 3063 2470 3116 τοῦ
2494 3065 2683 3134 νόμου,
2729 3065 2991 3137 κερδῆσαι
3039 3068 3138 3136 τὴν
3173 3068 3478 3137 σωτηρίαν”
3522 3068 3710 3138 ἐπειδὴ

465 3172 604 3212 caeca
637 3159 776 3226 capti
799 3158 931 3213 estis
970 3158 1254 3226 'snperbia,
1292 3157 1461 3226 plagae
1516 3158 1778 3226 impositae
1828 3159 1893 3210 ad
1942 3159 2042 3211 im-

466 3250 732 3317 peratoris
765 3251 938 3307 edicta
973 3267 1066 3305 vos
1091 3253 1356 3320 redigenl.
1392 3268 1412 3302 ι
1455 3248 1548 3304 His
1575 3251 1752 3315 dictis,
1810 3251 2044 3322 virgines

468 3341 520 3392 in
570 3350 919 3410 conspectum
962 3358 1120 3395 suum
1147 3341 1361 3395 curavit
1392 3341 1756 3404 adducendas,
1798 3351 1850 3397 et
1886 3357 2045 3397 omne

470 3441 863 3487 tormentorum
910 3447 1079 3502 genus
1135 3440 1260 3487 ante
1287 3442 1601 3488 sanctorum
1665 3432 1853 3487 oculos
1883 3448 2048 3501 expo-

470 3522 702 3578 nendum
731 3525 924 3595 jussit;
952 3524 1124 3579 laneis
1151 3535 1206 3581 et
1275 3524 1511 3580 fustibus
1532 3525 1906 3588 dissecandos,
1938 3525 2045 3593 igni

470 3616 733 3683 urendos,
766 3626 919 3672 aceto
964 3615 1286 3675 inliciendos
1316 3625 1372 3670 ct
1422 3615 1682 3671 membris
1718 3615 2046 3681 dilaceratis,

477 3708 600 3764 illos
630 3709 824 3779 pannis
858 3725 887 3764 e
914 3710 1126 3765 camelo
1156 3708 1437 3765 confectos
1454 3706 1835 3763 confricandos
1861 3706 2047 3761 voluit.

476 3800 659 3867 Omni,
690 3803 831 3857 sicut
859 3803 1154 3857 indicatum
1187 3810 1291 3867 est,
1316 3808 1708 3857 tormentorum
1729 3815 1929 3870 genere
1958 3800 2052 3853 ad-

416 3905 448 3935 ο
474 3895 667 3955 hihito.
693 3894 948 3952 fortiores
976 3904 1032 3950 et
1084 3894 1484 3950 constantiores
1515 3892 1649 3947 vidit
1681 3902 1946 3963 martyres
1988 3906 2054 3947 ac

479 3988 522 4041 si
552 3987 732 4041 alieno
763 3987 907 4056 passi
966 3985 1192 4041 fuissent
1218 4000 1469 4056 corpore.
1497 3984 1633 4050 Quia
1684 3983 2054 4060 vehementius

479 4080 694 4146 semper
725 4076 1200 4141 contradicebant,
1226 4074 1613 4130 fervescentem
1643 4074 1850 4141 piceam
1868 4082 2075 4128 eoru‘m'

479 4169 703 4238 pedibus
737 4168 999 4231 immisit:
1027 4179 1112 4223 ast
1151 4168 1452 4222 imitatione
1478 4173 1533 4221 et
1558 4164 1681 4220 forti
1745 4176 2040 4237 martyrum

475 4260 903 4315 contradictione
939 4259 1118 4328 plures
1146 4261 1211 4312 ad
1232 4258 1389 4312 fidem
1406 4255 1651 4311 conversi
1668 4265 1830 4311 sunt:
1867 4270 1898 4309 e
1926 4271 2055 4311 san-

432 4402 435 4405 ,
477 4360 686 4407 ctnrum
731 4350 1035 4407 constantia
1067 4361 1123 4405 et
1170 4349 1348 4404 vultus
1398 4346 1669 4402 hilaritate
1706 4346 2057 4414 conjeeeruut

2143 3155 2199 3208 δὲ
2247 3153 2401 3225 τύφῳ
2453 3155 2820 3226 κεκράτησθε,
2887 3156 3122 3225 πληγαῖς
3170 3156 3317 3227 ὑμᾶς
3375 3157 3540 3221 εἴξειν
3596 3162 3711 3220 τοῖς

2147 3248 2560 3317 προστάγμασιν
2587 3246 2759 3301 πείσω
2777 3245 2873 3300 τοῦ
2902 3247 3335 3319 αὐτοκράτορος·
3370 3268 3388 3301 r
3425 3249 3599 3302 ταῦτα
3635 3251 3718 3302 εἰ·

2147 3338 2289 3398 πὼν,
2331 3336 2430 3400 τὰς
2483 3337 2786 3407 παρθένους
2842 3338 3152 3409 ἔμπροσθεν
3206 3340 3374 3394 αὑτοῦ
3421 3341 3719 3410 γενομένας

2148 3427 2514 3498 παρέστησεν,
2570 3429 2660 3481 καὶ
2715 3430 2820 3481 πᾶν
2869 3424 3005 3493 εἶδος
3074 3430 3323 3499 βασάνων
3375 3432 3488 3495 τοῖς
3547 3433 3723 3498 ἁγίοις

2150 3520 2453 3589 ἐπέφερενο
2501 3522 2574 3583 ὡς
2618 3520 2673 3572 δὲ
2731 3521 2981 3590 μάστιξιν
3040 3521 3247 3592 πλήξας
3304 3523 3397 3575 καὶ
3441 3525 3719 3593 ῥοπάλου,

2150 3609 2284 3679 πυρί
2314 3629 2374 3665 τε
2409 3611 2609 3681 φλέξας
2638 3613 2727 3666 καὶ
2776 3613 2986 3684 ὀξάλμῃ
3040 3613 3256 3685 βρέξας,
3308 3615 3376 3668 τὰ
3424 3617 3723 3688 φλεχθέντα

2154 3703 2290 3772 μέλη
2348 3704 2611 3773 τριχίνοις
2677 3704 2901 3774 ῥάκεσιν
2965 3707 3315 3778 προστρίὸειν
3388 3708 3714 3763 ἐκέλευσεν·

2154 3793 2317 3846 παντί
2339 3811 2396 3847 τε
2428 3794 2579 3858 εἴδει,
2630 3793 2706 3858 ὡς
2756 3795 3030 3861 λέλεκται,
3090 3797 3324 3867 βασάνου
3366 3801 3718 3869 χρησάμενος

2155 3889 2634 3961 ῥωμαλαιοτέρους
2665 3892 2812 3962 ἑώρα
2863 3892 2993 3954 τοὺς
3037 3892 3343 3965 μάρτυρας,
3397 3895 3493 3948 καὶ
3539 3893 3617 3956 ὡς
3666 3896 3725 3946 ὲν

2154 3981 2454 4052 ἀλλοτρίοις
2512 3982 2818 4051 πάσχοντας
2888 3980 3154 4053 σώμασιν,
3219 3985 3317 4039 καὶ
3358 3985 3721 4056 σφοδρότερον

2154 4073 2558 4142 ἀντιλέγοντας,
2594 4075 2763 4146 πίσσῃ
2797 4092 2857 4129 τε
2885 4074 3188 4147 βραττούσῃ
3217 4078 3344 4139 τοὺς
3378 4076 3545 4141 πόδας
3569 4077 3727 4148 ἐπλή-

2161 4179 2334 4233 ρωσεν
2352 4178 2364 4192 ·
2392 4162 2484 4215 καὶ
2505 4162 2733 4226 πολλοὺς
2765 4162 2952 4235 [ὁρῶν]
2975 4164 3372 4235 ἐφελκομένους
3402 4166 3537 4237 πρὸς
3563 4166 3729 4238 μίμη-

2161 4271 2264 4320 σιν,
2306 4255 2489 4324 κα¹ιτῇ
2541 4256 2726 4309 πίστει
2775 4257 3224 4327 προσαγομένους
3274 4260 3387 4320 ταῖς
3431 4260 3725 4329 καρτεραῖς

2158 4346 2536 4401 ἀντιστάσεσιν
2581 4349 2662 4417 (ὲν
2689 4348 2798 4416 γὰρ
2854 4350 2919 4417 τῇ
2976 4350 3223 4421 ὑπομονῇ
3278 4351 3384 4403 τῶν
3435 4354 3725 4413 τοσούτων,

483 4442 633 4497 multi
662 4441 820 4509 hujus
868 4442 1184 4497 certaminis
1209 4441 1487 4510 praemium
1521 4456 1641 4497 esse
1674 4439 1912 4495 futttram
1942 4441 2040 4494 im-

2161 4443 2254 4494 καὶ
2279 4439 2378 4511 τῆς
2398 4441 2508 4493 τῶν
2542 4443 2836 4514 μαρτύρων
2863 4442 3071 4496 ἀλύπου
3105 4442 3482 4512 φαιδρότητος,
3510 4442 3561 4495 οἱ
3589 4442 3721 4495 πολ-

482 4533 827 4588 mortalitatis
854 4532 1052 4598 vitam;
1097 4541 1362 4603 martyres
1388 4542 1566 4586 autem
1600 4547 1720 4586 eum
1764 4541 1935 4586 matre
1963 4532 2055 4586 deo

482 4633 604 4676 vota
662 4623 824 4692 jussit
877 4624 1223 4690 torquendas.
1290 4622 1486 4678 Verum
1543 4623 2058 4685 eontra.stiinulum

479 4714 903 4770 ealcitraverunt
961 4715 1235 4784 virgines,
1281 4730 1400 4784 qua:
1459 4728 1724 4785 generoso
1765 4723 2058 4783 martyrum

481 4808 731 4877 exemplo
766 4809 1002 4862 incensa:
1031 4808 1315 4871 prmsidem
1351 4810 1599 4861 vicerunt
1627 4824 1641 4873 ;
1667 4806 1882 4860 detnum
1919 4805 2059 4859 hanc

482 4901 809 4955 sententiam
866 4899 1009 4966 tulit,
1050 4907 1110 4955 ut
1160 4907 1322 4966 caput
1373 4898 1805 4960 abseitrderetur,
1868 4899 2055 4966 sicque

485 5004 710 5058 sponsas
743 5006 846 5045 una
875 5007 995 5046 eum
1026 5000 1197 5044 matre
1227 4990 1445 5044 Christo
1479 4989 1694 5054 adjecit.

2157 4532 2241 4586 λοὶ
2270 4533 2370 4602 τῆς
2400 4534 2702 4605 μελλούσης
2736 4536 2882 4606 ζωῆς
2937 4536 3007 4590 τὰ
3050 4536 3149 4603 τῆς
3189 4534 3501 4604 ἀφθαρσίας
3533 4536 3729 4587 εἰκονί-

2158 4619 2313 4685 ζοντο
2341 4622 2594 4690 ἔπαθλα),
2630 4627 2965 4694 μεταστῆναι
2993 4624 3258 4686 κελεύσας
3277 4623 3404 4684 τοὺς
3427 4623 3727 4693 μάρτυρας,

2161 4715 2323 4768 πάλιν
2352 4716 2450 4780 τὰς
2490 4717 2793 4788 παρθένους
2825 4718 3109 4770 ἐκέλευσεν
3155 4717 3465 4782 αἰκίζεσθαι
3516 4716 3633 4786 ἅμα
3661 4718 3724 4785 τῇ

2160 4809 2392 4881 φιλοθέῳ
2423 4810 2627 4881 μητρί·
2660 4812 2736 4875 ὡς
2763 4810 2819 4863 δὲ
2874 4809 3009 4879 πρὸς
3046 4809 3248 4880 κέντρα
3290 4808 3583 4871 λακτίζων,
3638 4810 3729 4859 καὶ

2160 4901 2384 4966 ταύταις
2409 4904 2608 4972 ἡττᾶτο
2628 4904 2692 4955 ἐκ
2712 4901 2821 4955 τῶν
2862 4899 3157 4972 μαρτύρων
3186 4900 3285 4971 τὴν
3309 4899 3404 4954 τοῦ
3430 4898 3727 4969 μαρτυρίου

2163 4994 2627 5064 ἀπαλειφομέναις
2646 4993 3024 5063 γενναιότητα,
3053 4991 3206 5054 τέλος
3255 4992 3371 5061 τὴν
3400 4989 3581 5059 ψῆφον
3633 4991 3735 5040 ἁπ-

483 5086 705 5157 έφηνεν,
740 5087 833 5140 καὶ
868 5086 965 5150 τὰς
1022 5076 1261 5154 κεφαλὰς
1290 5084 1469 5137 αὐτῶν
1494 5082 1765 5154 τμηθῆναι
1791 5083 2080 5138 ἐκέλευσεν
2117 5087 2283 5142 τῶνδε
2309 5087 2417 5142 τῶν
2457 5088 2552 5141 τοῦ
2613 5087 2852 5159 Χριστοῦ
2902 5086 3149 5156 νυμφῶν,
3199 5086 3296 5138 σὺν
3350 5088 3416 5155 τῇ
3474 5102 3734 5154 γεννησα-

489 5178 626 5249 μένῃ
655 5180 1040 5249 προσέταττεν.

561 5270 647 5326 Η.
681 5270 890 5325 Βυιειιε
935 5282 1114 5325 autem
1143 5270 1365 5341 Cyrum,
1407 5279 1460 5322 et
1486 5266 1746 5322 Joannem
1792 5279 2059 5338 martyres

487 5365 760 5420 cruciavit
797 5383 811 5419 :
838 5379 988 5419 more
1033 5363 1293 5423 ﬂuctuum
1324 5362 1751 5416 incumbentium
1786 5361 1904 5415 illos
1931 5361 2062 5428 lapi-

488 5456 650 5512 dibus
676 5457 897 5521 obruit;
938 5467 1019 5509 ast
1056 5471 1177 5509 cum
1209 5470 1237 5508 a
1269 5455 1545 5524 proposito
1573 5461 1792 5509 sanctos
1821 5462 2064 5506 avertere

490 5562 598 5603 non
642 5557 845 5617 posset.
878 5563 977 5602 nec
1024 5546 1326 5610 blanditiis,
1376 5560 1477 5601 nec
1511 5543 1931 5610 hortationibus,
1967 5556 2065 5596 nec

495 5645 740 5707 monitis,
774 5656 872 5697 nec
912 5643 1266 5698 maximarum
1302 5642 1560 5712 dignitate
1590 5635 2059 5708 promissionibus,

493 5745 597 5790 uel:
647 5730 855 5799 laneis,
906 5748 1009 5793 nec
1056 5734 1206 5803 picea
1262 5731 1536 5802 fervente,
1607 5744 1704 5783 nec
1765 5725 2058 5781 ebullicnte

2243 5268 2329 5325 ια’.
2365 5269 2545 5340 Κῦρόν
2573 5285 2632 5321 τε
2672 5267 2834 5320 πάλιν
2869 5267 2964 5319 καὶ
3008 5264 3264 5334 Ἰωάννην
3293 5265 3417 5327 τοὺς
3456 5264 3737 5335 μάρτυρας

2169 5360 2508 5427 ἐϐασάνιζεν,
2540 5361 2634 5414 καὶ
2669 5359 2931 5430 κυμάτων
2967 5356 3127 5427 δίκην
3157 5355 3610 5426 προσρησσόντων
3643 5356 3739 5406 πέ-

2170 5473 2327 5527 τραις
2366 5455 2527 5508 πάλιν
2555 5454 2762 5506 ἐλύετοο
2804 5452 2880 5516 ὡς
2912 5451 2968 5505 δὲ
3018 5448 3227 5502 πείθειν
3260 5449 3384 5511 τοὺς
3428 5445 3618 5512 ἁγίους
3646 5446 3739 5499 οὐκ

2175 5549 2415 5619 ἴσχυσεν,
2445 5546 2505 5600 ού
2541 5546 2804 5607 θωπείαις
2824 5586 2838 5609 ,
2882 5544 2942 5597 οὐ
2995 5540 3439 5612 παρακλήσεσιν,
3469 5539 3530 5591 οὐ
3563 5539 3739 5592 νουθε-

2177 5640 2340 5702 σίαις.
2380 5638 2440 5692 οὐ
2488 5637 2663 5706 τιμῶν
2703 5635 2965 5706 προτάσει
3018 5632 3313 5702 μεγίστων,
3348 5628 3419 5690 ὡς
3471 5626 3629 5697 ᾤετο,
3672 5629 3736 5691 ,οἱ

2174 5731 2445 5802 μάστιξιν,
2479 5730 2539 5784 ού
2575 5729 2741 5801 πίσσῃ
2779 5725 3106 5797 βραττούσῃ,
3148 5724 3208 5777 οὐ
3242 5718 3427 5793 θερμῷ
3475 5719 3649 5783 ὓδατι,
3680 5722 3734 5772 of;
