4036 6236
372 357 515 419 3685

1522 354 1617 415 DE
1652 353 1755 412 SS.
1788 351 1982 412 (ΞΥΠο
2023 354 2116 414 ET
2152 354 2461 415 JOANNE.

3507 350 3649 415 3686

367 475 525 541 πυρὶ,
574 470 635 522 οὐ
677 467 784 529 ταῖς
844 466 1263 540 στρεϐλωτικοῖς
1303 471 1412 522 τῶν
1464 458 1643 540 μελῶν
1675 470 1945 540 ὀργάνοις1

2060 486 2220 541 aqua,
2264 487 2364 527 nec
2410 472 2543 541 igni,
2587 486 2687 528 nec
2709 471 3079 526 membrorum
3134 472 3488 527 distentorum
3525 484 3641 525 ma-

367 560 675 632 ὸποκαμὼθ
706 561 801 614 καὶ
851 559 1065 623 τούτοις
1113 562 1212 631 τὴν
1248 561 1429 631 ψῆφον
1458 563 1739 635 ἐπήγαγεν
1774 562 1955 633 φήσας

367 652 564 716 οὕτως·
626 652 809 721 Κῦρον
856 651 947 705 τὸν
990 652 1099 705 τῶν
1147 652 1449 707 Γαλιλαίων
1496 654 1830 724 προστάτην,
1862 653 1955 705 καὶ

382 743 636 817 Ἰωάννην
670 747 761 800 τὸν
786 745 978 799 τούτου
1009 745 1311 817 ὁμόφρονα,
1343 750 1456 811 τοῖς
1485 747 1819 818 θεσπίσμασι
1849 744 1954 798 τῶν

348 839 792 910 αὐτοκρατόρων
830 839 905 910 μὴ
933 838 1207 906 εἴξαντας,
1237 839 1332 892 καὶ
1360 843 1473 904 τοῖς
1505 841 1786 911 μεγίστοις
1813 839 1955 903 θεοῖς

368 929 654 1002 λατρεύειν
685 931 785 1001 οὐχ
817 931 1129 1001 ἑλομένους,
1166 933 1436 1004 κεφαλικῇ
1470 932 1712 1004 τιμωρίᾳ
1742 932 1954 999 ὑπάγο-

372 1039 494 1090 μεν·
525 1023 618 1075 καὶ
649 1022 822 1094 ταύτῃ
855 1025 920 1093 τῇ
951 1021 1118 1093 ψήφῳ
1157 1023 1247 1077 τὸν
1277 1024 1377 1094 τῆς
1418 1024 1729 1094 ἀφθαρσίας
1759 1022 1953 1094 ἀνεδή-

371 1130 535 1166 σαντο
566 1114 849 1181 στέφανον·
879 1118 1093 1187 ἡμέραν
1117 1110 1262 1187 εἶχεν
1286 1118 1554 1186 τριακάδα
1586 1116 1811 1187 πρώτην
1846 1114 1953 1186 μὴν

304 1224 307 1227 ν
380 1202 761 1273 Ἰαννουάριος,
807 1203 896 1256 ὅτε
924 1207 1021 1273 τὴν
1048 1207 1230 1259 πίστιν
1262 1206 1621 1277 τηρήσαντες,
1654 1204 1742 1257 τὸν
1758 1204 1955 1274 δρόμον

366 1297 415 1346 οἱ
450 1296 596 1362 ἆγιοι
637 1295 728 1347 τὸν
774 1295 1064 1365 ἀθλητικὸν
1112 1298 1504 1350 ὲκτετέλεκαν’
1545 1295 1805 1368 παρθένοι
1854 1296 1954 1366 μὲν

368 1387 462 1438 καὶ
492 1382 729 1455 Χριστοῦ
775 1385 984 1455 νύμφαι
1025 1390 1175 1458 τρεῖς
1209 1387 1532 1455 Θεοκτίστη,
1569 1385 1826 1455 Θεοδότη,
1859 1385 1954 1439 καὶ

368 1476 626 1540 Εύδοξία,
679 1476 772 1530 καὶ
824 1477 856 1547 ή
907 1477 1112 1542 ταύτας
1160 1477 1516 1549 βλαστήσασα
1569 1475 1668 1529 καὶ
1714 1475 1955 1539 εὐσεϐῶς

370 1567 793 1638 ἀναθρεψαμένη
840 1568 1153 1633 Ἀθανασία,
1191 1568 1372 1640 Κῦρός
1395 1585 1453 1619 τε
1482 1570 1509 1621 6
1538 1567 1714 1628 άϐϐἄς
1741 1567 1769 1618 6
1803 1565 1953 1636 φιλό-

370 1659 489 1720 θεο;
510 1698 524 1722 ,
559 1661 650 1712 καὶ
695 1659 948 1730 Ἰωάννης
981 1658 1321 1730 στρατιώτης
1352 1661 1381 1712 6
1416 1657 1607 1712 τούτου
1657 1657 1953 1727 ὁμόπιστος

2061 562 2258 628 chiuis,
2316 563 2642 634 defatigatus
2693 574 2778 620 est
2824 563 3091 636 Syrianus
3163 574 3218 619 et
3270 566 3410 618 hanc
3449 564 3502 617 in
3549 574 3641 619 eos

2061 652 2186 706 tulit
2234 653 2559 707 sententiam
2614 672 2627 707 :
2686 673 2705 707 ι
2759 655 2964 726 Cyrus,
3006 655 3350 711 Galilaeorum
3395 654 3532 717 dux,
3591 666 3640 709 et

2059 742 2302 799 Joannes
2345 756 2526 799 mente
2569 756 2995 811 consentaneus,
3032 747 3224 802 edictis
3267 745 3497 802 Cmsaris
3537 761 3641 800 oon

2059 836 2329 898 cedentes,
2378 837 2739 908 maximisque
2785 841 2887 894 diis
2920 840 3183 893 inservire
3215 853 3490 909 negantes,
3525 851 3639 906 poe-

2060 941 2185 980 nam
2212 927 2407 997 capitis
2439 929 2718 987 subibunt.
2760 948 2777 981 ι
2809 930 2919 986 liae
2963 931 3310 986 damnatione
3358 931 3644 984 immorta-

2066 1017 2235 1070 litatis
2260 1032 2515 1072 coronam
2542 1021 2643 1075 sibi
2668 1022 3036 1088 vindicarunt,
3060 1021 3144 1076 die
3173 1023 3443 1078 tricesima
3469 1027 3641 1089 prima

2060 1106 2325 1175 Januarii,
2364 1125 2471 1180 quo
2525 1122 2883 1168 servaverunt
2932 1114 3116 1179 ﬁdem,
3150 1128 3369 1167 cursum
3418 1123 3473 1167 et
3521 1127 3641 1167 cer-

2061 1207 2242 1253 tamen
2302 1201 2714 1268 compleverunt
2776 1204 3012 1274 virgines
3063 1214 3118 1259 et
3164 1202 3365 1259 Christi
3426 1219 3642 1273 sponsm

2059 1287 2668 1356 Theoetista,'Dcodata
2698 1305 2753 1350 et
2785 1295 3053 1362 Eudoxia,
3082 1306 3138 1350 et
3173 1312 3290 1364 qua:
3323 1296 3445 1351 illos
3480 1312 3641 1366 gene-

2060 1380 2200 1434 ravit
2247 1392 2303 1437 et
2350 1385 2400 1437 in
2449 1385 2652 1454 pietate
2677 1387 2938 1442 crmtrivit
2969 1398 3178 1453 mater,
3209 1386 3385 1456 Cyrus
3416 1388 3525 1441 Deo
3552 1402 3642 1442 ac-

2057 1473 2409 1541 ceptissimus
2456 1478 2643 1542 abbas,
2678 1489 2732 1532 et
2776 1477 3034 1541 Joannes,
3071 1478 3248 1544 miles,
3282 1478 3391 1533 illis
3441 1477 3543 1532 fide
3587 1488 3642 1529 et

2058 1565 2265 1618 honore
2297 1567 2640 1633 conjunctus.
2680 1570 2931 1638 Virgines
2976 1580 3193 1624 sanctas
3234 1586 3337 1623 una
3380 1584 3502 1623 cum
3546 1584 3633 1638 ge-

2058 1652 2254 1708 nitrice
2315 1656 2383 1709 ad
2441 1657 2760 1711 orientalem
2806 1666 3036 1728 partem
3090 1659 3141 1713 in
3196 1658 3396 1728 templo
3449 1654 3633 1712 Sancti

370 1751 463 1805 καὶ
494 1751 753 1822 ὁμότιμος
778 1768 792 1782 ο
840 1753 934 1805 καὶ
978 1752 1077 1815 τὰς
1110 1750 1211 1820 μὲν
1260 1752 1408 1823 τρεῖς
1448 1748 1611 1819 άγίας
1646 1747 1945 1817 παρθένους

2055 1743 2260 1807 Marci,
2310 1762 2417 1802 uno
2471 1747 2672 1803 lerctro
2739 1751 3137 1819 deposuerunt;
3195 1752 3396 1822 Cyrum
3457 1761 3635 1805 autem

371 1849 469 1901 σὺν
493 1850 559 1918 τῇ
592 1818 827 1919 τεκούσῃ
856 1845 999 1899 κατὰ
1016 1818 1442 1909 ἀνατολὰς-ναοῦ
1473 1818 1568 1897 τοῦ
1586 1843 1768 1910 Ἀγίου
1799 1842 1945 1912 Μάρ-

2059 1833 2489 1892 illustrissimum
2522 1850 2577 1893 et
2608 1841 3032 1895 commilitonem
3062 1841 3327 1896 Joannem
3365 1841 3415 1895 in
3447 1840 3635 1896 eadem

369 1955 468 1991 κου
498 1938 807 2002 κατέθεντο,
843 1941 901 1993 ὲν
927 1938 1077 2009 αὐτῷ
1108 1938 1429 2009 δειμάμαοι
1457 1937 1614 2009 σορὸν
1649 1936 1949 2008 πρέποντα⁶

368 2029 553 2101 Κῦρον
581 2032 637 2085 δὲ
664 2031 756 2085 τὸν
786 2031 1032 2103 ἀοίδιμον
1058 2031 1151 2084 καὶ
1191 2031 1447 2105 Ἰιιάννην
1476 2029 1569 2083 τὸν
1598 2028 1783 2098 Κύρου
1813 2046 1953 2098 συμ-

370 2121 627 2192 μάρτυρα
664 2124 721 2175 ὲν
751 2121 900 2194 αὐτῷ
930 2121 1006 2192 τῷ
1036 2122 1170 2192 οἴκῳ
1192 2119 1285 2173 τοῦ
1308 2119 1634 2174 ’Δποστόλου
1660 2119 1753 2173 καὶ
1783 2118 1954 2188 Εὐαγ-

366 2214 616 2282 γελιστοῦ
644 2216 872 2286 Μάρκου
902 2212 1192 2268 κατέθεντο
1223 2214 1281 2266 ὲν
1309 2212 1452 2284 θήκῃ
1481 2215 1602 2284 μιᾷ.

442 2305 528 2377 ιβ’.
564 2304 769 2377 Χρόνου
799 2304 856 2357 δὲ
886 2301 1245 2375 προελθόντος
1271 2301 1373 2356 οὐκ
1400 2301 1609 2370 ὀλίγου,
1647 2300 1723 2366 ὡς
1756 2291 1979 2355 καθαί-’

368 2414 518 2469 ρεσιν
570 2397 667 2467 μὲν
700 2397 800 2466 τῆς
831 2394 1148 2466 Ἑλληνικῆς
1195 2391 1507 2463 τυραννίδος
1552 2392 1823 2463 γενέσθαι,
1857 2396 1952 2447 καὶ

365 2490 725 2564 Χριστιανοὺς
751 2488 819 2543 τὰ
850 2488 1105 2559 σκῆπτρα
1125 2487 1396 2558 κρατῆσαι
1424 2485 1523 2555 τῆς
1550 2484 1839 2555 Ῥωμαίων
1852 2485 1949 2555 ἀρ-

366 2589 490 2655 χῆς,
513 2581 796 2636 Θεοδοσίου
844 2598 901 2634 τε
936 2578 1033 2633 τοῦ
1082 2577 1318 2650 μεγάλου
1356 2580 1455 2647 τὴν
1507 2577 1782 2648 βασιλείαν
1816 2594 1948 2631 κατ-

365 2677 605 2747 έχοντος,
627 2675 721 2729 καὶ
743 2672 949 2744 ταύτην
978 2672 1212 2734 πίστεως
1241 2668 1426 2741 ἔργοις
1454 2670 1853 2740 κοσμήσαντος,
1874 2668 1950 2732 ὡς

367 2767 539 2837 βίϐλοι
570 2767 1017 2836 ὲκκλησιαστικοὶ
1050 2761 1424 2835 μαρτυροῦσιν
1466 2761 1574 2814 τῶν
1607 2761 1950 2833 ἱστοριογρά-

364 2879 503 2929 φων,
535 2859 633 2913 καὶ
661 2858 802 2912 αὐτὰ
831 2858 886 2910 δὲ
922 2856 1021 2928 βοᾷ
1054 2857 1222 2908 πᾶσιν
1259 2854 1326 2907 τά
1363 2853 1668 2924 πράγματα
1691 2868 1705 2883 ·
1746 2855 1876 2923 μιᾶς
1902 2852 1947 2906 δ’

363 2952 455 3007 div
498 2951 660 3007 αὐτοῦ
713 2951 809 3006 καλ⁸
836 2953 1000 3021 ἡμεῖς
1045 2949 1247 3026 ἀρετῆς
1294 2946 1764 3019 μνημονεύσωμεν
1814 2947 1950 3019 πρὸς

363 3046 465 3115 τὴν
509 3044 619 3097 τῶν
662 3043 965 3115 εἰρημένων
998 3041 1294 3109 ἀπόδειξιν·
1330 3039 1572 3111 Πόλεμον
1603 3039 1753 3111 αὐτῷ
1785 3057 1950 3109 φασιν

2057 1927 2289 1994 apostoli
2327 1938 2381 1984 et
2425 1931 2777 2002 evangelista:
2817 1930 2983 1987 Marci
3032 1933 3168 1997 aede,
3204 1946 3311 1988 uno
3345 1929 3520 1986 loculo
3547 1945 3636 1985 se-

2055 2019 2346 2112 pclieruut:

2129 2300 2218 2356 ιε.
2259 2299 2447 2371 Longo
2477 2310 2664 2370 postea
2704 2311 2949 2371 tempore
2994 2302 3198 2369 evenit,
3234 2311 3293 2357 ut
3320 2301 3632 2358 Graecorum

2056 2395 2344 2465 imperium
2393 2397 2766 2450 destrueretur
2812 2405 2868 2450 et
2916 2394 3215 2451 Christiani
3262 2393 3632 2451 Romanorum

2057 2500 2223 2557 regno
2275 2486 2434 2557 potiti
2482 2487 2613 2541 sint.
2659 2486 2946 2557 Sceptrum
2998 2487 3170 2543 lenuit
3205 2483 3543 2543 Theodosius
3564 2498 3634 2542 ιρι

2057 2578 2177 2632 fidei
2232 2577 2491 2647 operibus
2545 2577 2891 2644 honestavil‘,
2939 2579 3014 2633 uti
3065 2579 3119 2633 in
3172 2582 3488 2638 auctoribus
3541 2597 3631 2637 ec-

2053 2668 2375 2725 clesiasticis
2420 2668 2709 2739 legendum
2754 2680 2838 2725 est
2867 2680 2922 2725 et
2961 2686 3048 2727 res
3083 2672 3326 2742 ipszemet
3371 2672 3629 2729 clamant.

2052 2762 2130 2816 Ad
2168 2762 2546 2832 probationem
2586 2762 2854 2816 dictorum
2900 2779 3067 2817 unum
3111 2763 3409 2819 referemus
3442 2780 3631 2820 exem-

2054 2856 2224 2927 plum.
2279 2856 2492 2911 Dicitur
2540 2856 2739 2926 bellum
2789 2857 3104 2926 imperatori
3136 2870 3381 2913 exortum
3413 2874 3534 2914 esse
3563 2862 3631 2912 ait

2050 2946 2489 3001 occidentalibus
2522 2946 2771 3015 partibus
2808 2946 2958 3017 regni
2994 2964 3008 3000 :
3040 2961 3106 3001 ex
3139 2962 3407 3002 consensu
3444 2960 3632 3003 mutuo

2051 3036 2336 3108 perplures
2374 3045 2739 3090 surrexerunt
2771 3047 2996 3107 gentes;
3038 3038 3287 3092 nationes
3327 3039 3632 3095 misceban-

362 3140 429 3190 ὲκ
459 3136 570 3189 τῶν
605 3134 835 3187 δυτικῶν
878 3132 1198 3203 κεκινῆσθαι
1234 3131 1416 3203 μερῶν
1441 3173 1455 3196 ,
1486 3133 1765 3191 ,πλείστων
1806 3133 1945 3186 ὅσων

2054 3139 2142 3182 tur
2180 3127 2510 3193 nationibus,
2547 3128 2827 3182 irruebant
2859 3143 2955 3183 ceu
2984 3129 3050 3183 de
3103 3140 3286 3185 monte
3326 3134 3632 3202 prmcipites

364 3225 532 3279 ὲθνῶν
562 3223 627 3276 ἐκ
652 3238 799 3287 τινος
827 3220 1145 3293 συμφωνίας
1174 3221 1619 3286 ἐπαναστάντων,
1649 3223 1743 3275 καὶ
1770 3220 1940 3276 ἐθνῶν

2051 3231 2347 3287 torrentes,
2391 3230 2446 3285 et
2491 3222 2856 3275 intumescens
2892 3236 3064 3290 mare,
3117 3234 3172 3277 et
3205 3238 3391 3278 eorum
3444 3241 3631 3280 omne-

362 3315 539 3369 ἔθνεσι
588 3313 969 3385 μιγνυμένων,
1005 3311 1098 3366 καὶ
1146 3313 1203 3365 ὲν
1247 3314 1358 3375 τοῖς
1396 3311 1767 3383 προλαϐοῦσιν
1803 3315 1936 3385 συρ-

364 3411 596 3483 ρεόντων
645 3409 962 3482 χειμάρρων
996 3406 1186 3477 ὥσπερ
1227 3405 1483 3476 ἀλλήλοις
1535 3407 1937 3478 ἐπιρρεόντων,

360 3504 454 3558 καὶ
483 3501 752 3558 θάλατταν
778 3498 1240 3572 ἀπεργαζομένων
1264 3497 1342 3568 τῷ
1373 3495 1568 3569 πλήθει
1592 3497 1687 3550 τοῦ
1722 3497 1936 3562 ὓδατος,

360 3595 392 3668 ἢ
426 3596 583 3666 δίκην
610 3593 831 3666 ἅκρίδος
862 3593 957 3647 καὶ
983 3592 1212 3663 ψάμμου
1253 3591 1489 3662 ἀριθμὸν
1519 3592 1619 3644 οὐκ
1661 3592 1895 3662 ἐχίντων
1921 3607 1934 3620 ·

357 3688 447 3742 τὸν
472 3687 672 3758 εὐσεϐῆ
696 3685 755 3740 δὲ
772 3683 961 3739 τοῦτον
987 3682 1265 3736 Θεοδόσιον
1292 3681 1367 3752 μὴ
1391 3680 1529 3750 πρὸς
1554 3680 1757 3750 ἐτέρων
1777 3679 1948 3735 ὲθνῶν

2054 3330 2147 3367 rus
2188 3323 2307 3368 erat
2362 3315 2516 3384 quasi
2564 3313 2758 3368 fluetus
2798 3312 3000 3368 Oceani
3049 3324 3102 3369 et
3146 3314 3390 3385 ejusdem
3437 3332 3627 3373 arena.

2048 3406 2187 3460 Cum
2226 3406 2346 3475 pius
2383 3410 2678 3473 imperator
2708 3404 2846 3459 alias
2891 3406 3044 3467 adire
3078 3422 3183 3460 non
3219 3417 3403 3476 posset
3442 3418 3629 3476 gentes

2049 3509 2108 3550 ut
2155 3496 2329 3551 foedus
2377 3496 2563 3562 iniret,
2597 3497 3059 3567 quematlmodum
3117 3499 3168 3551 iu
3218 3498 3631 3553 vehementibus

2048 3591 2231 3660 agitur
2260 3589 2528 3643 bellorum
2566 3590 2827 3655 motibus,
2862 3606 3013 3645 more
3050 3606 3149 3645 suo
3179 3591 3246 3645 ad
3288 3591 3455 3645 Deum
3499 3607 3631 3644 con-

2057 3680 2215 3750 fugit,
2244 3690 2297 3735 et
2328 3679 2478 3735 illum
2512 3681 2563 3733 in
2595 3681 2808 3735 fidelem
2841 3680 3140 3749 adjutorem
3176 3683 3466 3737 invocavit.

359 3781 692 3854 προτρέπειν
720 3778 895 3832 ἐλθεῖν
923 3778 1004 3840 είς
1038 3774 1339 3846 πρεσϐείαν
1369 3774 1606 3836 σπονδὰς
1637 3774 1940 3845 ὲμπράξαι,
1982 3769 2072 3827 οἷα
2109 3773 2255 3843 φιλεῖ
2303 3775 2368 3826 ὲκ
2414 3772 2523 3826 τῶν
2557 3773 2866 3845 ἁνισχύρων
2912 3776 2972 3827 ὲν
3048 3773 3296 3845 κινήσεσι
3372 3774 3626 3845 πολέμων

355 3873 626 3944 γίνεσθαι,
662 3871 739 3934 ὡς
768 3868 997 3939 σύνηθες
1029 3867 1181 3940 αὐτῷ
1210 3866 1347 3935 πρὸς
1375 3865 1507 3920 Θεὸν
1535 3866 1934 3939 ὲπανὲδραμεν,
1977 3868 2073 3921 καὶ
2101 3869 2285 3921 πίστιν
2323 3867 2516 3938 βοηθὸν
2545 3868 2916 3922 ἐπεσπάσατο.

432 3966 521 4036 ιγ’.
546 3962 753 4020 Μαθὼν
779 3962 887 4034 γὰρ
920 3959 1062 4015 κατὰ
1112 3959 1211 4029 τὴν
1239 3958 1438 4029 Σκῆτιν
1467 3956 1694 4030 (ἔρημος
1722 3958 1780 4012 δὲ
1805 3959 1946 4031 αὕτη

358 4058 507 4113 ἐστὶν
537 4056 673 4127 πρὸς
709 4055 985 4124 Δῖγυπτον
1013 4050 1187 4114 οὕτως
1214 4047 1641 4124 ὀνομαζομένη),
1664 4051 1834 4123 ἄνδρα
1865 4051 1943 4122 τῷ

356 4150 508 4219 γένει
534 4147 854 4217 Αίγύπτιον,
893 4145 1065 4217 ἀρετῇ
1096 4142 1153 4197 δὲ
1189 4142 1337 4215 πάσῃ
1372 4143 1494 4215 θείᾳ
1518 4144 1776 4216 κομῶντα
1797 4185 1813 4210 ,
1844 4144 1940 4199 καὶ

356 4242 506 4306 θείας
532 4238 834 4312 ἠξιωμένον
854 4235 954 4307 τῆς
981 4237 1223 4308 χάριτος,
1260 4234 1357 4289 καὶ
1397 4238 1668 4308 μεγίστων
1700 4237 1944 4308 θαυματ-

2116 3961 2205 4021 15.
2260 3925 2481 4016 Audivit
2526 3961 2668 4015 enim
2719 3962 2786 4016 ad
2851 3962 3090 4023 Scetem,
3137 3961 3189 4014 in
3228 3976 3414 4016 eremo
3454 3925 3623 4035 {Eg}:

2043 4053 2248 4122 ptiaeo,
2273 4054 2469 4124 degere
2494 4053 2770 4108 hominem
2798 4053 3019 4106 natione
3046 4052 3262 4121 quidem
3284 4052 3620 4126 Egyptium,

2040 4144 2247 4199 virtute
2303 4154 2485 4199 autem
2539 4143 2720 4197 divina
2772 4144 3101 4197 instructum
3159 4153 3213 4197 ct
3261 4146 3618 4199 maximorum
3690 4143 3704 4167 '

2040 4232 2430 4290 fniraculornm
2475 4243 2849 4304 operatorem.
2899 4233 3094 4288 Statim
3141 4234 3335 4290 scribit
3373 4234 3620 4292 Theodo-

355 4333 719 4407 ουργημάτων
755 4328 996 4402 ἐργάτην
1019 4326 1353 4398 ὑπάρχοντα,
1379 4328 1517 4399 πρὸς
1559 4327 1818 4397 Θεόφιλον
1843 4329 1934 4381 εὐ-

2047 4327 2155 4383 sius
2203 4328 2269 4382 ad
2318 4326 2707 4397 TheOphilum,
2740 4326 2830 4396 qui
2877 4341 2944 4382 eo
2991 4336 3233 4399 tempore
3278 4330 3618 4387 Alexandria:

358 4427 455 4491 θὺς
483 4425 685 4497 γράφει
715 4423 889 4487 οὓτως
941 4421 1128 4494 (αὐτὸς
1168 4421 1277 4494 γὰρ
1302 4419 1413 4475 τῶν
1453 4422 1512 4473 ὲν
1550 4419 1931 4492 Ἀλεξανδρείᾳ.

2047 4432 2257 4488 gregem
2332 4416 2536 4472 Christi
2594 4417 2783 4471 sedqu
2836 4419 3129 4486 pascebat,
3186 4428 3245 4474 ut
3299 4422 3613 4490 prtedictum

354 4515 595 4591 Χριστοῦ
644 4515 912 4586 ποιμνίων
956 4515 1035 4584 τῷ
1076 4512 1195 4568 κατ’
1244 4514 1420 4566 έκεῖνο
1456 4511 1647 4583 καιροῦ
1683 4510 1937 4583 κηδεμὼν

281 4680 291 4685 _
354 4606 725 4682 ιγνωρίξετο),
761 4606 903 4660 ὥστε
927 4605 1020 4660 τὸν
1043 4603 1409 4677 προλεχθέντα
1435 4603 1735 4674 θαυμάσιον
1767 4601 1936 4673 ἄνδρα

355 4702 494 4774 πρὸς
522 4699 685 4755 αὐτὸν
711 4697 1016 4769 ἐκπέμψαι,
1048 4696 1511 4768 παρακαλέσαντα
1544 4694 1756 4766 βοηθεῖν
1784 4693 1932 4764 αὐτῷ

353 4796 474 4855 ταῖς
510 4792 647 4864 πρὸς
673 4789 806 4845 Θεὸν
842 4790 1076 4854 ἱκεσίαις
1115 4790 1196 4852 εἰς
1222 4789 1315 4841 τὸν
1358 4787 1613 4858 πόλεμον,
1655 4785 1930 4839 πιστεύων

353 4884 549 4958 ὀρθῶς,
573 4884 666 4936 καὶ
697 4880 915 4944 εὔελπις
930 4878 1026 4945 ῶν,
1042 4880 1125 4934 δτι
1146 4880 1361 4943 πάντως
1380 4880 1685 4949 γενήσεταν
1706 4877 1844 4947 πρὸς
1867 4876 1927 4930 ὃν

354 4971 642 5047 ἐκδραμὼν
667 4973 697 5025 6
717 4972 1036 5035 ἐπίσκοπος,
1063 4971 1157 5023 καὶ
1176 4970 1276 5040 τὴν
1310 4969 1485 5023 αἰτίαν
1514 4967 1766 5035 ἐξειπὼν,
1798 4969 1928 5021 ἀνα-

248 5054 251 5055 ν
355 5066 559 5120 ϐαίνειν
586 5063 721 5135 πρὸς
748 5062 842 5116 τὸν
874 5058 1182 5132 κρατοῦντα
1220 5059 1485 5113 νουθετῶν
1515 5059 1784 5129 ἐλιπάρει·
1817 5061 1845 5112 6
1868 5058 1923 5111 δὲ

354 5155 642 5225 Σενούφιος
674 5153 853 5225 (τοῦτο
882 5151 990 5224 γὰρ
1017 5152 1188 5223 ὄνομα
1208 5150 1286 5220 τῷ
1319 5149 1575 5220 μακαρίῳ
1598 5148 1750 5219 ἀνδρὶ
1781 5146 1862 5221 [4]
1885 5151 1926 5215 ),

356 5246 663 5318 συγχωρεῖν
694 5243 842 5314 αὐτῷ
873 5244 965 5297 τὸν
1008 5241 1269 5315 ἀρχιερέα
1308 5242 1580 5317 ἱκέτευεν,
1605 5240 1928 5311 ἁμαρτωλὸν

354 5341 545 5396 ἑαυτὸν
569 5332 711 5392 εἶναι
733 5333 907 5405 λέγων
940 5336 1036 5391 καὶ
1064 5336 1279 5405 ἀχρεῖον
1307 5332 1493 5387 δοῦλον
1518 5332 1807 5386 ἀποκαλῶν
1832 5331 1927 5385 τοῦ

354 5431 581 5504 Κυρίου⁹
630 5429 755 5484 ἐπεὶ
785 5429 842 5482 δὲ
884 5428 1285 5499 συγχωρήσεως
1328 5428 1510 5498 τυχεῖν
1558 5425 1653 5501 οὐχ
1700 5421 1811 5491 οἷός
1869 5444 1927 5480 τε

354 5526 595 5603 γέγονεν,
626 5520 770 5577 κατὰ
796 5511 1076 5584 ἀνατολὰς
1096 5519 1248 5589 ἔστη,
1282 5518 1377 5573 καὶ
1406 5517 1467 5571 τὸ
1492 5519 1758 5589 μαφόριον
1783 5517 1811 5571 6
1834 5517 1929 5587 φέο

2036 4505 2339 4562 mirabilem
2376 4507 2551 4560 virum
2587 4506 2833 4562 mitteret
2873 4510 2941 4562 ad
2983 4508 3389 4580 imperatorem,
3428 4513 3613 4566 horta-

2035 4609 2295 4669 returque
2350 4600 2593 4669 pontifex
2658 4599 2831 4653 virum
2888 4611 3137 4654 sanctum
3199 4612 3260 4655 ut
3316 4618 3415 4673 pro
3473 4605 3613 4658 bello

2031 4677 2305 4761 supplices
2361 4694 2427 4746 ad
2480 4689 2651 4746 Deum
2705 4691 3009 4747 eﬂ'nnderet
3065 4707 3294 4763 preces;
3354 4697 3610 4752 credebat

2032 4786 2176 4840 enim
2230 4786 2530 4852 imperator
2581 4784 2908 4839 fiducialiter
2965 4794 3023 4839 et
3082 4787 3298 4841 fortiter
3356 4789 3611 4857 Sperabat

2033 4878 2215 4933 Omnia
2262 4880 2468 4948 optime
2509 4876 2711 4931 futura.
2743 4878 3070 4932 Excucurrit
3116 4879 3278 4950 igitur
3318 4885 3607 4952 episcopus

2034 4970 2100 5023 ad
2137 4970 2312 5024 virum
2365 4976 2615 5024 sanctum
2660 4969 2846 5037 illique
2885 4974 3066 5025 ouinia
3109 4973 3424 5038 declaravit,
3461 4990 3607 5043 qum-

2032 5060 2268 5129 sivitque
2335 5070 2395 5113 ut
2463 5059 2529 5113 ad
2593 5057 2954 5114 Theodosium
3026 5062 3297 5118 adveniret
3363 5074 3603 5119 Sanetus.

2030 5148 2339 5219 Senuphius
2385 5160 2587 5218 autem,
2619 5153 2696 5205 sic
2728 5153 2871 5206 enim
2918 5155 3219 5209 vocabatur
3243 5155 3324 5207 vir
3354 5155 3605 5209 beatissi-

2030 5259 2170 5306 mus,
2208 5244 2424 5297 veniam
2463 5244 2565 5299 sibi
2620 5259 2647 5297 a
2706 5245 2962 5313 pontifice
3008 5247 3233 5301 concedi
3262 5246 3412 5315 petiit
3462 5249 3604 5315 quod

2028 5344 2174 5390 esset
2207 5336 2323 5406 ipse
2367 5347 2623 5405 peccator
2658 5346 2712 5392 et
2756 5335 2968 5391 Domini
3018 5335 3102 5391 sui
3147 5350 3335 5391 εειιιιε
3372 5337 3599 5392 inutilis.

1991 5429 2127 5490 ,Ast
2166 5443 2288 5482 cum
2341 5430 2553 5482 veniam
2616 5444 2722 5482 non
2784 5429 3166 5498 impetrasset,
3224 5429 3288 5483 ad
3336 5430 3606 5484 orientem

2027 5517 2201 5584 stetit,
2242 5527 2298 5573 et
2331 5519 2476 5588 quod
2502 5519 2555 5573 in
2588 5518 2835 5574 humeris
2870 5517 3083 5574 ferebat
3111 5519 3396 5576 bumerale
3432 5523 3604 5576 mani-

1854 5638 2087 5696 ΝΟΤᾹΞ.

391 5740 512 5869 du?)
535 5739 610 5821 Ea
662 5739 1023 5869 ἓοοὲνηοειιο,
1055 5744 1114 5792 ιιι
1144 5749 1286 5800 reor,
1340 5734 1601 5805 Opuscnlo
1645 5741 1919 5787 mutuatus
1959 5745 2045 5789 est
2095 5734 2341 5789 eamdem
2392 5733 2760 5789 narrationem
2808 5731 3001 5798 Glycas
3072 5731 3269 5788 Annal.
3332 5742 3476 5827 parit.
3510 5731 3602 5790 ιν.

429 5851 443 5865 .
515 5825 643 5869 31⁵15.
788 5826 818 5862 ο
862 5847 876 5861 .

359 5827 443 5868 e.

515 5812 643 5874 aris.
666 5824 700 5878 p
750 5807 876 5862 257.
