4036 6236
416 322 554 386 368Ἳ

1432 310 1846 385 SOPHRt)NII
1887 325 2393 384 PATRlAlttlllxli
2440 325 2840 388 lllEllOSUI..

3555 327 3698 390 3ιιιε

417 433 519 488 bus
550 433 663 489 suis
697 433 891 489 baculo
924 435 1207 504 imposuit,
1250 436 1314 488 ad
1347 436 1546 490 emlum
1586 436 1803 490 sustulit
1837 446 1892 491 et
1921 437 1999 491 sic

2111 454 2216 507 ρων
2246 438 2331 489 ἐπ’
2362 436 2525 508 ὤμων
2558 436 2669 508 εἶχε
2707 438 2803 490 σὺν
2834 438 2898 507 τῇ
2936 436 3208 510 βακτηρίᾳ
3238 439 3352 502 ταῖς
3391 442 3551 508 χερσὶ
3578 440 3684 491 δια-

416 526 746 581 exclamavit
789 546 801 581 :
842 548 859 579 ‹
900 528 1131 583 Domine
1163 528 1288 584 Jesu
1337 530 1592 596 Christe,
1644 544 1809 600 quam
1872 529 2000 582 mihi

420 617 626 673 famulo
678 630 770 673 tuo
818 622 1089 692 peccatori
1146 622 1340 675 dediin
1390 623 1670 687 virtutem,
1720 623 1858 676 hanc
1908 622 1999 673 tri-

419 709 527 764 bue
572 709 766 767 baculo
803 712 931 769 huic
967 722 1021 768 et
1061 715 1365 782 maphorin.
1410 734 1430 767 ι
1469 714 1833 769 Coucedendo
1884 714 2004 767 illos

419 802 662 868 pontiﬁci
712 804 848 859 dixit
887 821 902 858 :
938 822 956 856 ι
989 805 1123 861 Cum
1171 808 1420 861 remittas
1454 806 1770 875 imperatori
1807 804 2002 869 scribe,

420 902 479 946 ut
536 895 823 964 maphorio
875 894 1177 953 circumdet
1226 908 1391 965 caput
1438 904 1491 950 et
1540 898 1788 952 baculum
1842 912 2005 949 manu

422 993 634 1050 teneat;
692 990 961 1056 praecedet
1013 989 1128 1058 ipse
1185 989 1486 1042 exercitum
1539 989 1590 1041 in
1642 988 1785 1043 bello
1841 997 1897 1042 et
1952 987 2006 1041 in

420 1076 560 1131 facie
596 1077 868 1146 hostium;
912 1082 1114 1135 etenim
1146 1082 1189 1136 si
1224 1081 1476 1135 Christus
1516 1080 1658 1135 Deus
1690 1095 1776 1133 me
1809 1079 1862 1132 in
1894 1094 2010 1133 ser-

422 1183 545 1221 vum
594 1185 751 1224 suum
799 1171 966 1227 habet
1010 1183 1066 1226 et
1113 1187 1304 1243 preces
1352 1188 1501 1228 meas
1539 1173 1710 1237 audit,
1747 1185 1842 1241 per
1896 1172 2009 1226 haec

423 1259 728 1325 victoriam,
763 1273 984 1331 propter
1015 1264 1171 1317 [idem
1199 1264 1250 1317 in
1282 1265 1449 1317 Deum
1484 1265 1654 1317 dabit.
1694 1283 1713 1314 ι

2111 531 2360 601 κατέχων
2388 574 2403 595 ,
2440 534 2533 584 καὶ
2578 533 2714 602 πρὸς
2761 531 2989 600 οὐρανὸν
3031 532 3355 596 ἀνατείνας,
3391 533 3516 589 τάδε
3561 534 3698 604 πρΣς

2112 619 2276 672 αὐτὸν
2297 619 2490 688 ἀνεΰόη
2503 636 2609 673 σεν’
2646 640 2663 672 ι
2686 620 2855 689 Κύριε
2874 614 3050 692 Ἰησοῦ
3070 622 3270 693 Χριστὲ
3297 625 3323 676 ό
3352 610 3482 686 esi;
3515 624 3693 691 ήμοῗιν,

2114 710 2341 780 οἵανπέρ
2378 728 2466 779 μοι
2509 712 2661 782 ἔσχ’λν
2731 711 2971 776 δέδωκας
3017 712 3093 784 τῷ
3139 712 3218 782 σῷ
3269 712 3578 783 ἁμαρτωλῷ
3618 716 3697 764 oi-

2084 804 2282 875 ,xé‘r'g,
2326 804 2572 875 πάρασχε
2626 803 2718 856 καὶ
2764 801 2939 875 ταύτῃ
2991 822 3093 874 μου
3145 802 3418 875 βακτηρία
3472 803 3569 855 σὺν
3621 800 3702 871 τῷ

2115 897 2392 967 μαφορίῳ.
2430 916 2448 948 ι
2483 897 2591 948 Καὶ
2619 897 2742 960 δοὺς
2786 897 2927 950 αὑτά
2963 895 3041 967 τῷ
3082 898 3351 967 ἀρχιερεῖ,
3390 895 3516 949 τάδε
3563 892 3702 963 πρὸς

2112 988 2272 1040 αὑτὸν
2305 987 2475 1058 ἔφησε
2496 1005 2508 1017 ·
2545 1008 2562 1039 ι
2594 988 2777 1041 Ταῦτα
2806 987 3024 1059 πέμψας
3055 987 3133 1058 τῷ
3173 987 3385 1057 βασιλεῖ
3406 986 3605 1055 γράφε,
3638 984 3702 1035 τὸ

2116 1082 2214 1149 μὲν
2248 1082 2515 1151 μαφόριον
2539 1080 2934 1151 περιϐαλέσθαι
2966 1083 3031 1151 τῇ
3063 1080 3299 1150 κεφαλῇ,
3334 1081 3427 1132 καὶ
3449 1081 3514 1149 τῇ
3550 1076 3698 1147 χειρὶ

2114 1176 2211 1244 τὴν
2247 1173 2550 1246 βακτηρίαν
2586 1175 2921 1244 κατέχοντα,
2961 1175 3067 1243 πρὸ
3110 1173 3314 1235 παντὸς
3362 1171 3561 1237 ἐξιέναι
3605 1171 3701 1221 καὶ

2114 1267 2279 1319 αὑτοῦ
2316 1266 2412 1320 τοῦ
2453 1267 2818 1337 στρατοπέδου
2853 1265 3020 1319 αὑτοῦ
3067 1267 3145 1326 είς
3184 1265 3274 1317 τὸν
3320 1263 3557 1332 πόλεμον
3602 1258 3700 1312 καὶ

414 1351 526 1405 τῶν
562 1353 820 1406 ἐναντίων
857 1353 1184 1423 παράταξιν·
1231 1354 1389 1424 εἴπερ
1439 1354 1547 1424 γάρ
1598 1371 1663 1422 με
1709 1356 1943 1426 Χριστὸς
2002 1360 2029 1410 ό
2093 1356 2225 1420 Θεὸς
2271 1356 2430 1427 ἡμῶν
2488 1360 2568 1420 είς
2628 1357 2815 1411 δοῦλον
2867 1356 3198 1425 λελόγισται,
3252 1357 3346 1408 καὶ
3397 1357 3495 1423 τῆς
3557 1352 3698 1423 ἐμῆς

418 1443 655 1514 δεήσεως
701 1446 1036 1516 ὲπακήκοεν,
1083 1448 1178 1500 καὶ
1220 1446 1319 1517 τὴν
1366 1446 1521 1516 νίκην
1560 1446 1647 1499 διὰ
1690 1449 1897 1502 τούτων
1942 1452 2006 1520 τῇ
2051 1448 2184 1521 πρὸς
2214 1448 2344 1503 Θεὸν
2370 1448 2552 1503 πίστει
2585 1450 2915 1518 δωρήσεται.

496 1535 583 1589 14.
623 1536 832 1601 Quibus
873 1538 1128 1606 receptis,
1172 1552 1269 1591 ceu
1318 1538 1527 1605 galeam
1570 1540 1767 1595 salutis
1816 1543 2009 1594 Imme-

2158 1538 2257 1596 ἰδ’.
2291 1542 2661 1611 Πεμφθέντων
2688 1539 2978 1612 τοιγαροῦν
2999 1538 3106 1593 τῶν
3134 1537 3435 1606 λεχθέντων
3468 1538 3693 1606 κοσμεί-

424 1626 539 1680 rale
603 1640 702 1681 suo
773 1628 939 1695 capiti
1000 1628 1255 1699 imposuit
1311 1628 1688 1695 Theodosius,
1740 1641 1793 1684 et
1850 1646 2005 1685 manu

2111 1653 2191 1688 ται
2231 1634 2330 1705 μὲν
2360 1637 2387 1688 ὁ
2412 1633 2710 1704 θεοστεφὴς
2740 1633 3022 1696 Θεοδόσιος
3048 1628 3482 1698 περικεφαλαίαν
3515 1646 3690 1699 σωτη-

421 1717 616 1772 dextra
665 1718 918 1773 baculum
971 1730 1217 1790 gestans,
1254 1723 1460 1790 primus
1499 1737 1530 1777 e
1575 1723 1809 1777 fidelium
1845 1737 2002 1779 exer-

2112 1728 2229 1796 ρίας
2279 1728 2467 1781 ἐλπίδα
2513 1728 2573 1780 τὸ
2622 1726 2913 1797 μαφόριον,
2970 1724 3065 1779 καὶ
3104 1726 3169 1795 τῇ
3216 1722 3372 1794 δεξιᾷ
3404 1724 3547 1794 χειρὶ
3594 1723 3693 1790 τὴν

423 1811 534 1863 cito
578 1809 632 1863 in
681 1825 914 1881 pugnam
968 1813 1255 1880 processit.
1302 1811 1371 1869 Ut
1412 1814 1628 1869 barbari
1671 1815 1818 1869 illum
1853 1816 2007 1870 video

424 1912 570 1964 runt,
604 1902 790 1956 statim
831 1902 883 1955 in
915 1900 1092 1972 fugam
1124 1906 1371 1960 conversi
1405 1916 1549 1972 sunt,
1588 1908 1799 1979 seipsos
1838 1909 2006 1963 inter-

420 2004 696 2059 emerunt,
731 2009 832 2049 nec
875 1996 1040 2050 telum
1088 2011 1189 2051 nec
1230 1997 1425 2053 vulnus
1469 1997 1538 2052 ab
1577 2002 1823 2056 exercitu
1859 2015 2008 2057 rece-

422 2093 656 2154 perunt;
694 2088 759 2140 ad
791 2087 953 2143 ﬁnem
992 2104 1164 2158 usque
1214 2091 1441 2146 salutari
1492 2092 1598 2147 ista
1645 2088 1793 2164 galea
1842 2095 2007 2149 deco—

422 2177 530 2231 rari
580 2177 752 2233 voluit
799 2179 922 2248 pius
969 2180 1264 2251 imperator
1328 2166 1440 2253 pro
1484 2185 1630 2239 omni
1680 2186 2006 2240 diademate.

419 2267 747 2338 Popularem
836 2270 999 2340 hujus
1089 2272 1218 2328 facti
1298 2272 1651 2331 festivitatem
1728 2277 2011 2332 celebrant

419 2362 761 2419 Alexandriae
840 2365 1067 2436 singulis
1131 2367 1333 2432 annis,
1398 2370 1501 2423 hoc
1565 2367 1762 2423 festum
1813 2367 2010 2438 Imagi-

421 2467 542 2508 nem
586 2456 891 2510 nominant.
941 2455 1235 2528 Imaginem
1298 2457 1588 2515 Theodosii
1624 2461 1850 2525 habent,
1900 2476 2006 2529 qua

419 2558 586 2616 caput
614 2547 902 2615 niapl-orio
937 2549 1212 2604 obtectum
1253 2551 1506 2617 habetur,
1539 2552 1589 2606 in
1631 2568 1791 2607 manu
1816 2553 2006 2608 dexrra

421 2645 506 2690 est
544 2636 770 2693 baculus
815 2648 870 2693 et
919 2640 1239 2695 miraculum
1292 2657 1387 2713 per
1432 2642 1604 2713 ipsam
1650 2643 2001 2699 festivitatem

420 2727 741 2795 praedicant.

2114 1819 2420 1891 βακτηρίαν
2470 1817 2796 1889 δεξάμενος,
2858 1816 2994 1888 πρὸς
3045 1816 3138 1870 τὸν
3188 1815 3422 1885 πόλεμον
3472 1812 3693 1883 ἐξῆλθεν

2114 1915 2331 1985 πρῶτος
2364 1911 2457 1966 τοῦ
2490 1911 2818 1988 πιστοῄιτου
2861 1909 3028 1965 αὐτοῦ
3075 1907 3500 1980 στρατεύματος
3531 1907 3589 1960 ὃν
3617 1906 3694 1968 ὡς

2113 2000 2252 2057 εἶδον
2280 2005 2327 2056 oi
2374 2001 2662 2072 βάρόαροι,
2702 2001 2839 2097 πρὸς
2867 1998 3044 2071 φυγὴν
3092 1998 3292 2063 εὐθέως
3330 1996 3692 2097 έτ-ράπησαν,

2114 2096 2209 2149 καὶ
2249 2094 2478 2156 ἑαυτοὺς
2507 2088 2932 2163 κατηνάῗιῖυσαν,
2978 2091 3128 2162 βέλος
3160 2088 3436 2153 παντελῶς
3468 2089 3503 2159 ἢ
3546 2088 3689 2157 πλη-

2116 2186 2220 2256 γὴν
2273 2186 2425 2255 παρὰ
2476 2185 2573 2238 τοῦ
2620 2183 2856 2255 στρατοῦ
2911 2184 2988 2255 μὴ
3039 2184 3343 2254 δεξάμενοι·
3379 2183 3474 2236 καὶ
3532 2182 3694 2253 μέχρι

2108 2277 2298 2340 τέλους
2330 2279 2395 2348 τῇ
2431 2276 2686 2349 σωτηρίῳ
2719 2277 2895 2349 ταύτῃ
2930 2275 3337 2348 περικεφαλαίᾳ
3370 2275 3461 2328 τὸν
3493 2274 3688 2344 εὐσεϐῆ

2109 2367 2204 2419 καὶ
2260 2366 2510 2436 φιλόθεον
2558 2368 2937 2439 αὐτοκράτορα
2985 2368 3107 2422 ἀντὶ
3153 2369 3356 2430 παντὸς
3410 2371 3471 2420 ἐν
3514 2367 3688 2428 αὐτοῖς

2110 2458 2470 2529 σεμνύνεσθαι
2494 2460 2847 2530 διαδήματος·
2872 2462 2930 2513 έν
2959 2452 3041 2523 οἷς
3063 2459 3157 2513 καὶ
3186 2459 3468 2530 πάνδημον
3503 2458 3689 2530 ἑορτὴν

2107 2553 2163 2603 ἐν
2209 2556 2273 2623 τῇ
2336 2554 2714 2625 Ἀλεξανδρείᾳ
2749 2555 3009 2622 ἄγουσιν,
3062 2553 3184 2607 καθ’
3215 2554 3448 2606 ἕκαστον
3481 2553 3598 2617 ἕτος
3633 2551 3689 2603 τὸ

2111 2646 2352 2699 Εἱκόνιον
2383 2646 2551 2716 αὐτὴν
2580 2646 2959 2717 ὀνομάζοντες
2996 2645 3181 2699 εἰκόνα
3213 2646 3323 2715 γᾶρ
3354 2644 3570 2716 ἔχουσιν
3596 2644 3693 2697 αὐ-

2112 2738 2206 2792 τοῦ
2228 2779 2242 2804 ,
2275 2739 2419 2807 λέγω
2447 2739 2532 2809 δὴ,
2567 2738 2659 2792 τοῦ
2689 2738 3079 2792 εὐσεὸεστάτου
3109 2737 3372 2808 βασιλέως
3389 2738 3689 2800 Θεοδοσίου,

419 2820 518 2889 τὴν
559 2820 658 2891 μὲν
705 2822 949 2895 κεφαλὴν
991 2824 1067 2895 τῷ
1102 2826 1355 2897 μαφορίῳ
1388 2828 1812 2901 κεκαλυμμένην
1848 2831 2087 2903 ἔχοντος,
2122 2840 2189 2907 τῇ
2238 2836 2295 2889 δὲ
2370 2834 2521 2908 δεξιᾷ
2601 2836 2743 2908 χειρὶ
2810 2835 2908 2906 τὴν
2956 2833 3259 2906 βακτηρίαν
3336 2834 3690 2905 κατέχοντος,

420 2915 507 2966 ἀεὶ
541 2914 601 2968 τὸ
649 2915 835 2984 θαῦμα
870 2918 1247 2989 κηρύττουσαν
1291 2920 1377 2974 διὰ
1422 2922 1520 2992 τῆς
1558 2922 1778 2995 ἐτησίας
1831 2925 2005 2996 αὐτῆς
2048 2928 2433 3000 πανηγύρεως.

495 3004 579 3058 15.
638 3005 828 3059 Divina
882 3009 1057 3077 gratia
1109 3019 1164 3063 et
1212 3010 1383 3065 lidelis
1431 3013 1614 3082 piiquc
1662 3014 2006 3082 imperatoris

2138 3032 2141 3035 ‘
2185 3027 2246 3076 ε’.
2285 3020 2417 3092 Θείᾳ
2462 3021 2517 3075 δὲ
2564 3021 2744 3091 χάριτι
2792 3022 2887 3074 καὶ
2925 3020 3019 3074 τοῦ
3071 3019 3263 3075 πιστοῦ
3308 3021 3399 3074 καὶ
3433 3018 3691 3080 εὐσεϐοῦς

424 3093 716 3149 Theodosii
759 3098 1146 3167 cooperatione
1178 3102 1379 3165 omnia,
1417 3112 1473 3156 ut
1508 3105 1578 3157 ita
1623 3106 1820 3169 dicam,
1857 3106 2004 3161 Grae-

2114 3111 2377 3182 βασιλέως
2426 3112 2707 3166 Θεοδοσίου
2771 3112 3063 3183 συνεργείᾳ
3122 3114 3150 3166 ὁ
3195 3110 3294 3182 τῆς
3362 3110 3690 3178 Ἐκκλησίας

421 3201 613 3239 eorum
660 3187 953 3243 simulacra
987 3189 1040 3244 in
1071 3190 1205 3247 urbe
1233 3192 1432 3248 evertit
1480 3194 1569 3249 ille
1593 3196 1836 3251 ecclesiae
1873 3214 2008 3267 prm-

422 3280 510 3332 sul
556 3288 740 3349 pastor
784 3283 966 3351 gregis
1009 3283 1261 3340 assiduus
1307 3295 1363 3340 et
1409 3287 1593 3341 divino
1647 3290 1764 3344 zelo
1822 3291 2011 3358 plenus

426 3369 795 3441 TheOphilus;
851 3375 1130 3430 civitatem
1182 3393 1401 3448 quoque
1459 3391 1624 3435 totam
1689 3383 2011 3439 desideratis

425 3467 713 3521 exornavit
764 3467 1006 3533 aedibus,
1070 3478 1123 3524 et
1188 3470 1239 3524 in
1304 3473 1423 3525 loco
1475 3470 1695 3542 Canopo
1740 3475 2010 3541 Apostolis

432 3573 686 3625 magnum
756 3568 809 3612 et
881 3559 1190 3614 mirandum
1256 3562 1513 3631 templum
1584 3566 1778 3620 erexit.
1845 3566 2007 3621 Extra

324 3688 333 3699 .
428 3647 614 3701 urbem
656 3648 820 3702 situm
857 3657 943 3704 est
979 3650 1046 3704 ad
1072 3651 1250 3705 stadia
1278 3652 1598 3722 duodecim;
1638 3655 1894 3710 nimirum
1935 3660 2011 3712 in-

426 3741 584 3810 signe
640 3750 695 3794 et
745 3741 876 3810 ipsis
924 3740 1241 3797 Grarcorum
1299 3745 1485 3813 pueris
1532 3748 1865 3803 venerabile.
1901 3748 2009 3805 lbi-

428 3834 548 3886 dem
604 3841 825 3902 putatur
877 3845 1052 3889 cwtus
1107 3835 1331 3890 deormu
1383 3837 1575 3903 fuisse,
1610 3839 1687 3893 uti
1743 3840 1827 3894 via
1877 3842 2009 3910 lapi-

401 3915 588 3979 'dihus
625 3935 796 3980 strata
835 3937 893 3980 et
933 3927 1124 3981 eodem
1164 3942 1229 3982 ex
1273 3930 1529 3984 erunibus
1573 3931 1724 3985 urbis
1767 3934 2007 4000 partibus

425 4019 670 4081 directa,
723 4017 950 4086 perticis
1000 4029 1053 4072 et
1098 4019 1306 4074 balneis
1355 4019 1728 4091 frequentibus
1777 4010 2003 4079 demon-

427 4120 655 4166 stratur.
697 4110 906 4180 Viginti
944 4121 1182 4185 quatuor
1228 4111 1456 4168 aderant
1490 4114 1706 4180 balnea,
1743 4132 1865 4185 qua:
1908 4118 2005 4174 ho-

426 4203 668 4269 diedmn,
690 4203 844 4272 juxta
882 4204 1099 4259 testium
1132 4209 1627 4272 asseverationem,
1660 4222 1847 4264 eversa
1880 4220 2008 4265 sum

429 4304 485 4348 ut
540 4304 746 4349 tantum
797 4297 1029 4366 vestigia
1078 4297 1322 4368 quaedam
1372 4310 1709 4355 remaneant.
1744 4300 1887 4357 Foro
1925 4304 2004 4357 iu-

425 4402 610 4458 super,
650 4403 832 4443 rerum
890 4391 1162 4445 venalium
1223 4391 1462 4447 abundat
1512 4393 1687 4464 copia.
1735 4396 1817 4448 Ab
1871 4397 2003 4451 urbe

2112 3205 2398 3275 πρόεδρος,
2443 3204 2535 3258 καὶ
2562 3205 2668 3258 τῶν
2698 3206 2755 3258 ἐν
2789 3208 2852 3275 τῇ
2898 3204 3277 3277 Ἀλεξανδρείᾳ
3303 3205 3569 3273 ποιμνίων
3600 3220 3691 3253 νο-

2114 3299 2248 3368 μεὺς
2286 3298 2569 3368 ἀσφαλὴς,
2609 3297 2738 3368 θείῳ
2788 3298 2934 3369 ζήλῳ
2966 3297 3397 3367 πεπληρωμένος
3428 3292 3688 3361 Θεόφιλος

2113 3388 2307 3451 πάντα,
2331 3387 2405 3450 ὡς
2435 3388 2629 3453 εἰπεῖν,
2664 3387 2929 3456 Ἑλλήνων
2958 3386 3211 3440 καθεῖλεν
3243 3385 3312 3439 τὰ
3346 3383 3689 3454 σεϐάσματα.

2112 3479 2207 3531 καὶ
2242 3478 2553 3549 εὐκτηρίοις
2585 3477 2755 3542 οἴκοις
2787 3480 2886 3549 τὴν
2920 3478 3073 3530 πόλιν
3123 3479 3304 3530 πᾶσαν
3344 3478 3652 3546 ἐκόσμησεν
3674 3490 3689 3505 ·

2111 3570 2203 3622 καὶ
2239 3570 2295 3621 ἐν
2327 3568 2405 3638 τῷ
2452 3568 2734 3639 λεγομένῳ
2781 3568 3032 3637 Κανώπῳ
3064 3568 3191 3622 ναὸν
3221 3571 3334 3629 τοῖς
3368 3566 3691 3630 ἀποστόλοις

2111 3662 2366 3733 ὑπερφυῆ
2412 3680 2469 3715 τε
2526 3663 2618 3716 καὶ
2672 3662 2849 3731 μέγαν
2897 3662 3217 3731 ἀνέστησεν·
3267 3659 3371 3723 ἔξω
3420 3660 3477 3712 δὲ
3534 3652 3690 3721 οὗτος

2112 3753 2346 3824 ὑπάρχει
2368 3756 2463 3823 τῆς
2494 3753 2724 3818 πόλεως,
2756 3751 2980 3817 διεστὼς
3016 3750 3264 3822 σημείοις
3289 3750 3383 3803 δύο
3412 3752 3503 3804 καὶ
3532 3750 3688 3811 δέκα,

2109 3847 2229 3900 λίαν
2261 3845 2553 3916 ἐπίσημος,
2585 3845 2658 3908 ὡς
2685 3845 2854 3909 ὅντως
2886 3840 3026 3899 εἶναι
3065 3845 3157 3899 καλ⁵
3189 3843 3381 3897 παισὶν
3423 3842 3690 3912 Ἑλλήνων

2111 3939 2424 4009 σεϐάσμιος·
2461 3939 2578 3990 ἐκεῖ
2621 3941 2731 4008 γὰρ
2759 3939 2942 4001 αὐτοῖς
2968 3938 3076 3990 τῶν
3110 3935 3249 3990 θεῶν
3279 3937 3311 4005 ἡ
3353 3934 3589 4000 σύνοδος,
3613 3932 3691 3997 ὥς

2109 4047 2296 4099 φασιν,
2335 4030 2648 4100 ὲνομίζετου
2704 4028 2780 4093 ὡς
2828 4027 3171 4099 πᾶσανὸμοῦ
3217 4027 3317 4098 τὴν
3365 4029 3429 4080 ὲκ
3482 4026 3692 4088 πόλεως

2107 4124 2290 4175 ἐκεῖσε
2363 4120 2638 4192 φέρουσαν
2697 4119 2943 4191 ἀτραπὸν
3000 4118 3422 4190 καταστρῶσθαι
3487 4114 3687 4179 πλαξὶ,

2107 4213 2452 4285 προαστείοις
2506 4229 2567 4265 τε
2623 4212 2717 4266 καὶ
2775 4211 3048 4280 λουετροῖς
3110 4210 3464 4271 πυκνοτάτοις
3521 4206 3690 4277 αὐτὴν

2108 4302 2493 4371 κατεστέφθαιο
2531 4301 2704 4355 εἴκοσι
2734 4301 2791 4354 δὲ
2818 4296 2958 4354 εἶναι
2988 4299 3083 4354 καὶ
3117 4300 3358 4370 τέσσαρα
3388 4299 3457 4352 τὰ
3487 4299 3689 4368 λουτρά

2106 4396 2533 4465 διαγράφονταιο
2594 4394 2685 4448 καὶ
2725 4394 2829 4457 ἓως
2877 4393 3061 4464 ὀλίγου
3113 4394 3209 4464 μὲν
3257 4393 3688 4462 κατεστράφθαι,

427 4489 607 4531 autem
661 4477 884 4549 Canopo
934 4482 1146 4537 duabus
1204 4483 1398 4539 stadiis
1447 4484 1600 4540 vicus
1663 4486 1865 4549 distat,
1918 4489 2002 4542 cui

2111 4489 2294 4541 πολλοὶ
2323 4488 2571 4553 λέγουσιν
2608 4488 2715 4541 τῶν
2749 4487 3151 4556 ὲπισταμένων’
3185 4484 3321 4538 ἀλλὰ
3356 4485 3451 4539 καὶ
3496 4485 3689 4555 μέχρις

428 4566 691 4625 Mamithe
738 4585 956 4637 nomen,
1007 4573 1310 4628 dannonum
1365 4576 1493 4630 olim
1557 4576 1915 4642 domicilium,
1954 4590 2007 4634 et

430 4659 790 4729 malignorum
844 4664 1131 4732 spirituum
1191 4663 1490 4734 habitatio;
1541 4666 1739 4721 ibidem
1792 4683 2009 4739 quoque

432 4751 690 4818 templum
782 4755 1128 4825 evangelislis
1190 4759 1495 4813 ‘zcdiﬁcavit
1570 4759 1724 4813 divus
1807 4759 2004 4815 Theo-

430 4842 631 4913 philus.

500 5108 585 5162 16.
626 5107 797 5164 Morte
849 5111 1111 5166 translato
1154 5111 1471 5182 TbeOphilo,
1505 5112 1758 5173 Ecclesiae
1809 5121 2006 5188 guber-

426 5198 578 5251 nium
620 5201 861 5269 suscepit
899 5218 1126 5272 magnus
1158 5203 1417 5272 Cyrinus,
1463 5206 1684 5274 pietatis
1719 5220 1929 5263 amator
1952 5220 2006 5265 et

432 5291 554 5345 fidei
623 5305 1000 5364 corruptorum
1068 5296 1405 5363 destructor;
1477 5312 1599 5352 cum
1664 5299 2004 5358 Christianos

430 5383 794 5453 simpliciores
868 5386 1113 5452 videret,
1192 5386 1581 5446 Sublevationis
1643 5409 1843 5459 causa,
1919 5405 2003 5451 ast

432 5489 624 5543 magno
673 5477 869 5531 animae
912 5478 1240 5532 detrimento
1289 5480 1487 5535 idolum
1530 5484 1812 5552 adeuntes,
1847 5488 2004 5543 vehe-

431 5566 764 5621 mentissime
786 5569 853 5623 de
879 5567 1152 5624 Menouthi
1179 5570 1650 5639 phantasmatibus
1675 5575 2001 5647 dissipandis

434 5657 709 5723 cogitavit.
760 5658 939 5715 Multis
977 5663 1042 5716 ad
1091 5663 1256 5717 Deum
1310 5664 1496 5721 elTusis
1542 5668 1793 5737 precibus
1831 5685 1997 5740 ange-

433 5740 540 5796 lum
596 5747 728 5801 vidit
782 5751 1057 5808 orationes
1110 5770 1236 5811 suas
1293 5758 1675 5828 suscipientem
1726 5770 1777 5816 et
1828 5765 1891 5816 ad
1943 5777 2000 5818 se

2114 4581 2303 4647 αὐτοῦ,
2328 4582 2471 4651 φημὶ
2500 4581 2585 4651 δὴ,
2614 4581 2708 4633 τοῦ
2747 4578 3019 4633 Κανώπου
3052 4579 3151 4649 τὴν
3198 4577 3300 4646 τῆς
3341 4577 3548 4640 πόλεως
3579 4578 3690 4630 Φοῖν

2109 4671 2560 4740 ἀναλογίζεσθαι,
2604 4670 2809 4743 ἀγοράν
2855 4687 2914 4723 τε
2971 4671 3156 4722 πᾶσαν
3202 4667 3579 4739 προτίθεσθαι,
3626 4661 3688 4720 οῦ

2108 4763 2432 4834 ἀφεστῶσαν
2465 4762 2659 4834 κώμην
2689 4764 2937 4834 σημείοις
2968 4760 3060 4814 δύο
3088 4760 3338 4831 Μενουθῆ
3372 4757 3517 4830 εἶχεν
3546 4759 3688 4812 οὕτω

2104 4856 2443 4923 καλούμενον
2473 4855 2710 4919 εἴδωλον,
2741 4859 2798 4908 ὲν
2831 4850 2874 4922 ᾧ
2902 4853 3151 4925 φανερῶς
3172 4854 3393 4923 ἐνήργει
3426 4855 3492 4905 τά
3525 4849 3686 4904 πνεύ-

2111 4966 2272 5019 ματαο
2309 4951 2365 5002 ἐν
2472 4949 2635 5002 πάλιν
2668 4949 2795 5001 ναὸν
2827 4947 3096 5018 ᾠκοδόμει
3124 4948 3236 5008 τοῖς
3274 4945 3688 5017 εῦαγγελισταῖς

2105 5042 2132 5092 ὁ
2156 5024 2296 5101 θείος
2323 5040 2601 5110 Θεόφιλος.

2183 5137 2277 5195 ις’.
2301 5130 2456 5185 Μετά
2486 5129 2541 5183 δὲ
2568 5127 2826 5196 Θεοφίλου
2858 5127 2958 5196 τὴν
2982 5124 3261 5197 κοίμησιν,
3291 5123 3563 5194 Κυρίλλου
3590 5124 3683 5178 τοῦ

2110 5221 2346 5291 μεγάλου
2384 5222 2481 5290 τῆς
2522 5219 2848 5288 Ἐκκλησίας
2878 5217 3265 5287 διαδεξαμένου
3308 5219 3435 5279 τοὺς
3467 5216 3681 5279 οἴακας,

2103 5311 2202 5379 τῆς
2225 5308 2508 5372 εὐσεϐείας
2538 5307 2795 5378 ἐραστοῦ,
2819 5308 2913 5361 καὶ
2945 5304 3272 5379 καθαιρέτου
3300 5306 3409 5358 τῶν
3439 5304 3685 5375 φθορέων

2105 5403 2201 5472 τῆς
2267 5401 2534 5464 πίστεως,
2589 5401 2809 5471 φροντὶς
2860 5395 2928 5472 ἦν
2990 5398 3139 5471 αὑτῷ
3196 5401 3297 5470 οὐχ
3358 5402 3391 5470 ή
3448 5397 3684 5469 τυχοῦσα

2105 5489 2521 5562 καταργηθῆναι
2569 5491 2637 5544 τὰ
2686 5489 2949 5561 φάσματα
3002 5488 3102 5561 τῆς
3150 5490 3493 5554 Μενουθέως,
3546 5488 3675 5559 Χρι-

2107 5582 2353 5645 στιανούς
2407 5582 2466 5635 τέ
2522 5598 2669 5645 τινας
2726 5582 3113 5652 ἁπλουστέρων
3171 5584 3349 5635 ἐκεῖσε
3410 5582 3682 5652 προφάσει

2106 5674 2325 5743 ῥώσεως
2360 5674 2790 5743 αὐτομολοῦντας
2819 5675 3047 5743 ἐκκόψαι
3071 5690 3084 5703 ⁸
3112 5674 3281 5728 πολλά
3325 5676 3456 5745 περὶ
3488 5673 3681 5727 τούτου

2101 5766 2192 5819 τὸν
2220 5766 2351 5819 Θεὸν
2392 5767 2715 5832 ἱκετεύσας,
2747 5765 2974 5835 ἄγγελον
3008 5768 3108 5837 όρᾷ
3139 5769 3203 5820 ἑκ
3232 5765 3365 5819 Θεοῦ
3400 5765 3682 5836 δεχθεῖσαν
