4036 6236
452 258 594 323 3689
1625 257 1726 319 DE
1761 257 1866 319 SS.
1910 257 2105 319 CYRO
2135 260 2229 321 ET
2267 260 2583 321 JOANNE.
2748 274 2755 275 ί
3577 257 3715 323 3690

448 372 597 443 αὐτῷ
629 371 725 441 τὴν
754 369 938 441 δέησιν
965 365 1455 439 εὐαγγελιζόμενον
1478 367 1571 422 καὶ
1592 367 2029 438 προστάσσοντα,

2141 372 2555 427 descendentem
2591 372 2658 425 de
2690 369 2842 428 ctelis
2877 377 3296 439 moncntemque
3344 381 3402 423 ut
3435 373 3612 440 magni
3668 375 3725 427 in

447 466 588 521 ὥστε
630 464 813 536 Κύρου
863 463 1097 518 λαϐόντα
1135 461 1230 515 τοῦ
1277 460 1514 534 μεγάλου
1560 461 1618 513 ἐν
1655 460 1928 531 μάρτυσιν
1971 463 2035 513 ὲκ

2143 461 2485 516 confessione
2516 461 2641 533 Cyri
2680 460 2939 530 reliquias
2970 477 3036 516 ex
3071 460 3270 531 templo
3307 460 3489 517 Sancti
3530 462 3721 531 Marci,

445 561 540 615 τοῦ
573 560 702 614 ναοῦ
729 559 960 631 Μάρκου
991 557 1085 612 τοῦ
1119 556 1301 626 Ἀγίου
1334 559 1392 608 ὲν
1416 546 1487 626 ’τῇ
1515 554 1790 626 Μενουθῇ,
1820 552 1856 606 ἃ
1881 554 1945 617 δὴ
1980 556 2037 607 ὲν

2144 551 2195 605 in
2250 552 2595 608 Mcnoutltam
2648 554 2899 608 videlicet
2950 555 3002 609 in
3062 554 3348 610 ecclesiam
3409 567 3719 612 sanctorum

447 656 512 725 τῇ
550 654 658 706 τῶν
689 651 1105 720 Εύαγγελιστῶν
1134 648 1399 721 ἐκκλησίᾳ
1427 647 1792 718 κατατεθῆναι
1824 646 2033 701 τούτων

446 745 507 798 τὸ
554 743 827 812 λείψανον·
875 741 1019 795 οὕτω
1061 740 1168 812 γάρ
1214 743 1308 794 καὶ
1349 739 1447 811 τὴν
1478 739 1674 809 κώμην
1716 738 2034 809 ὠνόμαζον,

445 837 585 889 αἰδοῖ
613 836 706 891 καὶ
735 834 945 907 φίλτρῳ
978 837 1077 904 τῆς
1114 833 1387 903 δαίμονος,
1422 831 1512 886 διά
1555 831 1648 885 τοῦ
1699 831 1818 895 ἑνὸς
1851 832 2036 900 ἀμφο-

447 929 641 1000 τέρους
671 929 934 999 ὀνόματος
965 928 1093 991 τοὺς
1130 925 1223 979 δύο
1264 926 1554 997 μάρτυρας
1600 923 1851 997 σημάνας
1883 925 1910 976 ό
1940 923 2038 992 ἄγ-

446 1023 626 1089 γελος,
658 1020 734 1085 ὼς
774 1020 979 1093 ὲκοτῶν
1015 1018 1287 1090 Κυρίλλου
1318 1016 1412 1070 τοῦ
1443 1015 1718 1094 μακαρίου
1752 1014 2034 1085 δειχθήσε-

444 1129 553 1166 ται·
588 1110 665 1182 μὴ
689 1110 963 1182 μελλήσας
997 1110 1107 1181 γὰρ
1133 1110 1161 1162 ὁ
1187 1109 1281 1162 τοῦ
1312 1108 1448 1162 Θεοῦ
1476 1108 1769 1179 ἀρχιερεὺς
1798 1122 2034 1176 προσφι-

441 1204 703 1266 λέστατος
750 1202 810 1255 τὸ
858 1201 1203 1271 προσταχθὲν
1259 1199 1410 1270 αύτῷ
1456 1197 1821 1268 διεπράξατο*
1858 1196 2034 1249 εἰκάδι

441 1293 601 1364 ὀγδόῃ
623 1293 837 1348 Ἰουνίου
874 1293 1039 1363 μηνὸς
1078 1291 1177 1362 τὴν
1208 1290 1317 1344 τῶν
1354 1287 1713 1361 μαρτυρικῶν
1754 1286 2031 1357 λειψάνων

445 1386 738 1457 μετάθεσιν
776 1384 1147 1455 ποιησάμενος
1169 1399 1182 1412 ·
1231 1381 1329 1436 καὶ
1360 1380 1555 1450 λόγους
1589 1382 1818 1451 μικροὺς
1847 1376 2034 1450 (litt?)

441 1464 776 1547 φιλοχρίστῳ
823 1474 938 1545 λαῷ
993 1466 1148 1537 οὗτος
1185 1470 1745 1545 προσφθεγξὰμενος,
1798 1467 1895 1532 οὒς
1936 1467 2034 1520 καὶ

443 1567 842 1639 παραθήσομεν
867 1605 883 1629 ,
915 1565 1052 1634 πρὸς
1079 1566 1180 1636 τὴν
1205 1565 1314 1617 τῶν
1346 1561 1787 1632 ἐντυγχανόντων
1831 1559 2033 1612 πίστω-

444 1659 530 1712 σίν
554 1676 611 1712 τε
638 1658 773 1728 ὁμοῦ
805 1659 903 1713 καὶ
926 1657 1220 1728 ὠφέλειαν·
1245 1658 1303 1710 ὲν
1327 1654 1447 1724 Θεῷ
1478 1653 1655 1724 Πατρὶ
1687 1653 1783 1706 σὺν
1811 1649 1927 1722 Υίῷ
1953 1650 2032 1722 τῷ

2140 644 2613 714 Evangelistarum
2674 655 2979 715 asportaret
3032 646 3423 717 (veneratione
3475 649 3618 703 enim
3670 656 3727 703 et

2142 736 2289 791 cultu
2329 737 2605 792 simulacri
2628 753 2821 792 nomen
2856 736 3144 795 Menoutha
3184 739 3334 796 locus
3365 720 3720 811 obtinuerat).

2143 828 2260 884 Una
2319 829 2547 884 duorum
2602 818 2903 903 martyrum
2966 833 3156 887 merita
3208 843 3262 888 et
3311 849 3540 903 corpora
3595 850 3725 888 con-

2135 919 2316 988 junxit
2380 923 2642 991 angelus,
2710 925 2787 978 uti
2852 941 2917 981 ex
2995 925 3210 981 actione
3276 926 3463 997 Cyl-illi
3543 924 3779 992 conjio'

2139 1016 2390 1069 ciendum
2450 1026 2571 1080 est;
2628 1016 2760 1070 nihil
2811 1029 3065 1089 acceptus
3125 1018 3233 1073 Deo
3286 1017 3530 1088 pontifex
3577 1018 3721 1072 omi-

2138 1107 2212 1164 sit
2269 1118 2328 1161 nt
2377 1123 2539 1175 quam
2591 1108 2856 1164 citissime
2917 1110 3209 1163 commissa
3272 1119 3661 1180 exsequeretur
3704 1128 3719 1176 ;

2140 1199 2396 1255 vicesima
2427 1210 2617 1255 octava
2640 1200 2785 1256 Junii
2820 1213 3132 1257 sanctarum
3166 1202 3519 1272 reliquiarum
3553 1214 3724 1258 trans-

2139 1288 2392 1343 lationem
2454 1292 2599 1357 fccit,
2653 1291 3026 1347 oratiunculas
3072 1292 3208 1348 duas
3259 1289 3570 1370 Christiano
3629 1308 3724 1361 po-

2136 1376 2264 1445 pulo
2304 1377 2512 1440 habuit.
2547 1394 2681 1445 quas
2715 1380 2767 1433 in
2805 1380 2962 1435 iidem
3006 1391 3059 1437 et
3109 1381 3399 1436 utilitatem
3431 1383 3720 1451 legentium

2137 1469 2447 1537 adjicitnus,
2496 1471 2546 1525 in
2602 1468 2713 1526 Deo
2762 1472 2944 1539 Patre,
2990 1489 3112 1529 cum
3158 1474 3297 1530 Filio
3328 1473 3618 1548 Unigeuito
3660 1492 3725 1531 ac

2136 1559 2295 1615 simul
2347 1571 2540 1616 sancto
2582 1572 2637 1617 et
2678 1564 2990 1620 viviﬁcante
3029 1566 3258 1635 Spiritu,
3291 1567 3491 1638 quibus
3526 1567 3721 1636 gloria,

2136 1651 2399 1720 maiestas
2437 1663 2488 1708 et
2541 1654 2949 1726 magniﬁcentia
3002 1674 3151 1714 nunc
3196 1669 3253 1715 et
3307 1674 3524 1730 semper
3571 1668 3623 1714 et
3669 1658 3723 1713 in

446 1753 728 1821 μονογενεῖ
761 1749 878 1822 ἅμα
910 1749 991 1822 τῷ
1016 1749 1268 1820 παναγίῳ
1303 1749 1397 1803 καὶ
1430 1744 1682 1814 ζωοποιῷ
1727 1741 2029 1814 Πνεύματι,

2139 1746 2333 1803 sarcula
2366 1749 2716 1802 saeculorum.
2748 1748 2941 1802 Amen.

439 1840 565 1910 δόξα
594 1843 939 1914 μεγαλοσύνη
966 1860 1026 1896 τε
1054 1843 1148 1895 καὶ
1180 1839 1655 1913 μεγαλοπρέπεια,
1690 1835 1786 1890 νῦν
1818 1835 1914 1891 καὶ
1944 1835 2032 1891 ἀεὶ

441 1936 534 1989 καὶ
564 1938 642 2000 είς
669 1937 795 2001 τοὺς
818 1935 1023 2000 αἰῶνας
1046 1935 1156 1989 τῶν
1177 1932 1413 1988 αξώνων.
1450 1931 1645 2001 Ἀμήν.

1959 2014 2195 2075 NOTAE.

516 2117 594 2189 (l)
632 2116 847 2173 Videsis
882 2128 923 2175 t.
957 2117 1195 2174 LXXVII
1225 2119 1317 2174 ubi
1356 2117 1458 2173 has
1486 2128 1683 2187 parvas
1718 2121 1774 2171 et
1802 2113 2032 2170 ineditas
2066 2110 2348 2192 S.'Cyrilli
2390 2109 2763 2166 oratiunculas
2791 2108 3159 2167 exhibuimus.

445 2303 685 2317 ἰ’-,Ω-

1580 2404 1772 2459 AAAH
1818 2400 2146 2457 ΠΟΛΙΤΕῘΑ
2206 2400 2573 2456 ΔΚΕΦΑΛΟΣ

1284 2498 1422 2552 ΤΩΝ
1446 2498 1661 2551 ,ΛΙἹΩΝ
1694 2495 2078 2552 ΜᾹΡΤΥΡΩΝ
2106 2496 2348 2550 ΚΥΡΟΥ
2390 2497 2506 2550 ΚΑΙ
2538 2495 2865 2551 ΙΩΔΝΝΟΥ.

1671 2727 1844 2788 ALIA
1882 2728 2056 2790 VITA
2102 2724 2499 2788 ACEPHALA

1188 2821 1651 2883 SANCTORUM
1712 2821 2146 2922 MARTYBUM
2222 2820 2397 2880 CYRI
2468 2819 2566 2878 ΕΤ
2627 2819 2968 2881 JOANNIS.

623 3103 635 3115 ,
727 3051 965 3121 ἄσκησιν
994 3046 1255 3118 γενναίως
1273 3046 1417 3101 κατὰ
1435 3044 1544 3100 τῶν
1575 3047 1898 3117 πνευμάτων
1927 3046 2025 3119 τῆς

2129 3106 2147 3124 ,
2307 3044 2584 3102 Gcncrose
2603 3053 2659 3100 et
2682 3042 2919 3100 viriliter
2960 3059 3020 3102 se
3043 3054 3231 3102 contra
3252 3047 3471 3104 malitia-
3495 3050 3718 3120 spiritus

440 3149 704 3217 πονηρίας
761 3139 1285 3215 παρατασσόμενος·
1333 3140 1361 3193 ό
1415 3137 1470 3192 δὲ
1509 3136 1764 3207 Ἰωάννης
1798 3139 2028 3210 ἐπιγείῳ

443 3242 541 3313 μὲν
576 3239 789 3311 βασιλεῖ
814 3240 872 3291 ὲν
906 3237 987 3290 ἑνὶ
1030 3233 1137 3287 τῶν
1166 3231 1418 3304 ἀριθμῶν
1448 3231 1810 3302 ἐστρατεύετο
1832 3249 1847 3263 ο
1885 3232 2026 3305 πλὴν

435 3331 515 3402 τῷ
544 3328 855 3403 ἐπουρανίῳ
892 3325 1102 3398 βασιλεῖ
1129 3325 1387 3395 ἀρέσκειν
1423 3323 1623 3394 μᾶλλον
1653 3322 1986 3379 ἐσπούδασεν
2009 3342 2024 3357 ·

438 3421 857 3493 συνελήφθησαν
919 3414 1013 3473 οὖν
1059 3412 1207 3471 οὗτοι
1236 3418 1287 3470 οἱ
1338 3415 1484 3484 ἅγιοι
1543 3417 1600 3470 ὲν
1647 3419 1714 3488 τῇ
1756 3416 2026 3489 λεγομένῃ

437 3513 693 3583 Κανώπῳ
713 3528 726 3542 ο
752 3512 870 3565 ὲ.κεῖ
900 3509 1007 3579 γὰρ
1034 3503 1179 3579 εἶχον
1222 3506 1319 3580 τὴν
1348 3508 1591 3579 οἴκησιν·
1613 3506 2026 3579 συνελήφθησαν

435 3604 491 3657 δὲ
522 3603 584 3656 ού
618 3601 794 3673 μόνοι,
825 3599 965 3655 ἀλλά
1025 3599 1165 3671 μετὰ
1211 3598 1380 3670 τριῶν
1422 3598 1798 3670 ἁειπαρθένων
1830 3598 1928 3651 σὺν
1955 3601 2022 3672 τῇ

434 3693 641 3747 τούτων
672 3691 873 3763 μητρί⁸
908 3683 982 3744 ὧν
1014 3692 1046 3760 ἡ
1071 3689 1170 3760 μὲν
1210 3688 1403 3760 πρώτη
1424 3688 1654 3760 Θεοδότη
1687 3687 2021 3758 ὠνομάζετο,

436 3787 598 3840 πέντε
630 3785 726 3839 καὶ
787 3783 1011 3838 δέκατον
1060 3781 1180 3845 ἔτος
1218 3776 1355 3853 ἦγεν
1384 3780 1485 3853 τὴν
1530 3783 1785 3850 γέννησιν
1808 3794 1822 3808 ·
1855 3778 2025 3849 ἡδευ-

434 3879 564 3948 τέρα
590 3879 647 3933 δὲ
679 3876 976 3947 Θεοκτίστη
1012 3875 1346 3946 ὠνομάζετο,
1380 3875 1497 3942 τρὶς
1542 3873 1599 3926 δὲ
1640 3874 1732 3927 καὶ
1779 3874 1982 3946 δεκάτη
2003 3895 2020 3912 ·

434 3970 661 4036 Εύδοξία
687 3969 745 4024 δὲ
768 3970 803 4039 ἡ
826 3969 1008 4040 τρίτη,
1038 3968 1134 4022 καὶ
1157 3967 1296 4039 αὕτη
1328 3966 1538 4034 ἄγουσα
1556 3966 1673 4029 ἔτος
1696 3967 1981 4022 ἑνδέκατον
2003 3982 2017 3998 ο

432 4064 465 4132 ὴ
494 4062 550 4116 δὲ
581 4060 788 4115 τούτοιν
856 4060 1042 4130 μήτηρ
1079 4057 1378 4112 Ἀθανασία
1406 4052 1868 4129 προσηγορεύετο,
1899 4059 2018 4131 ἥτις

432 4156 699 4225 δόγμασιν
725 4153 926 4224 μᾶλλον
958 4149 1243 4214 εὐσεϐείας
1272 4149 1305 4219 ἦ
1331 4148 1564 4217 γάλακτι
1597 4148 2018 4220 ἀναθρεψαμένη

432 4245 528 4310 τάς
578 4245 845 4310 νεάνιδας,
899 4243 1120 4297 ἔπεισεν
1154 4240 1327 4304 αὐτάς
1372 4240 1470 4311 τὴν
1522 4239 1744 4308 ἁγνείαν
1777 4240 2015 4308 ἑλέσθαι,

433 4338 527 4390 καὶ
595 4335 704 4389 τῶν
762 4335 1050 4389 ἀθανάτων
1097 4332 1349 4403 νυμφίων
1406 4331 1846 4403 νυμφεύσασθαι,
1894 4332 2017 4385 ὅθεν

2136 3139 2406 3195 exercuit.
2435 3137 2673 3194 Joannes
2716 3136 2770 3193 in
2820 3139 3052 3194 militum
3109 3157 3336 3197 munero
3385 3152 3603 3201 terreno
3643 3147 3719 3201 in-

2143 3234 2414 3290 servierat
2465 3234 2807 3302 imperatori,
2839 3243 2929 3289 ast
2971 3233 3101 3306 Regi
3121 3237 3384 3292 caelorum
3410 3243 3579 3312 magis
3606 3242 3720 3312 pla-

2133 3340 2262 3380 cere
2331 3324 2622 3395 sategit....
2673 3326 2845 3395 Igitur
2891 3326 2943 3379 in
2992 3327 3140 3382 dicto
3176 3328 3380 3400 Canopi
3454 3331 3570 3386 loco
3623 3334 3722 3387 de-

2134 3417 2391 3488 prehensi
2421 3416 2863 3484 fuernutsancti,
2884 3418 2972 3473 ubi
3002 3435 3188 3475 eorum
3213 3434 3330 3479 erat
3358 3422 3714 3481 habitatio....

2135 3508 2235 3564 Ast
2267 3524 2374 3564 non
2406 3507 2510 3564 soli
2553 3507 2772 3564 fuerunt
2816 3510 3162 3580 deprehensi,
3203 3513 3297 3568 sed
3321 3523 3378 3568 et
3412 3523 3522 3570 tres
3555 3517 3717 3571 simul

2133 3600 2377 3670 virgines
2428 3619 2533 3658 una
2587 3620 2708 3659 cum
2763 3613 2994 3671 matre;
3054 3620 3284 3675 quarum
3334 3608 3506 3676 prima
3539 3608 3718 3664 Theo-

2131 3692 2292 3747 etista
2344 3691 2667 3758 vocabatur,
2696 3700 2750 3746 et
2796 3692 3064 3747 decimum
3117 3693 3366 3762 quintum
3412 3695 3716 3750 nativitatis

2132 3798 2245 3839 sine
2295 3783 2528 3839 ducebat
2565 3800 2808 3851 annum;
2847 3786 3087 3839 secunda
3140 3785 3525 3841 neminabatnr
3567 3786 3708 3843 Deo-

2130 3874 2278 3941 data,
2317 3882 2371 3930 et
2401 3875 2666 3930 decimum
2705 3876 2921 3930 tertium
2970 3876 3183 3945 agebat,
3234 3877 3389 3932 tertia
3435 3893 3562 3934 vero
3603 3878 3714 3933 Eu-

2130 3967 2289 4020 doxia
2336 3966 2403 4021 ad
2450 3966 2797 4023 undecimum
2836 3968 3216 4041 pertingebat;
3246 3978 3420 4024 mater
3443 3972 3711 4044 virginum

2126 4058 2443 4131 Athan‘asia:
2502 4059 2725 4114 nomine
2799 4060 3171 4128 appellabatur
3231 4072 3287 4117 et
3345 4061 3482 4118 filias
3540 4067 3711 4136 magis

2124 4150 2346 4220 pietatis
2399 4151 2648 4206 doctrina
2700 4165 2862 4221 quam
2919 4151 3061 4206 lacte
3105 4155 3386 4221 enntrivit,
3435 4173 3556 4211 cum
3603 4159 3710 4215 illis

2126 4242 2461 4310 persuaserit
2483 4250 2540 4295 ut
2571 4241 2841 4297 castitatis
2872 4244 3127 4298 virtutem
3158 4245 3447 4317 elEgercnt,
3482 4249 3706 4306 immor-

2128 4330 2314 4385 talium
2348 4324 2673 4390 dicercntur
2702 4351 2935 4405 sponsw,
2990 4336 3348 4392 inexstinctas
3382 4340 3705 4411 virginitatis

431 4428 731 4492 ἀσϐέστους
760 4428 857 4492 τὰς
881 4426 1170 4497 λαμπάδας
1200 4426 1300 4495 τῆς
1326 4424 1655 4495 παρθενείας
1684 4426 2014 4496 κατέχουσαι

2128 4424 2397 4492 lampades
2495 4429 2762 4484 haberent
2842 4439 2897 4483 ct
2978 4429 3355 4485 advenientem
3443 4449 3702 4503 sponsum

430 4520 532 4592 τὴν
586 4519 751 4574 αὐτοῦ
814 4519 1224 4590 ἀπεκδέχωνται
1286 4517 1542 4572 ἔλευσινο
1597 4517 1735 4571 ἀλλὰ
1777 4518 1867 4571 τὸν
1920 4518 2014 4587 τῆς

431 4609 764 4682 πάρθενείας
827 4608 995 4663 πλοῦν
1046 4609 1231 4672 καλῶς
1264 4607 1469 4673 ταύτας
1528 4608 1818 4674 ἀνυούσας,
1852 4609 1880 4660 ό
1915 4608 2016 4680 τῆς

431 4701 723 4773 ὁμολογίας
752 4702 901 4771 ἀγὼν
932 4701 1376 4772 κατελάμϐανεν
1407 4701 1468 4754 οὐ
1496 4702 1680 4771 μέντοι
1734 4718 1867 4754 κατε
1880 4701 2014 4754 πλά-

432 4811 610 4864 γησαν
649 4795 748 4866 τὴν
786 4795 895 4847 τῶν
922 4794 1103 4848 λύκων
1158 4792 1345 4862 ἔφοδον
1397 4793 1453 4845 αἱ
1485 4792 1579 4846 τοῦ
1611 4792 1848 4863 Χριστοῦ
1885 4790 2012 4847 καλ-

430 4888 765 4959 λιμάρτυρες
793 4906 803 4918 ο
827 4884 975 4957 εἶχον
1030 4885 1141 4957 γὰρ
1187 4884 1470 4957 ἀναψυχὴν
1506 4885 1566 4937 οὐ
1601 4884 1802 4956 μικράν
1832 4883 2013 4955 Κῦρον

430 4979 523 5030 καὶ
551 4977 804 5050 Ἰωάννην
843 4978 970 5040 τοὺς
1021 4975 1209 5045 ἁγίους
1240 4974 1545 5047 μάρτυρας,
1575 4974 1768 5037 οἵτινες
1794 4974 1883 5028 διὰ
1915 4975 2014 5046 τῆς

430 5068 615 5124 ἐνθέου
638 5056 986 5131 διδασκαλίας
1018 5066 1200 5120 αὲτῶν
1225 5065 1324 5130 τὰς
1353 5064 1513 5134 ἁγίας
1542 5064 1844 5134 παρθένους
1909 5069 2014 5120 ἀπο

433 5163 654 5231 ήλειφον
685 5162 766 5225 είς
793 5161 888 5213 τὸν
915 5159 1058 5232 ὑπὲρ
1085 5160 1186 5230 τῆς
1214 5157 1497 5221 εύσεόείας
1534 5157 1751 5229 ἀγῶνασ
1780 5157 1875 5212 καὶ
1905 5157 2012 5230 γάρ

434 5254 639 5325 σφόδρα
689 5253 941 5323 ἠγωνίων
990 5251 1089 5322 μὲν
1141 5253 1190 5305 οἱ
1216 5249 1384 5320 ἅγιοι,
1422 5251 1517 5304 καὶ
1542 5250 2014 5322 παρεσκευάζοντο

430 5339 837 5414 περισσοτέρως
870 5342 950 5404 είς
983 5342 1080 5412 τὴν
1114 5343 1258 5394 κατὰ
1290 5341 1390 5410 τῆς
1439 5334 1832 5411 εἰδωλομανίας
1862 5343 2013 5395 ἀντι-

436 5435 759 5508 παράταξιν,
792 5434 1087 5499 δεδοικότες
1113 5435 1223 5487 τῶν
1261 5434 1432 5503 ἁγίων
1486 5433 1772 5506 παρθένων
1802 5433 1860 5488 τὸ
1897 5436 2015 5489 νέον

429 5533 527 5601 τῆς
557 5528 797 5600 ἡλικίας,
827 5528 900 5600 μή
932 5544 1063 5580 ποτε
1115 5525 1190 5597 μὴ
1217 5527 1518 5595 ὲνέγκωσιν
1537 5543 1549 5557 ⁸
1577 5526 1763 5596 ἔλεγεν
1786 5527 1841 5581 δὲ
1879 5527 2014 5599 πρὸς

425 5624 597 5687 αὑτὰς
616 5622 666 5675 οἱ
696 5624 863 5690 άγιοιο
888 5637 907 5671 ι
927 5617 1354 5690 Μνημονεύσατε
1374 5619 1480 5672 τῶν
1502 5619 1595 5672 τοῦ
1612 5619 1819 5691 Κυρίου
1842 5621 2016 5693 ῥημάο

430 5737 560 5785 των,
582 5718 674 5771 καὶ
712 5715 786 5786 μὴ
807 5713 1193 5784 καταπλαγῆτε
1217 5711 1285 5765 τὰ
1317 5712 1661 5783 ἐπερχόμενα
1683 5729 1695 5743 ·
1730 5713 1887 5778 αὐτὸς
1907 5714 2012 5784 γὰρ

757 5815 1025 5876 Ρηιιοι.
1081 5813 1196 5872 Gtt.
1266 5810 1635 5874 LXXXVII.

2122 4516 2461 4587 exciperent.
2513 4517 2642 4586 Qua:
2695 4520 3027 4592 virginitatis
3087 4524 3383 4588 tramitem,
3438 4525 3702 4583 inoffenso
3752 4582 3757 4595 λ

2121 4608 2255 4676 pede
2333 4609 2697 4679 perfecerant,
2757 4612 3121 4670 confessionis
3187 4632 3419 4686 pugnam
3469 4620 3699 4675 aditura:

2117 4706 2278 4752 erant
2326 4716 2340 4753 :
2395 4699 2644 4769 luporum
2706 4702 3064 4773 irruptionem
3135 4722 3242 4760 non
3302 4709 3701 4775 pertimuerunt

2118 4790 2322 4846 Christi
2365 4802 2653 4864 martyres,
2690 4806 2908 4849 sanctos
2939 4796 3083 4851 enim
3122 4796 3320 4869 Cyrum
3352 4810 3404 4855 ct
3432 4800 3695 4856 Joannem

2122 4886 2174 4939 in
2201 4901 2428 4957 magnos
2449 4889 2810 4944 conlessionis
2852 4889 3129 4958 adjutores
3166 4890 3548 4962 respiciebant,
3570 4911 3693 4948 cum

2114 4977 2182 5031 ah
2215 4979 2341 5042 illis,
2380 4981 2443 5035 ad
2479 4981 2701 5052 pietatis
2733 4997 2962 5051 agonem
3013 4981 3213 5037 divinae
3264 4983 3526 5037 doctrinae
3575 4986 3696 5038 oleo

2118 5083 2397 5140 perunctaa
2428 5072 2684 5128 fuissent.
2721 5075 2959 5129 Fortiter
3009 5083 3188 5128 autem
3229 5090 3325 5143 pro
3375 5076 3476 5127 fide
3520 5085 3696 5129 certa-

2119 5173 2241 5216 runt
2292 5165 2466 5217 sancti
2499 5176 2553 5218 et
2598 5166 2665 5219 ad
2709 5165 3082 5237 dcpclleudant
3132 5165 3489 5221 idololatriam
3523 5164 3693 5219 abun-

2114 5252 2334 5308 dantius
2362 5256 2638 5323 prmciucti
2666 5269 2858 5326 erant;
2890 5259 3264 5312 tantummodo
3294 5266 3513 5328 praptcr
3547 5267 3697 5311 tene-

2118 5358 2230 5397 ram
2287 5344 2554 5414 virginum
2620 5358 2836 5402 mlatem
2898 5347 3223 5410 timuerunt,
3281 5360 3345 5397 ne
3387 5344 3696 5413 juveuculis

2115 5436 2294 5507 palma
2330 5439 2577 5512 martyrii
2610 5441 2908 5495 excideret.
2942 5439 3070 5494 lllas
3108 5439 3187 5493 sic
3232 5437 3695 5507 compellaverunt

2114 5530 2290 5584 sancti
2321 5549 2335 5585 :
2374 5550 2391 5583 ι
2424 5530 2757 5588 Mementote
2786 5534 3077 5587 verborum
3122 5531 3330 5586 Domini
3359 5541 3411 5585 et
3433 5531 3502 5586 ab
3531 5546 3696 5586 even-

2117 5622 2254 5677 turis
2282 5638 2351 5678 ne
2381 5627 2695 5680 terreatuini
2731 5642 2746 5680 :
2778 5627 2891 5695 ipse
2913 5625 3056 5678 enim
3082 5625 3219 5679 dixit
3251 5643 3263 5677 :
3298 5620 3478 5677 Nolite
3512 5622 3699 5679 timere

2115 5732 2199 5770 eos
2245 5716 2336 5786 qui
2382 5734 2569 5788 corpus
2627 5718 2891 5784 occidunt,
2944 5718 3175 5772 animum
3213 5728 3389 5771 autem
3430 5733 3532 5772 non
3567 5732 3692 5787 pas-

3235 5814 3346 5876 116
