4036 6236
319 305 452 368 1⁷6ίῖ1

1178 311 1241 371 S.
1281 313 1699 374 SOPIIRONII
1737 311 2244 373 PATRIARCIUE
2287 309 2695 372 HIEROSOL-

3445 303 3588 373 3692

303 429 434 470 sunt
463 419 694 471 occidere
729 422 768 474 ¹.
803 419 868 474 Et
900 435 1087 475 rursus
1115 441 1127 476 :
1156 421 1262 489 Qui
1300 425 1700 494 perseverarerit
1732 442 1892 496 usque
1923 473 1928 486 ,

2015 421 2170 485 ιίπεν,
2185 426 2238 477 Μ
2249 422 2282 490 ὴ
2307 421 2586 492 φοϐεῖσθε
2606 422 2723 476 ἀ.τῶ
2744 419 2862 473 τῶν
2883 421 3369 475 ἀποκτεινόντων
3384 424 3456 478 τὰ
3471 422 3589 477 σώ-
3609 489 3612 492 ί

316 511 370 562 in
425 509 604 576 ﬁnem,
653 511 738 564 hic
784 512 958 566 salvus
999 515 1180 579 eril‘;
1241 515 1529 570 imitanimi
1581 517 1892 587 magistram

318 610 582 662 vestram,
614 601 770 673 cujus
795 605 1090 673 puritatem
1123 607 1530 674 concupiscitis,
1565 607 1898 661 mmulamiui

315 693 738 748 confessionem.
777 713 795 744 ι
833 693 928 749 llis
987 696 1369 766 similibusque
1411 701 1590 753 verbis
1619 711 1673 754 et
1717 715 1901 754 exem-

317 783 418 849 plis
443 786 616 838 sancti
649 785 852 841 Christi
892 800 1160 862 martyres
1212 791 1385 860 Cyrus
1412 802 1463 846 et
1496 789 1733 846 Joannes
1778 793 1900 849 illas

319 879 634 932 munierunt
680 880 918 950 virgines
960 892 1016 936 et
1071 884 1122 936 in
1155 885 1347 954 agonis
1379 885 1613 939 stadium
1666 885 1896 955 ingressi

318 969 716 1026 faenum-Cum
736 990 762 1025 a
785 973 1050 1028 militibus
1072 976 1138 1029 ad
1163 977 1398 1030 tribunal
1428 978 1641 1048 Syriani
1666 978 1902 1032 Alexan-

315 1063 486 1116 drina:
504 1066 667 1117 urbis
704 1067 950 1134 prtesidis
983 1067 1228 1137 perducti
1259 1078 1698 1134 essent,omnem
1733 1071 1900 1138 abje-

315 1167 510 1208 cerunt
560 1157 1008 1223 sollicitudinem,
1052 1159 1208 1227 juxta
1275 1165 1592 1214 mandatum
1653 1160 1899 1228 Domini;

323 1263 430 1301 non
488 1249 630 1302 enim
671 1251 875 1319 paratis
916 1253 1365 1320 responsionibus
1424 1254 1488 1307 ad
1524 1253 1721 1324 judicis
1760 1271 1905 1322 «pite-

318 1339 527 1394 stioues
558 1339 800 1407 stabant,
844 1343 936 1395 sed
972 1341 1176 1410 Spiritu
1205 1354 1394 1398 sancto
1440 1344 1693 1400 instructi
1743 1347 1903 1398 dictis

318 1432 462 1486 dicta
508 1433 837 1488 referebant.
892 1434 1100 1490 Przcses
1131 1439 1276 1490 enim
1331 1449 1551 1492 sanctos
1578 1447 1631 1491 et
1661 1437 1903 1507 virgines

319 1526 479 1580 simul
544 1537 806 1582 convocat
880 1540 937 1582 ιιι
993 1531 1329 1596 abnegantes
1393 1529 1668 1584 Christum
1741 1530 1906 1582 relin-

318 1626 489 1686 quant
552 1627 606 1673 et
680 1620 1014 1675 dtemouibus
1061 1622 1403 1684 sacrificent;
1467 1631 1551 1673 ast
1608 1621 1906 1674 docuerunt

319 1708 487 1762 Deum
519 1723 638 1763 esse
668 1711 884 1763 unicum
936 1711 1102 1765 totius
1136 1713 1438 1766 creationis
1480 1712 1708 1766 visibilis
1735 1712 1906 1765 facto-

1995 534 2172 588 ματα,
2193 535 2222 570 τ
2234 518 2306 584 ὴν
2323 517 2390 569 δὲ
2409 519 2494 584 ψει)
2500 517 2620 585 χὴν
2629 515 2713 584 μὴ
2733 513 3088 583 δυναμένων
3102 512 3470 569 ἀποκτεῖναι·
3493 519 3590 571 καί⁵

2001 611 2185 665 πάλιν·
2231 610 2293 662 '0
2327 610 2657 678 ὑπομείνας
2673 610 2759 673 είς
2790 604 2983 672 τέλος.
3003 601 3184 672 οὗτος
3204 608 3545 674 σωθήσεται
3570 626 3585 642 ο

2004 700 2321 773 μιμήσασθε
2347 701 2444 772 τὴν
2461 699 2736 769 ὑμετέραν
2758 699 3079 753 διδάσκαλον
3099 701 3199 770 τὴν
3221 701 3281 753 ἐν
3315 702 3585 770 γυναιξὶν,

1999 789 2068 865 ἧς
2101 794 2199 867 τὴν
2228 794 2556 864 παρθενείαν
2597 792 2927 860 ποθήσασαι,
2950 795 3039 846 καὶ
3060 794 3159 864 τὴν
3177 792 3472 862 ὁμολογίαν
3490 795 3589 863 ζη-

2001 885 2213 939 λώσατε
2240 901 2254 916 ·
2290 905 2309 938 ι
2332 883 2538 948 τούτοις
2556 884 2650 936 καὶ
2675 883 2852 947 ἄλλοις
2870 883 3012 954 ὁμοί(
3031 885 3266 953 ιςλόγοις
3291 885 3384 937 καὶ
3409 902 3590 957 παρα-

2003 976 2293 1046 δείγμασιν
2319 978 2366 1029 οἱ
2389 975 2534 1044 ἅγιοι
2553 975 2646 1028 τοῦ
2679 974 2918 1043 Χριστοῦ
2947 974 3222 1046 μαρτυρες
3265 977 3448 1047 Κῦρος
3495 979 3590 1031 καὶ

2019 1069 2272 1134 Ἰωάννης
2296 1069 2391 1130 τὰς
2428 1068 2706 1140 μακαρίας
2733 1067 2947 1129 ἐκείνας
3001 1069 3303 1137 παρθένους
3331 1070 3591 1122 ὁπλίσαν-

2003 1177 2114 1224 τες,
2147 1159 2316 1222 οὕτως
2341 1159 2438 1212 σὺν
2468 1161 2660 1221 αὐταῖς
2689 1161 2769 1222 εἰς
2790 1159 2849 1212 τὸ
2880 1160 3020 1212 κατὰ
3045 1161 3142 1230 τῆς
3165 1160 3593 1231 δεισιδαιμονίας

2005 1253 2305 1306 ἀπεδίδοντο
2338 1253 2548 1305 στάδιον
2575 1267 2589 1282 '
2627 1254 2748 1305 ἐπεὶ
2811 1252 2919 1322 γὰρ
2947 1252 3050 1305 ὐπὸ
3086 1253 3194 1305 τῶν
3233 1254 3434 1316 αὐτοὺς
3467 1255 3590 1307 συλ-

2004 1343 2394 1413 λαμϐανόντων
2428 1331 2798 1412 στρατιωτῶν,
2835 1344 2914 1414 τῷ
2943 1343 3035 1396 τοῦ
3067 1345 3330 1415 Συριανοῦ
3365 1346 3460 1396 ἐπὶ
3495 1345 3592 1416 τῆς

2018 1435 2432 1506 Ἀλεξανδρείας
2484 1438 2838 1507 παρέστησαν
2909 1436 3134 1507 βήματι,
3187 1439 3366 1490 πᾶσαν
3397 1439 3592 1507 ἑτέραν

2006 1530 2320 1602 ἀπέρριψαν
2355 1531 2645 1600 μέριμναν,
2673 1529 2816 1584 κατὰ
2847 1530 2945 1599 τὴν
2962 1530 3056 1582 τοῦ
3091 1531 3300 1599 Κυρίου
3332 1531 3553 1599 ἐντολήν
3574 1546 3588 1559 ⁶

2009 1624 2070 1673 οὐ
2099 1624 2205 1692 γὰρ
2234 1623 2458 1684 οἰκείοις
2492 1622 2873 1691 συλλογισμοῖς
2935 1622 3072 1691 πρὸς
3140 1623 3241 1682 τὰς
3296 1623 3594 1691 ἀπολογίας

2009 1713 2106 1776 τὰς
2138 1713 2274 1784 πρὸς
2298 1713 2388 1766 τὸν
2419 1714 2678 1783 δικαστὴν
2719 1711 3101 1783 ἡτοιμάζοντο,
3141 1715 3278 1766 ἀλλά
3315 1714 3393 1784 τῷ
3455 1714 3595 1782 αγίῳ

317 1812 516 1865 torem,
545 1801 677 1856 deos
722 1813 903 1855 autem
937 1818 964 1853 a
1001 1804 1228 1872 paganis
1279 1811 1587 1868 veneratos,
1634 1818 1738 1856 nou
1782 1817 1904 1856 esse

2015 1805 2664 1875 Πνεύματισοφιζόμενοι
2737 1807 2872 1876 πρὸς
2925 1807 3023 1869 τὰς
3080 1807 3248 1860 αὐτοῦ
3295 1811 3593 1878 ἐρωτήσεις

318 1893 451 1946 deos
474 1892 568 1947 sed
600 1894 878 1948 hominum
934 1893 1259 1962 perditores,
1291 1895 1521 1964 ideoque
1577 1895 1904 1949 deserendus

317 1986 620 2040 edixerunt.
662 1987 811 2040 Tune
852 1986 970 2041 illos
1025 1986 1304 2042 blanditiis
1346 1987 1727 2056 douorumque
1782 2001 1910 2054 pro-

318 2077 670 2133 missionibus
714 2094 1004 2148 aggressus
1037 2090 1120 2134 est
1149 2079 1436 2150 Syrianus,
1463 2093 1663 2146 eosque
1693 2079 1907 2133 charis-

315 2171 486 2226 simos
514 2181 571 2226 et
593 2173 906 2227 notissimos
937 2173 989 2224 in
1033 2187 1200 2240 regno
1245 2171 1599 2226 stabiliendos
1636 2169 1908 2238 pollicitus

315 2272 434 2328 est;
480 2264 653 2319 sancti
693 2279 823 2319 vero
862 2273 1135 2332 martyres
1185 2279 1469 2318 munerum
1517 2261 1682 2332 justis
1725 2277 1903 2316 reser-

317 2367 564 2409 vatorum
611 2370 882 2410 memores
928 2364 982 2410 et
1013 2353 1337 2409 Christianae
1385 2354 1658 2408 libertatis
1701 2349 1901 2420 judicis

317 2451 711 2521 promissiones
733 2451 1101 2519 despexerunt
1121 2461 1173 2502 et
1203 2447 1614 2501 manifestarunt
1639 2455 1899 2514 quantum

319 2556 533 2600 terrena
568 2561 598 2598 a
632 2545 846 2612 superis
879 2553 933 2596 et
977 2541 1292 2597 caelestibus
1336 2541 1492 2594 donis
1530 2540 1752 2594 distent.

2006 1895 2361 1966 ὐπήντησαν’
2404 1897 2433 1947 ὁ
2470 1895 2570 1967 μὲν
2602 1895 2712 1966 γὰρ
2752 1895 2937 1949 ἐκάλει
2973 1897 3098 1961 τοὺς
3133 1899 3317 1966 ἁγίους
3353 1902 3446 1950 σὺν
3473 1901 3594 1959 ταῖς

1961 1978 1966 1982 ’
2006 1987 2270 2056 ἀοιδίμοις
2308 1988 2620 2058 παρθένοις,
2670 1988 2805 2058 πρὸς
2859 1989 3090 2059 ἄρνησιν
3156 1990 3590 2060 προτρεπόμενος

2007 2080 2098 2133 τὸν
2129 2081 2365 2151 Χριστὸν
2395 2081 2834 2150 καταλιμπάνειν
2882 2087 2976 2135 καὶ
3013 2082 3287 2145 θυσιάζειν
3324 2083 3445 2144 τούς
3477 2081 3592 2133 δαί-

2015 2191 2184 2245 μονας
2212 2189 2226 2203 ο
2250 2175 2299 2226 οί
2335 2173 2390 2226 δὲ
2419 2173 2508 2226 διὰ
2536 2173 2636 2243 τῆς
2674 2175 2961 2245 ὀρωμένης
3011 2176 3246 2237 κτίσεως
3275 2175 3366 2226 τὸν
3390 2173 3595 2245 ταύτης

2014 2265 2362 2336 Δημιουργὸν
2393 2265 2779 2332 ἐπιγινώσκειν
2839 2267 3140 2328 ἐδίδασκον,
3177 2266 3272 2319 καὶ
3308 2265 3434 2328 τοὺς
3469 2265 3596 2336 παρ’

2011 2355 2192 2408 αὐτῶν
2238 2355 2568 2425 σεϐομένους
2611 2356 2788 2421 θεοὺς,
2825 2358 2902 2422 ὡς
2945 2359 3005 2411 οὐ
3047 2358 3204 2420 θεοὺς
3235 2357 3417 2420 ὄντας,
3462 2356 3599 2416 ἀλλά

2007 2447 2322 2515 λυμαιῶνας
2358 2447 2467 2500 τῶν
2490 2449 2585 2501 ἀνθ
2594 2449 2815 2519 ρώπων,
2835 2450 3272 2518 καταλιμπάνειν
3289 2448 3596 2503 ἀνέπειθον.

2008 2537 2141 2594 Εἶτα
2169 2541 2196 2593 ὁ
2224 2540 2482 2610 Συριανὺς
2505 2541 2818 2596 κολακεύων
2843 2543 3050 2613 δόματα
3080 2543 3266 2597 δοῦναι
3320 2542 3592 2614 ἐπηγγέλ-

318 2637 457 2699 λετο,
497 2638 591 2690 καὶ
654 2637 841 2705 φίλους
913 2635 1008 2689 κα)¹
1057 2634 1368 2704 γνωρίμους
1411 2633 1675 2704 καθιστᾷν
1727 2631 1806 2702 τῷ
1867 2631 1983 2701 ἰδίῳ
2008 2632 2217 2702 βασιλεῖ
2236 2633 2674 2688 ἐϐεϐαίωσεν·οί
2705 2637 2761 2689 δὲ
2794 2637 2936 2705 ἆγιοι
2983 2638 3258 2708 μάρτυρες
3295 2637 3405 2690 τῶν
3461 2640 3596 2690 ἀποο

319 2733 589 2802 κειμένων
620 2735 730 2795 τοῖς
757 2731 986 2794 δικαίοις
1030 2728 1250 2799 ἀγαθῶν
1308 2729 1698 2799 ἐμνημόνευον,
1767 2726 1990 2796 καὶτῆς
2027 2728 2135 2782 τῶν
2163 2728 2408 2800 οὐρανῶν
2443 2728 2744 2800 βασιλείας,
2803 2731 2896 2783 καὶ
2943 2729 3042 2798 τῆς
3068 2732 3203 2800 πρὸς
3243 2729 3332 2783 τὸν
3367 2727 3604 2799 Χριστὸν

318 2830 672 2902 scapha-{av
733 2831 826 2884 καὶ
859 2831 971 2892 τοῖς
1041 2825 1190 2899 παρά
1247 2826 1340 2880 τοῦ
1384 2824 1640 2881 δικαστοῦ
1707 2823 2206 2896 ἐπαγγελλομένοις
2257 2827 2827 2898 ἀντεπαρετάττοντο,
2891 2827 3200 2892 δεικνύντες
3253 2827 3377 2881 ὅσον
3427 2827 3602 2881 ταῦτα

322 2927 549 2980 ἐκείνων
579 2922 896 2994 ἐνδοξότερά
918 2938 976 2974 τε
1004 2920 1105 2974 καὶ
1146 2918 1469 2991 τιμιώτερα.

391 3021 620 3076 Emissis
647 3021 899 3074 omnibus
918 3022 1205 3073 verborum
1233 3017 1520 3072 venenosis
1543 3015 1776 3086 sagittis,
1798 3014 1923 3081 pha-

323 3125 576 3182 retraqne
612 3112 1003 3181 suphismatum
1031 3111 1446 3179 viduata,quam
1470 3108 1689 3162 utiuime
1717 3119 1920 3178 marty-

2114 3015 2200 3078 Ὠς
2227 3015 2284 3068 δὲ
2316 3017 2493 3069 πᾶσαν
2522 3015 2619 3085 τὴν
2646 3015 2753 3068 τῶν
2787 3015 3007 3071 ἰοϐόλων
3036 3016 3201 3070 αὐτοῦ
3258 3016 3430 3084 λόγων
3461 3015 3604 3086 βελο-

2028 3103 2202 3177 θήκην
2237 3106 2482 3168 κενώσας
2516 3109 2541 3159 ὁ
2562 3107 2842 3175 δικαστὴς,
2879 3106 3132 3176 οὐδαμῶς
3160 3107 3283 3168 τούς
3319 3107 3603 3176 μάρτυρας

324 3217 412 3255 res
436 3198 1020 3268 vulneraveratjmlex;
1050 3216 1171 3254 nam
1198 3201 1299 3253 fide
1314 3208 1470 3253 erant
1495 3198 1713 3265 armati,
1731 3208 1917 3252 scuto-

2023 3197 2260 3268 ἔτρωσεν
2311 3194 2470 3269 (ἦσαν
2525 3197 2630 3268 γὰρ
2678 3198 3117 3268 καθωπλισμένοι
3175 3202 3241 3269 τῇ
3273 3200 3472 3263 πίστει,
3504 3201 3600 3253 καὶ

325 3304 431 3359 que
455 3291 763 3344 christiana.-
793 3290 1073 3344 charitatis
1103 3289 1296 3356 induti;
1320 3300 1429 3343 tum
1455 3303 1483 3342 a
1509 3288 1685 3342 verbis
1715 3288 1781 3342 ad
1805 3299 1916 3343 tor-

324 3393 504 3437 menta
551 3381 792 3451 procedit
838 3382 1141 3452 Syrianus,
1188 3393 1499 3436 sanctorum
1547 3391 1602 3437 et
1647 3382 1916 3452 virginum

327 3475 463 3528 latus
488 3485 767 3544 totumque
797 3489 994 3544 corpus
1020 3475 1157 3528 diris
1205 3474 1501 3541 exagitavit
1540 3475 1916 3540 cruciatibus;

324 3570 463 3621 servi
494 3580 673 3622 autem
717 3566 917 3621 infensi
965 3567 1226 3637 praesides
1259 3566 1542 3636 defatigati
1594 3577 1742 3632 sunt,
1781 3567 1916 3622 nihil

327 3661 708 3730 proficientes;
759 3659 934 3714 sancti
993 3663 1142 3712 enim
1202 3673 1270 3713 ne
1326 3661 1548 3714 verbum
1589 3662 1804 3736 quidem
1851 3659 1918 3713 ad

326 3763 565 3808 torturas
610 3757 893 3818 dederunt,
929 3753 1022 3806 sed
1063 3752 1296 3807 invicem
1333 3752 1386 3806 in
1416 3751 1590 3820 ptenis
1626 3752 1919 3806 hortaban-

325 3859 430 3913 tur,
483 3848 634 3916 quasi
687 3863 795 3901 nou
851 3845 1134 3917 suppliciis
1201 3854 1289 3901 ast
1339 3846 1390 3900 in
1443 3845 1604 3899 lautis
1659 3845 1920 3900 conviviis

328 3941 577 3996 fuissent.
603 3940 738 3993 Cum
771 3939 1025 3994 invictam
1056 3953 1444 4008 generosorum
1472 3937 1673 3993 Christi
1709 3948 1915 4008 marty-

326 4051 444 4088 rum
503 4034 862 4088 constantiam
933 4032 1216 4104 probasset
1275 4030 1575 4102 Syrianus,
1609 4029 1919 4100 ~perspcxit

329 4127 449 4180 illos
510 4128 575 4179 de
622 4125 774 4182 falsis
842 4125 1155 4178 numinibus
1217 4133 1414 4193 tropaea
1482 4124 1777 4191 relaturos;
1840 4124 1922 4177 iu-

328 4217 467 4267 vitus
519 4213 729 4265 illorum
786 4223 945 4280 caput
1023 4227 1126 4264 una
1201 4227 1324 4266 cum
1387 4212 1686 4282 virginibus
1745 4211 1920 4279 gladio

326 4307 619 4359 setaudum
699 4303 882 4372 jussit.
956 4301 1260 4358 Perfectum
1327 4314 1411 4360 est.
1477 4307 1629 4359 ducis
1701 4306 1921 4358 manda-

564 4398 880 4468 sauguiaem
942 4397 1086 4451 enim
1156 4412 1315 4452 suum
1385 4396 1679 4463 fundendo,
1753 4395 1922 4452 fortes

329 4494 568 4556 athletae,
618 4493 875 4548 caelestia
904 4493 1096 4563 gaudia
1147 4503 1334 4547 contra
1385 4492 1666 4546 murtaletu
1709 4503 1922 4546 mutua—

330 4410 440 4451 tum
463 4439 480 4461 ,

2018 3291 2109 3344 τὸν
2143 3291 2244 3361 τῆς
2275 3295 2410 3362 πρὸς
2441 3292 2672 3362 Χριστὸν
2701 3293 2918 3363 ἀγάπης
2950 3293 3290 3363 ἐνδεδυμένοι
3325 3293 3592 3364 θώρακα),

2019 3383 2172 3446 τέλος
2210 3383 2266 3436 δὲ
2301 3383 2369 3436 δι’
2400 3384 2579 3454 ἔργων
2633 3385 2850 3455 ἐχώρει,
2900 3385 2994 3437 καὶ
3030 3384 3219 3446 δεινῶς
3256 3386 3382 3447 τοὺς
3418 3385 3603 3452 ἁγίους

2021 3476 2116 3529 σὺν
2147 3477 2268 3540 ταῖς
2303 3477 2607 3546 μακαρίαις
2656 3477 2895 3540 ἐκείναις
2949 3477 3092 3529 κατὰ
3121 3493 3179 3529 τε
3218 3476 3327 3529 τῶν
3351 3477 3604 3548 πλευρῶν

2019 3567 2113 3621 καὶ
2152 3568 2276 3620 ὅλου
2297 3567 2395 3621 τοῦ
2431 3569 2682 3638 σώματος
2715 3569 2926 3630 τούτοις
2946 3569 3287 3638 προσέφερεν
3303 3571 3400 3630 τὰς
3428 3586 3603 3638 τιμω-

2024 3659 2145 3727 ρίας
2169 3675 2182 3688 '
2224 3658 2299 3722 ὼς
2323 3659 2378 3711 δὲ
2408 3659 2727 3729 ἀπέκαμνον
2786 3660 2836 3712 οἱ
2868 3659 3141 3728 ὑπηρέται
3171 3657 3265 3711 τοῦ
3299 3659 3606 3727 δυσμενοῦς

2024 3751 2188 3820 μηδὲν
2216 3750 2400 3804 πλεῖον
2443 3751 2740 3814 ἀνύσαντες
2772 3750 2914 3821 (οὐτε
2959 3752 3067 3821 γὰρ
3095 3751 3386 3821 ἀπόκρισιν
3418 3751 3607 3820 ἠξίουν

2019 3845 2066 3896 οἱ
2103 3844 2245 3910 amt
2299 3845 2409 3906 τοῖς
2470 3843 2750 3905 δικασταῖς
2801 3843 3008 3908 δοῦναι,
3049 3842 3165 3897 ἀλλ’
3216 3846 3609 3915 ἐνεκαρτέρουν

2018 3939 2129 3999 τοῖς
2147 3937 2447 4007 αἰκισμοῖς,
2467 3936 2540 3998 ὼς
2587 3936 2684 3989 οὐκ
2717 3937 2774 3988 ἐν
2805 3937 3083 4005 βασάνοις,
3109 3935 3223 3989 ἀλλ’
3252 3938 3311 3988 ἐν
3353 3937 3607 4006 εὐωχίαις

2022 4030 2402 4100 ὑπάρχοντες),
2427 4025 2544 4082 εἶτα
2572 4027 2694 4081 ἰδὼν
2721 4029 2750 4081 ὁ
2780 4028 3040 4099 Συριανὸς
3085 4029 3193 4081 τῶν
3219 4029 3482 4097 γενναίων
3511 4029 3609 4082 τοῦ

2021 4119 2259 4190 Χριστοῦ
2295 4120 2544 4190 ἀθλητῶν
2594 4121 2654 4173 τὸ
2707 4122 2999 4191 ἀήττητον,
3049 4121 3264 4174 δίδωσιν
3313 4123 3407 4174 καὶ
3456 4123 3605 4177 ἄκων

2022 4211 2186 4265 αὐτοῦ
2221 4213 2316 4266 καὶ
2348 4211 2457 4264 τῶν
2485 4211 2624 4265 θεῶν
2676 4213 2842 4264 αὐτοῦ
2899 4212 3303 4280 ἐπενέγκασθαι
3345 4214 3604 4283 τρόπαια,

2022 4304 2292 4367 κελεύσας
2314 4305 2439 4367 τούς
2468 4305 2654 4372 ἁγίους
2684 4305 2781 4356 σὺν
2799 4307 2917 4368 ταῖς
2951 4305 3167 4374 τιμίαις
3204 4305 3493 4375 παρθένοις
3517 4306 3608 4359 διά

2025 4397 2211 4464 ξίφους
2235 4394 2624 4464 τελειωθῆναι·
2653 4397 2748 4447 καὶ
2779 4394 2842 4466 δὴ
2875 4396 3044 4466 πέρας
3072 4396 3133 4447 τὸ
3156 4395 3487 4466 πρόσταγμα
3511 4397 3603 4449 τοῦ

2024 4487 2290 4556 ἡγεμόνος
2353 4486 2682 4554 ἐλάμϐανεν,
2718 4484 2814 4538 καὶ
2862 4488 2929 4556 τῇ
2965 4485 3186 4555 ἐκχύσει
3233 4484 3328 4538 τοῦ
3365 4486 3496 4538 ἰδίου
3527 4487 3612 4539 αἴ-

330 4596 524 4641 veruut
549 4587 737 4649 vitam,
764 4595 818 4639 et
854 4587 921 4640 ab
948 4585 1248 4640 certamine
1273 4585 1514 4637 intuente
1549 4583 1658 4637 Deo
1683 4585 1922 4639 victoriae

2031 4597 2199 4652 ματος
2254 4579 2345 4632 τὸν
2399 4573 2601 4632 οἰκεῖον
2648 4580 2928 4652 Δεσπότην
2983 4579 3217 4651 Χριστὸν
3247 4581 3298 4632 οἱ
3320 4581 3610 4650 ἀθλοφόροι

328 4695 585 4733 coronam
654 4689 1026 4750 reportarunt.
1119 4675 1244 4730 l-la-c
1304 4686 1518 4744 peracta
1578 4687 1704 4729 sunt
1765 4675 1918 4744 juxta

331 4771 621 4842 Aigyntios
635 4779 786 4826 sexta
818 4771 1018 4824 mensis
1045 4767 1501 4835 Mechir,etjuxta
1525 4765 1797 4822 Romanos
1817 4770 1918 4823 tri-

328 4866 532 4918 ccsima
566 4865 736 4932 prima
760 4861 1028 4925 Januarii,
1064 4868 1295 4915 testante
1316 4860 1660 4914 sanctissimo
1678 4860 1917 4914 Alexan-

328 4960 460 5013 dria:
481 4958 736 5026 episcOpo
771 4955 953 5017 Petro,
987 4950 1225 5022 perfecto
1247 4951 1522 5006 imitatore
1567 4949 1711 5005 Petri
1776 4952 1919 5007 illius

327 5052 412 5104 cui
439 5051 618 5104 claves
651 5048 800 5118 regni
859 5045 1098 5100 crelestis
1155 5044 1457 5098 commissae
1511 5052 1638 5098 sunt
1675 5052 1730 5098 et
1759 5060 1922 5113 super

329 5159 487 5212 quem
519 5143 761 5197 Ecclesia
792 5140 1010 5194 fundata
1036 5148 1139 5193 est.
1165 5137 1548 5206 impiissimum
1573 5137 1761 5192 Arium
1788 5155 1920 5193 san-

330 5238 588 5293 ctissima:
607 5234 891 5289 Trinitatis
906 5234 1267 5286 detractorem
1290 5227 1676 5284 iufesissimum
1711 5232 1929 5319 evertit,

332 5329 788 5401 quemadmodum
828 5326 1022 5380 Petrus
1056 5323 1332 5393 apostolus
1368 5323 1643 5376 Simonem
1686 5322 1926 5394 Magum.

2029 4676 2306 4746 μάρτυρες
2372 4675 2770 4744 μιμησάμενοι,
2816 4675 2914 4736 τὰς
2945 4675 3002 4726 ὲν
3048 4675 3296 4745 οὐρανοῖς
3323 4674 3610 4746 διατριϐὰς

2025 4771 2144 4823 ἀντὶ
2172 4769 2281 4820 τῶν
2311 4768 2571 4836 ἐπιγείων
2625 4767 2947 4836 ἠλλάξαντο,
3003 4771 3096 4820 καὶ
3135 4768 3264 4831 τούς
3297 4769 3394 4837 τῆς
3439 4769 3610 4838 ἀθλήο

2027 4879 2162 4924 σεως
2220 4863 2519 4928 στεφάνους
2576 4861 2728 4930 παρά
2757 4860 2850 4912 τοῦ
2895 4861 3232 4928 ἀγωνοθέτου
3261 4861 3396 4912 Θεοῦ
3430 4861 3617 4931 ἐκομίο

2028 4969 2222 5008 σαντο·
2254 4953 2430 5007 ταῦτα
2481 4953 2538 5006 δὲ
2597 4954 2900 5023 ἐπράττετο
2954 4954 3096 5006 κατά
3132 4954 3230 5022 μὲν
3280 4955 3613 5020 Αἰγυπτίους

2031 5049 2160 5118 μηνὶ
2191 5047 2378 5116 Μηχὶρ
2403 5044 2560 5113 ἐκτῃ,
2597 5045 2739 5096 κατὰ
2771 5044 2826 5096 δὲ
2845 5044 3149 5114 Ῥωμαίους
3185 5045 3316 5113 μηνὶ
3344 5044 3614 5098 Ἰαννουαο

2035 5138 2134 5210 ρίῳ
2193 5137 2493 5208 τριακοστῇ
2559 5135 2768 5206 πρώτη,
2818 5134 2957 5204 μετὰ
3000 5136 3076 5192 ,τὸ
3126 5135 3472 5205 μαρτυρῆσαι
3524 5136 3615 5187 τὸν

2035 5230 2340 5298 ἁγιώτατον
2408 5227 2707 5281 ἐπίσκοπον
2769 5226 3177 5297 ’ᾼλεξανδρείας
3228 5228 3464 5297 Πέτρον,
3523 5227 3614 5280 τδν

2039 5321 2254 5393 ἀληθῶς
2291 5320 2500 5390 Πέτρου
2527 5318 2736 5372 ἐκείνου
2780 5317 3047 5390 μιμητὴν,
3093 5318 3186 5370 τοῦ
3215 5318 3313 5381 τὰς
3339 5319 3486 5381 κλεῖς
3516 5321 3615 5387 τῆς

334 5427 615 5496 βασιλείας
645 5425 753 5478 τῶν
806 5422 1054 5494 οὐρανῶν
1111 5419 1516 5484 πιστευθέντος,
1574 5421 1662 5490 ἐφ’
1698 5420 1758 5474 ὃν
1794 5423 1826 5492 ἡ
1908 5419 2206 5491 Ἐκκλησία
2258 5415 2622 5486 τεθεμελίωτο
2659 5415 2756 5484 (l),
2787 5415 2879 5467 τὸν
2929 5413 3226 5466 καθελόντα
3257 5414 3346 5466 τὸν
3373 5413 3614 5483 δυσμενῆ

337 5518 553 5588 ’Ἄρειον
578 5517 670 5570 τὺν
691 5517 790 5586 τῆς
825 5515 985 5582 ἁγίας
1016 5513 1248 5586 Τριάδος
1273 5511 1466 5583 ἐχθρὸν
1491 5512 1583 5566 καί
1615 5513 1915 5584 ἀλλότριον,
1943 5513 2084 5566 καθά
2105 5512 2197 5565 καὶ
2228 5509 2432 5580 Πέτρος
2452 5508 2480 5560 ὁ
2513 5507 2813 5570 ἀπόστολος
2833 5507 3026 5576 Μάγον
3050 5505 3140 5560 τὸν
3175 5505 3411 5575 Σίμωνα.

407 5614 421 5642 ⁸
458 5613 647 5665 Matth.
685 5611 850 5678 x,28.
967 5611 981 5641 ¹
1015 5609 1145 5665 ibid.
1185 5624 1236 5674 κ,
1266 5606 1360 5661 22.

1820 5689 2054 5746 ΝΟΤᾸΕ.

408 5801 482 5874 (ι)
539 5800 616 5853 Eu
668 5801 862 5855 Petrus
913 5797 1167 5854 Ecclesiae
1224 5794 1632 5850 fundamentum
1669 5804 1696 5843 ιι
1731 5787 1917 5844 Graeco
1958 5787 2254 5857 biugrapho
2285 5785 2522 5841 dicitur.
