4036 6236
464 356 533 419 35
559 355 611 417 ‘3

1670 338 1768 403 DE
1800 338 1906 400 SS.
1946 335 2139 399 CYRO
2181 332 2277 397 ET
2306 329 2623 397 ῙΟΑΝΝΕ.

3593 318 3737 383 δῦθι
3810 324 3821 329 ’

561 467 779 540 Ἐπειδὴ
804 466 867 523 δὲ
891 465 1093 537 Κῦρος,
1123 463 1218 517 καὶ
1272 460 1523 529 Ἰωάννης
1562 458 1609 511 οἱ
1657 455 1930 527 μάρτυρες
1956 454 2052 507 σὺν

2224 450 2520 520 Postquam
2597 446 2781 502 sancti
2849 451 3121 514 martyres
3168 416 3343 511 Cyrus
3387 445 3442 490 et
3495 434 3734 489 Joannes

468 566 589 630 ταῖς
620 562 891 633 άοιδίμοις
927 553 1314 626 παρθένοιςτῷ
1343 552 1485 621 ξίφει
1513 547 1928 617 ἐτελειώθησαν,
1958 548 2053 598 καὶ

466 654 536 732 ἦν
571 655 752 719 αὐτῶν
785 652 855 707 τά
881 649 1127 717 πανάγια
1178 645 1409 716 σώματα
1465 643 1672 711 ἄταφα,
1718 638 1929 709 Θηρίοις
1957 636 2054 689 καὶ

467 729 677 823 ὀρνέοις
706 748 787 810 είς
813 744 978 817 βορὰν
1009 740 1263 812 κείμενα,
1308 733 1592 806 οἰκονομίᾳ
1643 731 1778 786 Θεοῦ
1813 730 1872 784 τὸ
1903 729 2052 782 εὐσε-

467 821 560 906 61;
608 841 772 912 μέρος
822 835 918 890 τοῦ
957 834 1068 887 τῶν
1139 829 1534 899 Ἀλεξανδρέων
1564 825 1697 880 λαοῦ
1749 824 1900 895 ζήλῳ
1951 821 2054 912 καὶ

467 910 620 1000 πόθιρ
639 929 769 999 θείῳ
792 922 1178 987 καθοπλισθὲν,
1221 919 1459 993 ἁρπάζει
1503 917 1572 971 τὰ
1604 915 1715 969 τῶν
1751 914 1922 982 ἁγίων
1949 910 2054 963 λεί-

466 1024 614 1092 ψανα
641 1023 757 1074 σῶα
789 1021 885 1073 καὶ
911 1017 1146 1086 ἁϐλαόἦ,
1170 1015 1262 1068 καὶ
1286 1012 1459 1065 ταῦτα
1487 1011 1567 1074 εἰς
1598 1010 1687 1062 τὴν
1708 1007 1888 1076 τίμιον
1913 1004 2052 1059 ναὸν

464 1115 560 1166 τοῦ
577 1110 756 1179 ’Δγίου
773 1106 1100 1164 Ἀποστὸλου
1122 1106 1218 1159 καὶ
1234 1100 1639 1172 Εὐαγγελιστοῦ
1656 1100 1883 1171 Μάρκου
1918 1097 2054 1167 μετά

469 1204 669 1275 πολλῆς
689 1201 1020 1275 δορυφορίας
1042 1198 1138 1252 καὶ
1159 1197 1323 1266 τιμῆς
1343 1194 1691 1263 ἀποτίθησιν,
1721 1193 1847 1255 τοὺς
1866 1189 2055 1258 ἁγίους

468 1297 652 1368 Κῦρον
710 1296 805 1349 καὶ
875 1293 1131 1360 Ἰωάννην
1183 1290 1242 1342 ὲν
1304 1287 1403 1358 μιᾷ
1436 1285 1618 1358 σορῷ·
1651 1282 1750 1347 τάς
1793 1283 1850 1337 δὲ
1892 1281 2056 1368 ἁγίας

468 1365 777 1455 παρθένους
803 1381 1087 1449 Θεοδότην,
1120 1376 1473 1445 Θεοκτίστην,
1506 1376 1600 1427 καὶ
1627 1371 1902 1437 Εὑδοξίαν,
1939 1365 2056 1435 ἅμα

468 1483 536 1551 τῇ
593 1478 802 1532 τούτων
867 1475 1037 1546 μητρὶ
1101 1471 1417 1541 Ἀθανασίᾳ.
1467 1469 1526 1521 ὲν
1568 1468 1665 1539 μιᾷ
1693 1465 1892 1535 ὁμοίως
1921 1464 2057 1517 ίδιαο

470 1566 642 1639 ζούσῃ
683 1564 860 1638 σορῷ·
894 1563 1013 1634 ᾔδει
1040 1561 1150 1632 γάρ
1220 1558 1437 1630 άληθῶς
1468 1556 1597 1620 τοὺς
1634 1556 1743 1610 τῶν
1772 1553 2057 1622 εὐαγγελι-

472 1657 584 1713 κῶν
660 1652 1142 1726 παραγγελμάτων
1207 1650 1478 1721 φύλακας,
1537 1647 1633 1702 καὶ
1682 1646 1780 1719 τῆς
1823 1647 2054 1716 Μάρκου

473 1749 760 1819 ἀθλήσεως
814 1746 1082 1819 μιμητὰς,
1137 1745 1443 1814 συσκήνους
1498 1742 1690 1797 τούτου
1762 1738 2053 1809 γενέσθαι,

2156 543 2318 598 simul
2368 554 2490 595 cntn
2526 537 2832 609 virginibus
2862 536 3029 589 vitam
3067 546 3218 587 suam
3250 528 3430 599 gladio
3471 525 3757 586 finierint,

2159 633 2426 704 insepulta
2458 645 2650 685 eorum
2676 634 3057 684 remanserunt
3087 637 3339 692 corpOra,
3360 620 3413 674 in
3436 632 3585 674 esum
3613 631 3739 686 pro-

2157 727 2302 797 iecta
2360 725 2491 779 feris
2539 733 2596 780 et
2643 722 2872 787 avihu’s;
2918 719 3011 773 Dei
3042 729 3225 773 autem
3269 709 3614 783 providentia
3650 708 3736 778 pia

2156 825 2212 872 et
2264 816 2454 869 devota
2520 829 2649 882 pars
2699 808 3194 866 Alexandrinorum
3250 800 3366 856 zelo
3420 808 3475 853 et
3522 797 3738 851 ardenti

2159 917 2365 962 armata
2401 905 2504 961 fuit
2530 905 2899 967 desiderio,ut
2927 908 3242 956 sanctorum
3267 891 3528 962 reliquias
3559 903 3738 943 asser—

2152 1008 2338 1062 varet;
2371 997 2552 1052 salvos
2580 1006 2633 1047 et
2654 997 2885 1049 intactos
2918 1005 3115 1061 magno
3146 991 3356 1043 honore
3386 992 3444 1039 et
3480 980 3627 1036 cultu
3648 978 3745 1032 de-

2158 1089 2278 1144 tulit
2337 1089 2391 1141 in
2446 1086 2700 1155 templum
2756 1084 2933 1139 sancti
2989 1077 3220 1151 apostoli
3280 1082 3335 1130 et
3395 1068 3749 1141 evangelista

2154 1179 2358 1247 hiarci;
2396 1180 2596 1252 Cyrum
2634 1186 2882 1232 sanctum
2916 1183 2973 1228 et
3005 1172 3268 1226 Joannem
3309 1168 3362 1221 in
3390 1178 3557 1219 unum
3583 1161 3749 1230 depo-

2157 1280 2385 1327 suerunt
2468 1269 2742 1334 loculum,
2821 1266 3058 1334 virgines
3137 1270 3319 1314 autem
3379 1253 3746 1311 castissimus,

2157 1363 2571 1427 Theoctistam,
2659 1359 2954 1414 [laudatam
3043 1364 3099 1409 et
3191 1352 3525 1414 Endosiam,
3641 1359 3747 1398 nua

2157 1473 2281 1514 cum
2337 1464 2513 1510 matre
2541 1452 2840 1506 Athanasia
2890 1446 3224 1518 coniunctior
3270 1446 3323 1497 in
3367 1442 3530 1496 alium
3598 1437 3746 1492 fere-

2159 1562 2324 1605 trum.
2377 1548 2520 1603 Vere
2551 1546 2809 1600 decorum
2830 1543 2936 1598 fuit
2962 1552 3280 1597 sanctorum
3323 1532 3742 1600 Erangeliorum

2159 1652 2471 1698 servatores
2509 1645 2563 1695 et
2593 1636 2762 1692 Marci
2808 1618 2999 1706 pugna:
3046 1632 3355 1687 imitatores
3413 1626 3514 1682 sub
3548 1622 3741 1678 eodem

2159 1749 2283 1790 cum
2309 1731 2557 1800 apostolo
2589 1728 2828 1798 tegmine
2860 1725 3120 1789 habitari,
3188 1725 3370 1791 itaque
3406 1720 3460 1772 in
3500 1716 3662 1771 terris
3690 1723 3749 1768 et

474 1804 757 1913 καθάπερ-
780 1804 895 1894 sui.
921 1804 1021 1911 τῆς
1041 1804 1164 1906 ⁷γῆς
1195 1804 1388 1906 ἀμέλει
1423 1804 1537 1890 -καὶ
1578 1835 1637 1888 ἐν
1669 1804 1917 1904 οὐρανοῖς
1955 1832 2053 1901 τῆς

2182 1841 2223 1880 .n
2279 1824 2437 1880 coelis
2489 1820 2556 1877 ad
2588 1822 2836 1875 dextram
2878 1818 2996 1887 ejus
3028 1824 3178 1871 stare
3227 1810 3618 1883 diguabuntur.
3688 1804 3756 1859 Εἲ

475 1942 541 1994 ὲκ
593 1939 791 2004 δεξιῶν
847 1937 947 1991 σὺν
1003 1934 1153 2005 αὐτῷ
1193 1933 1595 2002 ἀξιωθήσονται
1641 1931 1887 1993 στάσεως
1914 1944 1928 1959 ’
1973 1927 2068 1982 καὶ

474 2030 650 2085 ταῦτα
685 2031 785 2099 μὲν
825 2029 955 2099 περὶ
981 2027 1080 2096 τῆς
1107 2026 1216 2079 τῶν
1245 2024 1415 2093 ἁγίων
1440 2022 1744 2092 ἀθλήσεως.

555 2122 881 2189 Ἀναγκαῖον
900 2119 956 2173 δὲ
975 2116 1110 2188 ἡγοῦ
1119 2134 1216 2188 μαι
1234 2117 1302 2170 δι’
1337 2115 1519 2182 ὀλίγου
1545 2115 1726 2167 εἰπεῖν
1743 2113 1841 2168 καὶ
1866 2112 1966 2185 τὴν
1988 2110 2073 2166 αἱ·

476 2214 599 2267 τίαν
627 2212 726 2280 τῆς
756 2209 1103 2282 μεταθέσεως
1124 2208 1232 2262 τῶν
1259 2207 1431 2276 ἁγίων
1466 2191 1737 2277 λειψάνων
1763 2205 1948 2277 Κύρου
1978 2204 2073 2259 καὶ

491 2304 736 2359 Ἰωάννου
756 2302 864 2363 άπὸ
883 2304 978 2356 τοῦ
1003 2301 1294 2374 εὐκτηρίου
1311 2301 1461 2354 οίκου
1490 2300 1585 2353 τοῦ
1609 2297 1786 2369 Ἀγίου
1818 2296 2077 2351 Ἀποστό-

479 2392 571 2447 λου
625 2395 718 2448 καὶ
770 2391 1170 2461 Εὑαγγελιστοῦ
1218 2391 1448 2461 Μάρκου
1506 2389 1610 2462 [εἰς
1654 2387 1770 2461 τὸν]
1817 2387 2074 2441 ἐπέκεινα

480 2484 743 2539 Κανώϐου
772 2484 1029 2549 ναὸν,τδν
1067 2482 1260 2554 πρώην
1290 2483 1376 2537 ἐπ’
1402 2482 1629 2553 ὀνόματι
1648 2481 1757 2535 τῶν
1788 2481 2074 2550 εὐαγγελι-

482 2576 623 2629 στῶν
649 2574 955 2639 κτισθέντα,
973 2572 1069 2627 νῦν
1096 2572 1153 2627 δὲ
1182 2572 1288 2628 τῶν
1318 2572 1514 2641 Ἀγίων
1544 2571 1853 2643 Μαρτύρων
1877 2571 2075 2640 ὀνομα-

482 2668 743 2738 ζόμενον.
803 2666 988 2732 καθὼς
1047 2667 1155 2720 ἀπὸ
1187 2665 1644 2738 συγγραμμάτων
1670 2664 1932 2735 Πατέρων
1965 2679 2075 2736 μαι

484 2759 601 2813 θεῖν
634 2759 1015 2831 ἠδυνήθημενο
1071 2760 1130 2811 ὲν
1183 2752 1226 2826 ᾧ
1263 2758 1372 2830 γὰρ
1409 2758 1558 2829 τόπῳ
1603 2757 1848 2830 ὑπῆρχεν
1868 2756 1930 2810 τὸ
1967 2755 2076 2811 τῶν

484 2853 658 2921 ἁγίων
687 2852 875 2923 Κύρου
900 2852 995 2905 καὶ
1011 2851 1262 2907 Ἰωάννου
1295 2850 1609 2922 εύκτήριον,
1633 2850 1772 2920 πρὸς
1789 2850 1910 2911 ταῖς
1927 2846 2077 2917 ψάμ-

489 2961 614 3014 μοις
651 2942 866 3013 δαίμων
904 2942 1217 3013 ἀκάθαρτος
1256 2941 1580 3010 ἐπεφαίνετο
1604 2942 1663 2992 ὲν
1690 2940 1821 2992 εἴδει
1850 2937 2077 3007 θηλείας

489 3036 662 3090 ποιῶν
690 3033 991 3104 φαντασίας
1019 3033 1244 3099 πολλὰς,
1262 3033 1358 3087 καὶ
1383 3031 1644 3104 μαντείας
1686 3030 1858 3085 δοκῶν
1896 3029 2076 3099 λέγειν

491 3130 660 3202 μηδὲν
681 3129 902 3200 ἔχοντας
929 3126 1152 3197 ἀληθὲς,
1172 3128 1264 3181 καὶ
1288 3126 1559 3193 ἐπιταγάς
1581 3141 1746 3179 τινων
1768 3123 2076 3196 φαρμάκων

2178 1919 2294 1974 hac
2321 1916 2538 1987 quidem
2564 1915 2634 1967 de
2662 1921 2974 1968 sanctorum
3002 1906 3326 1962 certamine.

2242 2098 2477 2155 Necesse
2502 2106 2633 2168 puto
2655 2095 2901 2165 quaedam
2937 2091 3004 2145 de
3036 2086 3395 2145 translatione
3436 2092 3758 2139 sanctarum

2180 2192 2531 2261 reliquiarum
2565 2188 2688 2260 Cyri
2710 2198 2766 2241 et
2791 2184 3019 2240 Joannis
3041 2184 3244 2247 dicere,
3270 2193 3390 2248 qum
3420 2176 3488 2231 ab
3519 2174 3765 2230 oratorio

2180 2284 2355 2341 sancti
2385 2282 2612 2354 apostoli
2641 2289 2695 2335 et
2724 2276 3071 2345 evangelista:
3090 2273 3283 2335 Marci,
3314 2272 3367 2324 in
3388 2268 3595 2324 Canobi
3622 2275 3763 2320 tem-

2182 2378 2328 2449 plum
2373 2383 2665 2447 asportata:
2692 2373 2935 2428 fuerunt.
3016 2366 3298 2436 Templum
3333 2365 3436 2419 hoc
3473 2362 3626 2432 prius
3660 2360 3762 2416 sub

2182 2468 2525 2528 invocatione
2577 2475 2890 2522 sanctorum
2944 2458 3401 2530 evangelistarnm
3435 2454 3761 2511 aedificatum

2183 2563 2381 2628 fuerat,
2436 2576 2583 2615 nunc
2644 2566 2826 2613 autem
2860 2562 3173 2610 sanctorum
3209 2557 3510 2621 martyrum
3567 2560 3763 2600 nomen

2185 2656 2374 2721 refert,
2402 2655 2479 2709 uti
2523 2668 2556 2708 e
2579 2651 2799 2721 scriptis
2828 2656 3141 2705 sanctorum
3156 2646 3384 2698 Patrum
3414 2639 3764 2697 ediscendum

2182 2756 2287 2805 est.
2320 2747 2378 2801 In
2404 2762 2469 2801 ro
2493 2745 2635 2811 loro,
2687 2759 2795 2813 quo
2828 2741 2990 2796 hodie
3019 2749 3146 2795 sunt
3178 2736 3423 2805 reliquiae
3448 2732 3623 2788 sancti
3639 2729 3766 2802 Cyri

2181 2848 2238 2892 et
2276 2834 2448 2890 sancti
2477 2834 2726 2897 Joannis,
2781 2832 2849 2885 ad
2899 2843 3097 2884 arenas
3140 2825 3393 2897 apparuit
3421 2824 3632 2879 daemon
3665 2823 3768 2875 into

2185 2944 2355 2999 purus
2393 2926 2494 2981 sub
2515 2924 2700 2995 specie
2728 2920 3006 2984 mulieris;
3056 2918 3222 2972 multa
3256 2915 3486 2986 perfecit
3538 2914 3768 2982 phantao

2183 3029 2379 3086 smata,
2415 3019 2634 3074 omnia
2694 3016 2864 3072 edidit
2909 3027 3030 3084 quae
3064 3011 3205 3067 nihil
3233 3010 3345 3065 veri
3382 3022 3493 3080 prae
3539 3021 3598 3062 se
3624 3007 3768 3062 fere»

2194 3115 2344 3177 batit,
2368 3116 2630 3183 quaedam
2662 3109 2995 3166 ntedelarum
3020 3103 3466 3178 prazscriptiones
3490 3100 3768 3155 indicabat

486 3192 937 3295 τερατευόμενος,
961 3192 1146 3292 μηδὲν*
1162 3192 1506 3275 παντάπασιν
1529 3217 1774 3286 ὠφελῶν,
1791 3192 1927 3271 ἀλλὰ
1956 3214 2075 3270 τού-

2184 3222 2303 3278 ιιιιιει
2329 3207 2532 3262 nullam
2562 3206 2616 3258 in
2649 3220 2710 3260 se
2748 3202 3023 3258 habebant
3047 3198 3379 3263 utilitatem;
3402 3196 3469 3249 ad
3504 3192 3768 3264 perditio-

489 3333 613 3381 τους
635 3319 716 3381 είς
733 3314 1010 3370 ἀπώλειαν
1027 3312 1411 3383 ἐφελκόμενοςο
1432 3309 1617 3365 πολλοὶ
1635 3305 1727 3364 οὖν
1747 3307 1992 3366 ἑάλωσαν
2013 3311 2079 3381 τῇ

484 3409 588 3464 τοῦ
612 3409 849 3482 πονηροῦ
893 3409 1204 3478 πνεύματος
1235 3406 1599 3476 κεκρυμμένῃ
1634 3402 1843 3473 παγίδι,
1884 3403 2083 3464 οἵτινες

495 3501 713 3561 θυσίαις
747 3500 843 3554 καὶ
874 3500 1126 3562 κνίσσαις
1147 3493 1235 3562 αῖς
1257 3499 1475 3551 ἐδόκουν
1504 3497 1672 3568 τιμᾷν
1697 3494 1758 3549 τὸ
1780 3494 2079 3566 δαιμόνιον,

492 3595 555 3648 ἐν
580 3593 659 3665 τῷ
682 3593 852 3665 βωμῷ
879 3594 936 3646 ὲν
955 3585 1000 3661 ᾧ
1026 3588 1168 3662 ἦσαν
1205 3591 1301 3645 νῦν
1335 3591 1428 3643 ἐπὶ
1458 3589 1536 3660 τῷ
1557 3588 1785 3661 ὀνόματι
1814 3586 1978 3643 αὐτοῦ
1991 3588 2085 3640 άν-

487 3684 830 3757 ιγείραντες·
851 3684 1205 3755 ὲττωνόμαζον
1219 3682 1276 3737 δὲ
1291 3682 1425 3737 αὐτὸ
1445 3683 1492 3735 oi
1505 3681 1795 3750 Αἰγύπτιοι
1808 3679 2081 3749 Μενουθῆ.

579 3779 702 3831 Ἐπὶ
739 3777 848 3830 τῶν
877 3777 1086 3847 χρόνων
1112 3775 1295 3828 τοίνυν
1313 3772 1409 3827 τοῦ
1437 3772 1784 3842 φιλοχρίστου
1816 3769 2085 3841 βασιλέως

496 3868 592 3924 τοῦ
620 3868 835 3939 Μικροῦ
867 3866 1173 3929 Θεοδοσίου,
1204 3864 1472 3936 Κύριλλος
1495 3866 1596 3917 ὁὲν
1611 3861 1787 3933 ἁγίοις
1814 3860 1915 3933 τὴν
1929 3860 2087 3930 Μάρ-

503 3978 603 4015 κου
636 3959 909 4033 καθέδραν
924 3957 1149 4030 ἀληθῶς
1173 3957 1501 4022 διέπων,καὶ
1524 3956 1615 4009 τὸν
1646 3955 1748 4027 τῆς
1780 3952 2086 4026 όρθοδοξίας

496 4046 838 4123 θερμότατον
867 4050 1030 4122 ζῆλον
1053 4050 1458 4121 διαδεξάμενος,
1483 4046 1698 4102 ἁκούων
1727 4046 1798 4101 τὰ
1824 4046 2086 4116 γινόμενα

494 4143 596 4199 τοῦ
625 4142 866 4218 πονηροῦ
894 4143 1149 4214 δαίμονος
1170 4126 1538 4211 φαντάσματα
1568 4141 1626 4193 ὲν
1647 4137 1899 4211 Μενουθῇ
1924 4136 2087 4208 (οὕτω

496 4239 613 4306 γὰρ
645 4234 737 4288 τὸν
765 4234 931 4287 τόπον
953 4232 1141 4286 λοιπὸν
1167 4233 1230 4284 ὲκ
1253 4231 1348 4284 τοῦ
1382 4231 1804 4299 ἐπιφαινομένου
1835 4229 2087 4298 δαίμονος

501 4324 901 4396 ἑπωνόμαζον),
930 4323 1269 4394 λυπούμενος
1298 4323 1356 4376 δὲ
1388 4324 1481 4377 καὶ
1506 4322 1793 4393 ἀδημονῶν
1831 4323 1960 4394 περὶ
1976 4321 2088 4374 τῶν

501 4416 898 4489 ἀπολλυμένων
949 4417 978 4469 ό
1025 4417 1174 4480 ὅσιος
1227 4416 1315 4470 διὰ
1366 4415 1465 4479 τῆς
1515 4416 1731 4484 ἀπάτης
1761 4414 1972 4485 ψυχῶν,
2009 4417 2088 4476 είς

2184 3315 2310 3355 nem
2343 3299 2527 3354 otnnia
2558 3298 2868 3367 excotgitata
2915 3294 3212 3349 fueruntet
3243 3289 3400 3345 multi
3438 3288 3770 3345 absconditis

2186 3392 2405 3461 maligni
2443 3392 2667 3461 spiritus
2701 3389 2911 3458 laqueis
2930 3386 3080 3457 capti
3110 3391 3258 3449 sunt,
3290 3384 3380 3454 qui
3400 3379 3686 3438 sacriﬁciis
3713 3389 3770 3434 et.

2185 3484 2515 3557 pinguedine
2540 3485 2840 3539 damnantem
2876 3481 3058 3536 colere
3086 3477 3432 3540 videbantur,
3495 3475 3548 3529 in
3593 3488 3767 3538 aram.

2186 3584 2404 3639 nomine
2439 3582 2555 3651 eius
2594 3588 2930 3636 exstructam
2964 3576 3334 3646 deposuerunt
3372 3572 3553 3636 dona;
3605 3582 3768 3639 quam

2184 3675 2435 3747 Egyptii
2463 3673 2811 3728 Menoutham
2845 3668 3209 3741 appellabant.

2253 3767 2520 3836 Tempore
2536 3765 2837 3822 Christiani
2863 3759 3506 3833 inrperatoris’l‘hcodosii
3526 3757 3770 3824 Minoris,

2186 3873 2309 3913 cum
2341 3858 2587 3913 veritatis
2608 3857 2930 3913 cathedram
2980 3854 3157 3912 sancti
3191 3853 3360 3909 Marci
3417 3853 3642 3908 haberet
3666 3852 3773 3923 Cy-

2191 3948 2363 4014 rillus,
2400 3948 2702 4003 indefessus
2726 3946 3043 4002 orthodoxa:
3071 3946 3191 4001 fidei
3223 3954 3280 4000 et
3302 3953 3562 4000 strenuus
3589 3942 3777 3998 defen-

2187 4055 2303 4105 sor,
2356 4049 2411 4095 et
2460 4041 2676 4095 audiret
2725 4056 2847 4110 quae
2903 4041 2972 4095 ab
3024 4038 3287 4093 immundi
3335 4036 3559 4108 spiritus
3609 4036 3776 4106 phan-

2191 4129 2514 4185 tasmatibns
2545 4129 2738 4185 tierent
2767 4131 2818 4184 in
2850 4129 3165 4194 Menontha,
3209 4144 3325 4199 quo
3367 4128 3587 4183 nomine
3613 4143 3774 4182 voca-

2192 4223 2328 4278 bant
2349 4224 2528 4278 locum
2557 4227 2800 4280 daemone
2831 4226 3171 4289 intestatum,
3215 4223 3387 4278 doluit
3425 4224 3778 4278 vehementer

2190 4330 2244 4371 et
2273 4317 2535 4387 ingemuit
2574 4326 2799 4373 sanctus
2836 4320 3069 4375 antistes
3112 4318 3181 4371 de
3226 4323 3309 4370 tot
3342 4314 3615 4382 tantisque
3662 4314 3779 4367 ani-

2197 4411 2391 4466 mabus
2417 4425 2607 4467 errore
2629 4411 2925 4482 deperditis
2950 4429 2966 4478 ;
2995 4424 3293 4465 conversus
3317 4417 3403 4462 est
3420 4407 3534 4476 ipse
3556 4407 3621 4460 ad
3654 4420 3781 4460 ora-

505 4509 661 4573 λιτὰς
688 4510 783 4564 καὶ
812 4508 1024 4571 ἱκεσίας
1065 4509 1300 4580 ἐτράπη,
1338 4508 1673 4580 παρακαλῶν
1706 4509 1798 4562 τὸν
1827 4508 1960 4561 Θεὸν
1982 4524 2075 4576 φα-

2190 4502 2371 4559 tinnes
2402 4513 2457 4558 et
2485 4504 2917 4573 deprecationis,
2971 4503 3250 4572 Deumque
3279 4498 3554 4555 invocavit
3587 4508 3647 4552 ut
3675 4497 3778 4553 sibi

512 4602 742 4672 θερῶσαι
766 4601 989 4682 τρόπον,
1037 4601 1105 4656 δι’
1138 4597 1200 4655 οὗ
1243 4603 1304 4655 τὸ
1336 4601 1464 4655 ίδιον
1506 4600 1731 4671 πλάσμα
1751 4602 1815 4656 ὲκ
1835 4600 1930 4654 τοῦ
1961 4601 2087 4654 όλεο

504 4693 659 4765 θρίου
718 4693 973 4765 δαίμονος
1040 4694 1539 4766 ἐλευθερωθήσεται
1603 4695 1697 4749 καὶ
1756 4693 1866 4747 τῶν
1922 4693 2088 4749 αὑτοῦ

507 4785 825 4854 φαντασιῶν
855 4802 869 4819 ο
913 4786 1008 4840 ἐπὶ
1034 4785 1168 4840 πολὺ
1222 4786 1281 4840 δὲ
1301 4785 1472 4839 αὐτοῦ
1530 4785 1791 4856 δεομένου
1833 4787 1928 4840 καὶ
1953 4785 2091 4856 μετὰ

505 4876 760 4948 δακρύων
790 4877 1249 4949 προσπίπτοντος,
1302 4879 1646 4946 ἐπιφαίνεται
1682 4878 1832 4945 αὐτῷ
1875 4878 2092 4948 νύκτωρ

504 4969 733 5040 ἄγγελος
757 4971 962 5042 Κυρίου
1026 4971 1234 5039 λέγων’
1279 4971 1518 5042 Ἐπειδὴ,
1553 4974 1738 5041 φησὶν,
1789 4970 1862 5035 ὡς
1889 4969 2092 5040 ποιμὴν

503 5065 615 5118 τῶν
661 5065 897 5134 λογικῶν
951 5065 1241 5136 προϐάτων
1292 5065 1503 5118 ἱκεσίαν
1567 5063 1910 5136 προσάγεις,
1967 5062 2093 5117 τάδε

412 5204 415 5207 λ
505 5170 588 5208 σοι
650 5154 860 5209 κελεύει
936 5154 1002 5207 δι’
1059 5154 1196 5224 ἐμοῦ
1257 5156 1287 5207 ό
1344 5154 1497 5224 ὑμῶν
1539 5170 1599 5206 τε
1637 5154 1732 5208 καὶ
1780 5152 1937 5225 ήμῶν
1989 5156 2096 5221 Δη-

513 5248 773 5317 μιουργδς
816 5248 913 5300 καὶ
962 5246 1099 5310 Θεός
1122 5263 1138 5281 ο
1188 5246 1477 5320 πορευθεὶς
1533 5248 1612 5312 είς
1644 5248 1704 5300 τὸ
1734 5247 1965 5317 Μάρκου
1999 5243 2094 5299 τοῦ

505 5339 912 5408 Εὐαγγελιστοῦ
946 5342 1325 5412 κοιμητήριον,
1382 5342 1637 5413 εὑρήσεις
1666 5340 1821 5412 σορὸν
1851 5341 1910 5393 ἐν
2027 5338 2096 5393 τὰ

507 5431 742 5503 λείψανα
761 5431 871 5485 τῶν
895 5432 1044 5503 ἐμῶν
1076 5432 1369 5504 μαρτύρων
1395 5433 1578 5506 Κύρου
1608 5434 1701 5487 καὶ
1739 5433 1986 5487 Ἰωάννου
2005 5450 2097 5487 τε-

2189 4595 2637 4651 mani‘festaretnr
2696 4596 2887 4649 medus
2946 4609 3055 4664 quo
3108 4597 3432 4649 commissas
3500 4599 3780 4648 creaturas

2192 4702 2222 4741 a
2302 4687 2605 4757 pernicioso
2702 4687 2959 4743 liberaret
3055 4687 3211 4743 hoste
3296 4687 3525 4758 ejusque
3605 4684 3778 4756 phan-

2196 4778 2369 4833 tasiis.
2432 4777 2724 4848 Postquam
2753 4780 2849 4834 diu
2909 4787 2967 4835 et
3018 4796 3140 4833 cum
3175 4779 3436 4851 lacrymis
3470 4786 3776 4849 prostratus

2194 4883 2409 4926 orasset
2446 4871 2754 4942 episcopus,
2792 4882 2950 4927 noctu
3003 4872 3076 4927 illi
3124 4873 3374 4942 apparuit
3418 4871 3645 4942 angelus
3677 4871 3782 4925 Do-

2197 4962 2328 5017 mini
2358 4963 2545 5019 dicens
2576 4954 2756 5020 :Cmu
2806 4975 2865 5019 ut
2905 4964 3079 5020 bonus
3122 4973 3311 5036 pastor
3342 4978 3439 5033 pro
3470 4961 3778 5017 rationabili

2195 5070 2360 5127 grege
2410 5055 2590 5110 defers
2643 5056 3114 5126 supplicationem,
3182 5061 3296 5112 lucc
3349 5056 3444 5110 tibi
3500 5063 3683 5109 vester
3723 5063 3779 5106 et

2198 5160 2387 5203 noster
2415 5148 2669 5205 conditor
2691 5148 2832 5204 Dens
2854 5150 3073 5203 nuntiat
3097 5167 3111 5202 :
3145 5147 3292 5203 Vade
3320 5149 3371 5200 in
3401 5145 3775 5201 cmmelerium

2205 5236 2394 5303 Marci,
2455 5238 2653 5293 ibidem
2688 5241 2931 5310 reperies
2980 5238 3221 5293 loculum
3245 5236 3332 5290 ubi
3365 5243 3659 5290 servantur
3689 5247 3778 5288 re-

2208 5331 2387 5401 liquia:
2414 5343 2728 5388 sanctorum
2779 5343 3077 5404 martyrum
3116 5344 3359 5384 meorum
3386 5326 3507 5400 Cyri
3533 5334 3587 5380 et
3613 5322 3777 5380 Joan-

2202 5423 2323 5490 nis;
2376 5426 2473 5480 has
2529 5426 2654 5481 tolle
2682 5434 2736 5479 et
2765 5427 2817 5479 in
2850 5427 3020 5480 aedem
3054 5422 3154 5477 sub
3205 5420 3423 5475 nomine
3464 5426 3775 5472 santtorum

507 5523 887 5596 θησαύρισται’
907 5523 1079 5577 ταῦτα
1098 5524 1275 5579 τοίνυν
1297 5527 1639 5596 ἀνελόμενος,
1654 5527 1737 5590 είς
1754 5527 1844 5581 τὸν
1878 5526 1964 5580 ἐπ’
1989 5524 2075 5579 όνό

2205 5509 2673 5587 Εγοηέριίειιιιυιιι
2705 5527 2964 5581 erectam,
2991 5515 3055 5569 ad
3072 5513 3350 5569 Canobum
3379 5511 3631 5577 deferas;
3670 5525 3777 5581 quo

512 5631 643 5685 ματι
677 5616 786 5668 τῶν
835 5615 1243 5684 εὐαγγελιστῶν
1303 5616 1591 5670 κτισθέντα
1632 5611 1809 5680 οἷκον,
1844 5618 2075 5671 ἐπέκεινι

2207 5612 2351 5667 facto
2393 5622 2679 5667 erancscet
2725 5627 2841 5681 quae
2888 5611 2939 5665 in
2977 5607 3095 5664 loco
3132 5607 3236 5663 isto
3279 5617 3359 5661 est
3391 5602 3701 5676 phantasia.

509 5706 603 5760 τοῦ
645 5705 909 5761 Κανώϐου
955 5708 1325 5779 μετακόμισον
1348 5724 1367 5739 τ
1416 5708 1609 5762 τούτου
1632 5708 1741 5780 γὰρ
1781 5710 2096 5779 γενομένου,

518 5804 551 5870 ἡ
579 5803 635 5855 ἐν
667 5800 745 5873 τῷ
773 5801 922 5874 τόπῳ
949 5805 1210 5875 γινομένη
1277 5803 1548 5874 φαντασία
1594 5804 2096 5876 καταργηθήσεται.
