4036 6236
1158 307 1217 367 S.
1257 306 1679 384 SOPHRONII
1720 310 2234 377 PATRIARCHE
2262 317 2671 383 HIEROSOL.

3444 330 3587 398 3696

377 409 589 465 Gaudio
642 409 893 479 perfusus
947 421 1170 469 sanctus
1192 414 1431 486 Cyrillus
1455 418 1659 488 gratias
1702 420 1887 474 retulit

2067 424 2382 497 Περιχαρὴς
2443 429 2501 483 δέ
2551 432 2851 503 γενάμενος
2899 435 2929 488 ό
2981 432 3040 489 ἐν
3079 435 3254 507 ἁγίοις
3292 438 3583 512 Κύριλλος,

311 498 424 554 Deo
449 500 539 569 qui
564 513 784 570 semper
813 501 879 556 de
920 502 1037 557 suis
1075 516 1228 560 curat
1258 509 1528 562 creaturis
1574 518 1629 563 et
1662 509 1893 564 salutem

305 591 514 655 tribuit,
543 591 786 662 nihilque
808 594 1155 662 praetermisit
1185 605 1243 650 ut
1264 596 1443 651 divina
1475 601 1753 665 mandata,
1799 617 1896 671 per

301 683 551 753 angelum
615 683 989 750 manifestata,
1041 701 1455 754 exsequeretur.
1529 689 1896 763 Congregavit

304 770 452 840 pium
476 772 686 827 clerum
708 775 1072 844 populumque
1110 777 1347 845 ﬁdelem,
1372 779 1568 848 quibus
1589 797 1709 852 quae
1735 783 1836 838 sibi
1863 797 1894 837 a

300 864 414 919 Deo
430 864 665 919 revelata
684 865 925 933 fuerant,
942 868 1330 939 manifeslavit;
1349 873 1689 942 supplicante
1705 883 1887 930 autem

302 950 420 1009 fere
468 964 580 1009 tota
631 956 876 1022 civitate,
929 961 1198 1029 processit
1236 963 1303 1017 ad
1352 966 1653 1020 oratorium
1708 968 1886 1023 sancti

309 1045 976 1119 apostolietevangelistte
994 1050 1262 1123 horasque
1274 1057 1632 1124 permultasin
1649 1062 1896 1117 oratione

299 1146 407 1186 una
444 1148 566 1187 cum
611 1135 810 1202 populo
864 1136 1009 1192 ﬁdeli
1065 1142 1339 1208 traduxit;
1405 1147 1671 1203 accedens
1704 1160 1888 1205 autem

300 1224 514 1291 aperuit
540 1227 850 1294 -pretiosam
881 1227 1088 1285 Christi
1122 1231 1450 1289 athletarum
1483 1249 1729 1304 capsam,
1781 1237 1889 1293 sal-

296 1327 502 1382 vasque
534 1315 741 1371 invenit
766 1330 1079 1375 sanctorum
1113 1320 1233 1394 Cyri
1274 1334 1327 1380 et
1353 1324 1579 1383 Joannis
1603 1328 1884 1401 reliquias,

299 1401 650 1477 Spiritusque
673 1410 848 1465 sancti
869 1412 1043 1481 gratia
1070 1414 1423 1472 collucentes.
1475 1417 1696 1476 Timore
1726 1422 1889 1478 simul

297 1503 635 1571 etspirituali
663 1520 853 1562 amore
885 1505 1007 1563 illos
1040 1513 1296 1581 suscepit,
1341 1515 1654 1583 purissimis
1705 1519 1892 1574 sindo-

296 1593 383 1648 nis
413 1608 534 1649 cum
560 1596 796 1667 myrrhis
823 1610 877 1653 et
907 1602 1251 1657 aromatibus
1286 1604 1537 1672 involvit,
1588 1607 1642 1663 in
1666 1623 1891 1665 currum

299 1686 548 1741 ascendit
607 1697 662 1765 et
695 1690 797 1758 sic,
861 1692 1008 1747 clero
1052 1695 1361 1765 papuloque
1396 1699 1791 1757 comitantibus
1837 1711 1888 1758 et

1998 1720 2368 1786 πνευματικοῦ
2399 1686 2741 1793 ἀνελόμενος,

299 1778 746 1848 deprecantibus,
787 1797 817 1837 a
859 1784 1060 1855 templo
1096 1789 1644 1857 evantgelisttevMarci
1696 1794 1888 1860 exivit,
1922 1778 1964 1833 Β

297 1881 354 1925 et
382 1872 541 1928 rediit
584 1875 651 1929 ad
696 1877 866 1931 aedem
892 1876 1368 1949 Evangelistarum
1412 1885 1552 1953 apud
1579 1883 1884 1943 Canobum.

295 1962 540 2035 Expletis
581 1967 782 2023 ibidem
835 1967 1035 2025 divinis
1085 1974 1380 2042 mysteriis,
1438 1977 1698 2046 reliquias
1741 1996 1887 2035 mar-

295 2056 725 2126 tyruurCh‘risti,
765 2073 900 2113 auro
925 2066 983 2115 et
1014 2062 1244 2130 gemmis
1280 2064 1452 2121 multo
1481 2067 1656 2137 magis
1681 2070 1884 2139 pretio-

295 2161 411 2212 sas,
447 2148 499 2202 iu
530 2160 901 2219 comparatam
933 2153 1143 2208 thecam
1168 2155 1439 2226 deposuit.

1997 518 2306 590 ηὐχαρίστη
2316 537 2374 574 σε
2394 522 2472 592 τῷ
2492 522 2612 595 Θεῷ
2632 524 2710 595 τῷ
2730 527 2959 581 πάντοτε
2990 529 3308 603 προνοοῦντι
3325 533 3420 587 τοῦ
3452 534 3586 589 ἰδίου

1999 608 2323 680 πλάσματος
2346 612 2444 683 τὴν
2470 617 2748 687 σωτηρίαν
2772 635 2787 647 ·
2826 621 2921 673 καὶ
2985 622 3155 692 μηδὲν
3193 624 3499 697 ἀμελήσας,
3525 626 3592 681 τὸ

1998 701 2290 757 κελευσθὲν
2322 705 2410 759 διὰ
2442 705 2535 760 τοῦ
2566 709 2715 763 θείου
2747 713 2999 782 χρησμοῦ
3029 715 3230 786 πέρατι
3257 719 3547 789 παρεδίδου
3570 737 3586 752 ·

1999 794 2326 862 συναγαγὼν
2360 795 2469 864 γὰρ
2496 794 2588 849 τὸν
2634 798 2856 872 θεοφιλῆ
2911 802 3116 874 κλῆρον
3152 806 3252 858 σὺν
3289 806 3369 877 τῷ
3399 826 3591 862 πιστο-ιι

1996 881 2147 956 τάτῳ
2195 885 2330 955 λαῷ,
2381 888 2791 962 ἐξηγησάμενος
2822 894 2888 947 τὰ
2925 894 3019 947 τοῦ
3063 896 3166 949 ὑπὸ
3194 898 3288 951 τοῦ
3319 898 3456 954 Θεοῦ
3491 918 3590 970 φα-

1998 977 2306 1047 νερωθέντα
2336 980 2508 1053 αὐτῷ,
2540 984 2678 1054 μετὰ
2723 985 2876 1056 λιτῆς
2911 988 3007 1041 σὺν
3038 988 3137 1062 ὅλῃ
3173 991 3362 1060 σχεδὸν
3391 996 3457 1064 τῇ
3486 996 3587 1048 πό-

1995 1066 2195 1135 λει,είς
2221 1072 2311 1124 τὸν
2335 1073 2625 1145 εύκτήριον
2648 1071 2796 1130 οἶκον
2820 1077 2914 1132 τοῦ
2934 1079 3116 1157 Ἁγίου
3149 1084 3588 1157 Ἀποστόλουμαὶ

1998 1158 2402 1229 Εὐαγγελιστοῦ
2422 1165 2652 1234 Μάρκου
2673 1155 3126 1241 παραγενὰμένος
3148 1176 3242 1227 ἐπὶ
3265 1176 3460 1242 ίκανὰς
3477 1155 3586 1243 is;

1995 1253 2146 1328 ὥρας
2176 1259 2275 1312 σὺν
2318 1260 2424 1331 ὅλῳ
2473 1261 2553 1332 τῷ
2586 1263 2700 1335 λαῷ
2731 1265 2810 1336 τῷ
2844 1267 2962 1338 Θεῷ
2995 1268 3232 1337 δεηθεὶς,
3271 1273 3587 1344 προσελθὼν

1997 1349 2235 1421 ἀνέῳξεν
2260 1352 2360 1439 τὴν
2399 1354 2588 1424 τιμίαν
2612 1355 2861 1428 λάρνακα
2889 1359 2999 1414 τῶν
3023 1361 3118 1415 τοῦ
3146 1364 3383 1435 Χριστοῦ
3410 1367 3581 1439 ἀθλη-

1995 1441 2126 1506 τῶν,
2151 1443 2248 1497 καὶ
2274 1438 2435 1516 εὗρεν
2479 1448 2546 1502 τὰ
2596 1449 2704 1505 τῶν
2747 1453 2921 1520 ἁγίων
2966 1454 3151 1526 Κύρου
3204 1459 3299 1510 καὶ
3333 1438 3584 1515 Ἰωάννου

1995 1530 2222 1603 λείψανα
2253 1535 2389 1601 σῶα,
2433 1540 2498 1609 τῇ
2542 1539 2637 1593 τοῦ
2677 1542 2834 1610 ἁγίου
2879 1544 3195 1615 Πνεύματος
3230 1549 3413 1620 χάριτι
3439 1549 3584 1622 λάμ-

1997 1642 2171 1680 ποντα
2189 1637 2205 1655 “
2233 1627 2407 1682 ταῦτα
2436 1631 2616 1687 τοίνυν
2672 1637 2810 1703 μετὰ
2838 1637 3003 1705 φόϐου
3054 1639 3171 1710 ἁμα
3196 1656 3257 1693 τε
3297 1644 3388 1696 καὶ
3412 1643 3582 1697 πόθου

2790 1728 2887 1789 καὶ
2938 1729 2998 1781 ἐν
3036 1732 3303 1802 καθαραῖς
3337 1736 3574 1789 σινδόσιν

2000 1808 2225 1881 είλησας
2250 1813 2386 1881 μετὰ
2411 1813 2598 1886 μύρων
2626 1819 2722 1871 καὶ
2755 1820 3088 1891 ἀρωμάτων,
3143 1826 3469 1891 ἐπιϐιϐάσας
3500 1830 3586 1893 είς

1997 1896 2204 1968 ὄχημα,
2236 1901 2332 1955 καὶ
2387 1902 2563 1968 οὕτως
2612 1903 2815 1978 σὺν’τῷ
2855 1910 3042 1981 κλήρῳ
3070 1914 3166 1965 καὶ
3202 1914 3280 1984 τῷ
3304 1915 3416 1984 λαῷ
3442 1916 3584 1985 μετά

1993 1990 2145 2059 Λιτῆς
2175 1991 2285 2045 ἀπὸ
2310 1993 2404 2047 τοῦ
2437 1996 2745 2069 Εὐκτηρίου
2789 1999 2884 2053 τοῦ
2917 2002 3315 2072 Εὐαγγελιστοῦ
3347 2007 3578 2077 Μάρκου

1990 2076 2233 2148 ἐξῆλθον,
2264 2084 2525 2139 ἐπέκεινα
2560 2087 2655 2141 τοῦ
2684 2090 2945 2145 Κανώϐου
2995 2094 3087 2147 τὸν
3113 2095 3239 2149 ναὸν
3261 2095 3367 2149 τῶν
3403 2076 3583 2166 Εὔαγ-

1990 2169 2253 2239 γελιστῶν
2274 2165 2574 2231 κατέλαϐον
2600 2196 2612 2209 ·
2646 2181 2739 2235 καὶ
2774 2183 3094 2249 ἐπιτελέσας
3136 2188 3253 2240 ἐκεῖ
3282 2188 3382 2260 τὴν
3428 2165 3581 2242 θείαν

296 2242 708 2310 μυσταγωγίαν,
738 2243 882 2298 οὕτω
911 2244 979 2299 τὰ
1007 2246 1311 2319 τιμιώτερα
1338 2252 1567 2322 χρυσίου
1623 2255 1721 2310 καὶ
1750 2256 1913 2314 λίθων
1952 2264 2262 2327 πολυτελῶν
2309 2270 2421 2325 τῶν
2453 2273 2748 2346 μαρτύρων
2798 2277 3036 2349 Χριστοῦ
3074 2242 3170 2334 τοῦ
3239 2242 3374 2336 Θεοῦ
3431 2283 3587 2355 ἡμῶν

294 2332 523 2404 λείψανα
545 2337 605 2390 ὲν
630 2339 698 2408 τῇ
727 2340 1112 2415 ἡτοιμασμένη
1139 2343 1285 2415 σορῴ
1318 2345 1601 2404 κατέθετο.

363 2429 465 2484 Vix
515 2444 581 2483 eo
641 2430 759 2485 loco
816 2410 1114 2488 astiterunt
1148 2439 1401 2502 generosi
1443 2438 1649 2496 Christi
1686 2443 1888 2502 milites

293 2519 470 2591 Cyrus
507 2531 559 2576 ct
598 2520 876 2592 Joannes;
930 2535 989 2578 ut
1027 2526 1227 2581 ibidem
1285 2529 1618 2587 insanientis
1664 2535 1887 2603 maligni

296 2614 523 2682 spiritus
556 2623 757 2685 tropzea
789 2627 1038 2674 evertere
1084 2634 1388 2691 cmperuut.
1429 2622 1484 2677 ln
1532 2626 1888 2684 translatione

295 2714 611 2761 sanctarum
679 2707 1030 2777 reliquiarum
1081 2724 1113 2763 a
1157 2713 1495 2770 den-onibus
1544 2727 1601 2771 et
1646 2717 1771 2773 aliis
1803 2719 1886 2773 itt-

297 2797 644 2854 ﬁrmitatibus
704 2800 883 2855 :tﬂ'ecti
913 2800 1127 2857 liberati
1161 2815 1290 2861 sunt
1326 2807 1518 2878 multi;
1555 2818 1640 2864 ast
1673 2810 1888 2880 ipsimet

295 2892 526 2946 maleﬁci
560 2894 822 2950 daemonis
855 2894 1094 2950 ministri
1141 2899 1211 2952 ab
1248 2914 1439 2955 errore
1471 2905 1670 2957 mentis
1705 2904 1886 2958 sanati

298 2983 543 3050 fuerunt,
588 2985 660 3039 ita
727 2996 801 3039 ut
826 2996 1011 3041 statim
1071 2990 1137 3042 ad
1171 3001 1417 3045 sanctum
1450 2992 1763 3061 episcopum
1792 2993 1891 3065 Cy-

298 3075 479 3130 rillum
511 3070 748 3147 aggressi
804 3089 861 3132 et
908 3080 1128 3138 lavacro
1172 3085 1359 3151 gratiae
1413 3083 1466 3137 in
1499 3095 1692 3138 sancto
1713 3085 1892 3156 bapti-

302 3178 479 3222 smate
501 3171 828 3226 sanctilicati
854 3173 1397 3245 fuerint..Tetnplttm
1434 3176 1517 3230 vel
1551 3176 1732 3246 potius
1757 3192 1886 3232 sen-

2067 2448 2235 2504 Οὔπω
2287 2450 2345 2504 δὲ
2382 2452 2571 2524 σχεδὸν
2607 2454 2687 2528 τῷ
2733 2455 2886 2529 τόπῳ
2915 2459 3223 2531 ἐπέστησαν
3252 2462 3302 2516 οί
3349 2466 3585 2533 γενναῖοι

1989 2539 2086 2595 τοῦ
2118 2543 2356 2614 Χριστοῦ
2376 2547 2709 2617 στρατιῶται
2729 2549 2915 2621 Κῦρος
2934 2553 3315 2626 καὶἸωάννης,
3333 2555 3429 2609 καὶ
3448 2575 3519 2611 κα
3536 2558 3588 2611 .ἁ

1988 2632 2083 2688 τοῦ
2133 2636 2314 2689 ἐκεῖσε
2344 2636 2756 2707 ὲμφωλεύοντος
2802 2644 3170 2714 πονηροτάτου
3196 2645 3458 2717 δαίμονος
3489 2648 3586 2702 ἁν-

1989 2725 2227 2797 εγείρειν
2261 2725 2496 2798 ἧρξαντο
2526 2732 2765 2801 τρόπαια
2785 2749 2801 2764 ο
2848 2735 3076 2801 πολλοὺς
3118 2736 3229 2806 γὰρ
3263 2739 3590 2809 δαιμονιών-

1987 2834 2087 2881 τας
2131 2820 2224 2873 καὶ
2271 2820 2576 2886 ἀσθενείαις
2602 2824 2792 2889 ἄλλαις
2824 2830 3270 2899 κεκρατημένους
3297 2832 3357 2886 ἐν
3378 2833 3458 2905 τῷ
3488 2832 3588 2906 τὴν

1987 2909 2280 2965 κατάθεσιν
2311 2912 2425 2966 τῶν
2466 2915 2638 2984 ἁγίων
2683 2916 2951 2987 λειψάνων
2983 2919 3230 2987 γίνεσθαι
3280 2922 3585 2993 ἐθεράπευ-

1990 3016 2120 3054 σανο
2154 3002 2249 3056 καὶ
2281 3005 2480 3070 αὐτοὺς
2509 3006 2566 3060 δὲ
2595 3008 2721 3073 τοὺς
2764 3010 2933 3080 ίερεῖς
2970 3010 3065 3063 τοῦ
3097 3012 3342 3083 ὀλεθρίου
3391 3015 3584 3086 δαίμο-

1989 3110 2100 3161 νος,
2132 3095 2232 3158 τῆς
2283 3095 2525 3169 ψυχικῆς
2573 3100 2783 3172 πλάνης
2829 3103 3090 3156 ἰάσαντο⁶
3136 3103 3279 3159 ὥστε
3326 3109 3587 3179 παραυτὰ

1990 3185 2309 3255 προσελθεῖν
2340 3188 2538 3253 αὐτοὺς
2566 3189 2644 3262 τῷ
2688 3190 2830 3262 ἁγίῳ
2863 3194 3278 3267 ἁρχιεπισκόπῳ
3304 3198 3581 3270 Κυρίλλῳ,

297 3262 408 3315 tina
459 3263 658 3333 impuri
701 3265 942 3334 spiritus,
984 3284 1105 3321 cum
1143 3269 1380 3339 imagine
1407 3277 1464 3323 et
1508 3283 1600 3322 ara
1629 3269 1885 3338 dissipata

1993 3274 2089 3329 καὶ
2125 3276 2204 3347 τῷ
2235 3277 2447 3350 λουτρῷ
2496 3279 2592 3351 τῆς
2640 3262 2978 3352 χάριτοςτοῦ
3008 3283 3168 3350 ἁγίου
3208 3262 3585 3355 βαπτίσματος

300 3363 451 3409 sunt.
502 3354 635 3421 Quae
664 3357 872 3426 adjecta
895 3369 1207 3413 erat-arena
1244 3361 1412 3414 maris
1439 3374 1548 3415 non
1582 3361 1690 3414 alio
1725 3360 1885 3415 modo

296 3465 458 3520 quam
478 3453 647 3508 maris
677 3451 932 3510 (luctibus
966 3471 996 3510 a
1026 3458 1234 3511 sanctis
1261 3457 1597 3528 martyribus
1623 3455 1882 3512 excitatis

293 3553 348 3597 et
400 3545 862 3611 iucttntbentilms,
897 3556 1068 3603 totum
1110 3561 1427 3605 everterunt
1456 3550 1614 3607 et'ad
1654 3550 1882 3606 nihilum

297 3635 647 3706 redegerunt,
708 3637 780 3691 ita
838 3646 896 3692 ut
943 3639 1228 3694 hodiedum
1283 3641 1434 3696 locus
1474 3641 1705 3696 inveniri
1776 3656 1883 3695 non

296 3726 486 3795 possit.
538 3727 724 3782 Tacita
772 3726 1007 3784 cﬂloruit
1050 3745 1147 3799 per
1190 3730 1534 3800 praesentiam
1576 3741 1878 3802 martyrum

294 3821 467 3886 gratia
514 3820 569 3876 in
618 3821 712 3876 illo
736 3822 1081 3894 deceptionis
1107 3823 1246 3889 loco,
1271 3834 1322 3878 et
1354 3838 1418 3879 ex
1442 3825 1694 3880 omnibus
1728 3835 1885 3879 terrae

294 3913 492 3971 finibus
524 3916 590 3970 ad
617 3916 875 3986 templum
893 3915 1018 3987 Cyri
1059 3928 1109 3972 et
1136 3914 1362 3972 Joannis
1387 3915 1645 3971 festinant
1672 3918 1880 3985 a'groti,

282 4018 345 4060 et
374 4008 464 4076 qui
514 4007 618 4063 lidc
646 4010 957 4076 convolant,
1003 4010 1318 4078 languorum
1365 4010 1712 4065 sublevamen
1748 4010 1885 4064 reci—

293 4103 447 4168 piunt
470 4102 701 4167 ;dicitur
716 4103 861 4157 enim
890 4119 903 4155 :
938 4120 957 4153 ι
971 4102 1240 4172 Quidquid
1264 4102 1323 4156 in
1349 4101 1604 4186 precibus
1616 4102 1883 4172 petieritis

290 4196 600 4259 credentes,
644 4195 996 4265 recipietis“;
1059 4195 1173 4250 hzec
1221 4197 1290 4250 ad
1330 4195 1606 4264 apostolos
1667 4194 1875 4250 directa

291 4295 415 4339 sunt
457 4294 511 4340 et
533 4302 630 4357 per
675 4287 796 4343 illos
829 4290 895 4341 ad
926 4303 1116 4343 omnes
1157 4288 1249 4358 qui
1288 4289 1519 4343 sincerae
1558 4296 1687 4342 sunt
1727 4285 1881 4355 fidei;

288 4377 537 4433 Christus
565 4378 728 4435 Jesus
758 4381 811 4433 in
837 4379 1148 4452 Evangeliis
1187 4380 1394 4444 dacuit,
1437 4381 1524 4434 cui
1563 4395 1684 4434 cum
1719 4378 1885 4433 Patre

284 4484 346 4528 et
367 4471 575 4543 Spiritu
613 4484 803 4529 sancto
820 4476 1014 4545 gloria,
1054 4474 1227 4529 honor
1249 4484 1304 4528 et
1329 4483 1594 4542 potestas,
1645 4488 1789 4527 nunc
1830 4480 1886 4526 et

290 4581 508 4632 semper
528 4567 653 4621 etin
676 4568 873 4621 saecula
898 4566 1249 4629 saeculorum,
1301 4567 1496 4621 Amen.

1988 3367 2423 3442 καθαγνισθῆναι
2446 3387 2463 3402 ο
2497 3373 2592 3426 καὶ
2621 3372 2756 3427 αὐτὸ
2783 3372 2839 3427 δὲ
2868 3374 2929 3427 τὸ
2956 3375 3099 3447 ἱερὸν
3130 3374 3334 3446 μᾶλλον
3365 3377 3422 3430 δὲ
3455 3395 3587 3448 μια-

1989 3459 2081 3531 ρὸν
2106 3460 2200 3515 τοῦ
2235 3461 2484 3536 ὀλεθρίου
2518 3464 2771 3535 δαίμονος
2801 3466 2900 3520 σὺν
2927 3466 3006 3537 τῷ
3029 3468 3089 3522 ἐν
3121 3468 3273 3541 αὐτῷ
3309 3468 3585 3540 ἀγάλματι

1987 3555 2082 3611 καὶ
2111 3555 2191 3626 τῷ
2231 3556 2400 3630 βωμῷ
2429 3560 2635 3630 ἀφανὲς
2665 3562 3108 3634 κατασταθῆναι·
3164 3564 3196 3634 ὴ
3248 3564 3358 3635 γὰρ
3404 3580 3586 3635 παρα-

1990 3648 2226 3718 κειμένη
2250 3649 2498 3721 ψάμμος,
2535 3652 2596 3705 οὐ
2628 3653 2737 3723 μὴν
2766 3652 2905 3707 ἁλλὰ
2948 3655 3044 3708 καὶ
3073 3655 3106 3725 ἠ
3135 3652 3378 3708 θάλασσα
3409 3657 3478 3725 τῇ
3507 3657 3589 3708 ἐν.

1987 3740 2181 3812 εργεία
2227 3742 2336 3795 τῶν
2366 3743 2539 3812 ἁγίων
2571 3743 2867 3817 μαρτύρων
2913 3746 3075 3800 τοῦτο
3120 3746 3434 3817 ἐπόρθησαν
3487 3748 3586 3801 καὶ

1985 3830 2190 3896 ἀφανὲς
2219 3832 2508 3902 ἐποίησαν,
2552 3836 2584 3905 ἡ
2623 3816 2721 3905 μὲν
2751 3835 3141 3901 ἐπικλύζουσα,
3177 3838 3211 3908 ἡ
3239 3837 3297 3889 δέ
3318 3816 3585 3909 καταχώ-

1987 3936 2161 3977 σασα·
2195 3922 2270 3985 ὡς
2300 3922 2498 3993 ἄδηλον
2545 3925 2637 3978 τὸν
2684 3927 2849 3980 τόπον
2894 3928 3250 3982 παντάπασιν
3281 3930 3535 3997 γενέσθαι
3564 3946 3579 3961 θ

1983 4013 2224 4085 τοσαύτη
2253 4014 2310 4069 δὲ
2346 4016 2506 4087 χάρις
2531 4018 2653 4071 ἀντὶ
2680 4018 2782 4089 τῆς
2808 4020 2938 4090 πρὶν
2971 4021 3188 4092 ἀπάτης
3221 4020 3310 4074 διὰ
3339 4021 3441 4091 τῆς
3470 4024 3585 4074 ἐπι-

1987 4107 2216 4170 στασίας
2265 4107 2373 4161 τῶν
2426 4108 2597 4178 ἁγίων
2655 4111 2948 4183 μαρτύρων
2993 4113 3341 4183 ἐπήνθησεν,
3394 4114 3470 4177 ὡς
3520 4116 3586 4166 ἐκ

1985 4197 2243 4266 περάτων
2288 4197 2390 4268 τῆς
2439 4200 2768 4270 οἰκουμένης
2816 4201 2953 4272 πρὸς
3003 4201 3064 4255 τὸ
3115 4202 3208 4255 τοῦ
3262 4203 3446 4274 Κύρου
3486 4204 3583 4256 καὶ

2000 4289 2250 4343 Ἰωάννου
2282 4290 2573 4362 εὐκτηριον
2595 4294 2721 4356 τοὺς
2747 4293 2995 4358 ἀσθενεῖς
3021 4311 3154 4347 κατε
3165 4295 3469 4362 πείγεσθαι,
3489 4299 3584 4348 καὶ

1986 4382 2196 4446 πάντας
2246 4384 2375 4447 τοὺς
2429 4384 2611 4439 πίστει
2664 4384 3107 4456 προστρέχοντας
3160 4386 3584 4454 ἀντιλαμϐάνειν

1985 4473 2095 4527 τῶν
2122 4473 2466 4546 παθημάτων
2510 4476 2610 4547 τὴν
2662 4474 2827 4531 ίασιν.
2885 4476 3027 4529 Ὅσα
3059 4476 3169 4546 γάρ
3196 4475 3292 4529 ἐὰν
3322 4475 3585 4545 αἰτήσητε

1987 4565 2045 4617 ἐν
2074 4567 2198 4627 ταῖς
2229 4569 2584 4638 προσευχαῖς,
2614 4566 2965 4631 πιστεύοντες
2985 4564 3272 4638 λήψεσθαι,
3303 4567 3438 4637 πρὸς
3459 4563 3588 4630 τοὺς

295 4659 567 4731 μαθητὰς,
595 4662 690 4714 καὶ
731 4660 798 4714 δι’
825 4660 1007 4714 αὐτῶν
1052 4660 1189 4733 πρὸς
1232 4660 1442 4723 πάντας
1477 4660 1606 4724 τοὺς
1653 4659 1714 4713 ἐν
1761 4659 2053 4730 εἰλικρινίᾳ
2083 4659 2541 4765 πιστεύοντας,ό
2603 4658 2808 4765 Κύριος
2851 4659 3020 4765 ημίῦν,
3063 4655 3274 4765 Ἰησοῦς
3347 4657 3583 4757 Χριστος

287 4755 351 4807 ἐι
375 4755 489 4816 τοῖς
521 4755 689 4824 ἱεροῖς
713 4754 1065 4824 Εὐαγγελίοις
1091 4754 1296 4825 ἔφησεν
1316 4771 1331 4787 ο
1363 4753 1482 4824 μεθ’
1508 4745 1569 4807 οὗ
1603 4753 1684 4825 τῷ
1712 4754 1889 4825 Πατρὶ
1925 4751 2072 4818 δόξα,
2100 4754 2259 4827 τιμὴ,
2295 4754 2388 4807 καὶ
2440 4753 2641 4825 κράτος
2689 4755 2789 4806 σὺν
2823 4753 2900 4822 τῷ
2928 4751 3068 4821 ἁγίῳ
3134 4749 3437 4819 Πνεύματι,
3490 4746 3586 4803 νῦν

291 4848 387 4900 καὶ
414 4846 503 4900 ἀεὶ
534 4849 626 4902 καὶ
656 4848 739 4912 είς
769 4848 897 4912 τοὺς
927 4847 1129 4914 αἰῶνας
1162 4848 1275 4903 τῶν
1303 4846 1537 4903 αἰώνων.
1557 4846 1756 4919 Ἀμήν.

370 5028 393 5061 ⁸
425 5026 619 5086 Matth.
661 5045 775 5096 xxi,
816 5029 909 5085 22.
