4036 6236
330 353 468 420 3727
1231 349 1292 410 S.
1329 346 1746 409 SOI'IIRONII
1785 347 2290 409 PATRIABCHE
2328 349 2737 412 HIEROSOL.
3471 354 3610 422 3728

321 475 383 522 et
411 459 739 523 benemeriti
776 459 1193 532 deperdltorum
1226 469 1513 514 auctorum
1551 473 1718 528 opera
1743 457 1950 529 ingenti
1982 460 2242 528 patientia
2289 471 2343 515 ct
2384 461 2572 516 labore
2601 476 2633 516 e
2693 459 3036 533 principibus
3064 461 3236 518 ltalite
3263 463 3610 527 bibliothecis

321 563 501 621 eruta,
537 561 790 624 typorum
815 549 1082 606 beneficio
1104 557 1309 603 aeterna
1345 547 1454 600 vita
1503 546 1870 613 donaverunt,
1900 548 2044 602 sacri
2081 549 2280 603 melodi
2313 548 2582 604 citharam
2610 550 2862 620 squalido
2890 550 2944 604 in
2980 551 3205 622 pulvere
3229 555 3500 626 sepultam
3555 568 3612 614 et

323 650 531 699 mutam
562 640 745 696 adhuc
779 640 970 704 latere.
1008 653 1118 693 non
1144 637 1398 706 equidem
1435 643 1552 690 erat
1581 633 1890 691 ferendum.
1919 635 1984 690 Et
2017 651 2204 692 revera
2240 638 2286 693 si
2315 639 2408 709 qui
2437 639 2490 693 in
2518 639 2746 695 edendis
2780 640 3143 710 profanorum
3200 654 3489 699 auctorum
3519 663 3608 704 rc-

324 731 532 802 liquiis,
565 730 632 786 ad
669 730 938 784 bonarum
973 727 1177 781 artium
1209 733 1263 780 et
1294 726 1600 780 litterarum
1661 725 2083 789 incrementum,
2135 741 2360 796 operam
2423 727 2773 798 impendunt,
2829 731 3115 800 perpetuis
3157 731 3412 788 laudibus
3479 744 3608 789 sunt

321 818 769 884 commendandi,
795 817 1022 888 gloriam
1063 813 1318 886 equidem
1352 829 1459 867 non
1492 827 1714 884 parvam
1747 813 1854 868 sibi
1903 823 2257 883 comparant,
2292 815 2388 885 qui
2437 825 2755 872 sanctorum
2795 816 3020 873 Patrum
3071 819 3352 891 incognita
3388 831 3484 878 aut
3511 824 3608 879 de-

324 906 534 978 perdita
561 921 730 977 opera
769 921 918 960 nunc
945 904 1204 975 evulgare
1239 903 1483 967 student,
1531 910 1589 956 ut
1625 900 1750 955 inde
1799 901 2154 958 sanctissima
2215 913 2404 959 nostra
2462 907 2656 976 religio
2690 905 3034 977 splendidius
3070 909 3288 975 emicet,
3325 918 3379 964 et
3411 910 3609 965 immu-

323 998 509 1053 tabilis
539 995 800 1051 Ecclesia:
848 995 1137 1050 catholicae
1186 992 1441 1047 doctrina
1469 998 1661 1045 contra
1713 989 1941 1046 fallaces
1969 990 2394 1048 reformatorum
2427 1010 2602 1066 nugas
2633 1011 3056 1068 quaquaversus
3105 1007 3310 1068 pateat.
3340 998 3425 1054 Ille
3471 1017 3605 1056 vero

322 1087 501 1142 adhuc
544 1086 599 1140 in
628 1085 838 1148 limine,
874 1092 933 1136 ut
962 1083 1034 1137 ita
1065 1082 1270 1146 dicam,
1305 1078 1686 1148 hujuscemodi
1721 1077 2061 1144 studiorum,
2097 1082 2368 1150 pretiosas
2401 1085 2577 1138 sancti
2606 1085 2906 1156 SOpbronii
2945 1086 3085 1140 udas
3115 1095 3196 1141 tot
3223 1087 3446 1144 saeculis
3477 1096 3606 1145 ante

323 1173 598 1236 conditas,
622 1172 856 1242 primum
898 1170 1158 1236 edidisse,
1200 1168 1417 1239 gaudiis
1439 1167 1720 1223 exsultare
1745 1182 1910 1224 nemo
1934 1169 2266 1237 prohibebit.

394 1259 687 1316 Memorias
715 1262 861 1315 enim
890 1259 956 1314 de
979 1259 1145 1313 variis
1171 1256 1486 1312 Graecorum
1517 1256 1914 1312 controversiis
1946 1257 2087 1312 inter
2114 1258 2418 1316 Allatianas
2441 1262 2666 1317 chartas
2721 1263 3073 1333 conquirenti
3109 1279 3314 1334 parvus
3359 1264 3532 1320 codex
3572 1281 3603 1321 a

320 1365 412 1406 me
441 1349 537 1404 diu
567 1348 938 1411 desideratus,
976 1346 1050 1400 ita
1077 1347 1326 1416 signatus
1360 1341 1424 1398 C.
1457 1345 1525 1399 Α.
1558 1344 1685 1410 579,
1725 1359 1916 1399 sacros
1942 1354 1996 1399 et
2020 1345 2282 1416 profanos
2326 1352 2747 1405 anacreonticos
2787 1365 2981 1406 novem
3013 1353 3390 1421 complectens
3408 1367 3605 1409 occur-

322 1438 414 1492 rit.
445 1434 638 1491 Statim
679 1435 1052 1505 apographum
1087 1447 1248 1488 manu
1287 1433 1461 1502 ipsius
1492 1431 1672 1485 Allatii
1697 1430 2014 1486 confectunt
2046 1435 2298 1502 cognovi,
2328 1444 2383 1491 et
2432 1436 2583 1492 aliud
2611 1435 2890 1493 Vernatia:
2923 1440 3204 1509 exemplar
3234 1440 3379 1495 haud
3411 1441 3605 1512 procul

317 1527 502 1596 jacere
529 1524 670 1590 vidi;
707 1530 847 1587 tum,
880 1537 949 1577 ne
982 1523 1036 1576 in
1067 1521 1292 1592 pulvere
1321 1521 1436 1575 hac
1458 1519 1698 1590 pretiosa
1738 1520 1994 1576 collectio
2027 1521 2263 1592 amplius
2293 1522 2664 1590 delitesceret,
2709 1526 2762 1579 in
2797 1540 2948 1583 meas
2979 1526 3214 1582 schedas
3233 1527 3481 1598 redigere
3507 1528 3604 1584 dc-

323 1612 505 1680 crevi;
546 1611 694 1682 quod
719 1621 773 1667 et
799 1611 948 1666 brevi
978 1610 1212 1673 absolvi,
1245 1621 1562 1678 quanquam
1603 1619 1770 1663 aestus
1798 1606 2240 1665 ferventissimus
2270 1627 2381 1667 non
2422 1613 2705 1667 minimam
2766 1613 2899 1668 mihi
2941 1613 3228 1670 exhiberet
3262 1616 3598 1682 molestiam,

322 1700 522 1772 quippe
548 1699 730 1756 sextili
754 1714 942 1754 mense
989 1698 1117 1753 anni
1144 1698 1283 1752 1858
1337 1697 1452 1752 ιιωο
1475 1697 1661 1752 omnia
1692 1696 2033 1753 acciderunt.
2063 1697 2288 1753 Interim
2319 1707 2378 1754 ut
2405 1699 2623 1755 dulcem
2660 1700 2956 1757 inviserem
2994 1702 3250 1772 patriam,
3281 1703 3390 1760 iter
3422 1704 3478 1759 in
3511 1704 3600 1760 Siv

276 1851 280 1857 ,
322 1788 504 1844 ciliam
528 1801 847 1858 aggressus,
877 1788 934 1841 in
958 1785 1165 1842 scrinio
1196 1800 1376 1840 meum
1419 1785 1664 1842 laborem
1687 1785 1933 1857 reposui,
1973 1800 2038 1840 ea
2072 1794 2253 1842 mente
2285 1795 2345 1842 ut
2386 1803 2550 1858 quam
2581 1788 2820 1860 primum
2864 1805 3119 1846 reversus
3172 1791 3420 1847 melodos
3445 1808 3601 1848 meos

322 1874 664 1940 emendatos,
689 1876 832 1947 typis
853 1873 1150 1930 tradendos
1175 1887 1452 1930 curarem.
1481 1874 1551 1928 At
1573 1889 1696 1928 cum
1725 1873 2061 1930 Allatianum
2090 1875 2338 1930 codicem
2365 1877 2504 1933 satis
2533 1876 2859 1934 mendosum
2884 1893 3007 1934 esse
3033 1879 3501 1946 considerassem,
3521 1896 3602 1934 ar-

323 1963 617 2036 chetypum
645 1965 805 2018 anxie
837 1978 932 2034 per
964 1963 1244 2018 Remanas
1277 1962 1642 2021 bibliothecas
1672 1972 1999 2033 prietentare
2031 1963 2232 2034 incepi.
2273 1962 2592 2019 Vaticanum
2634 1964 2911 2036 extemplo
2965 1966 3097 2034 adii,
3136 1965 3228 2021 ubi
3257 1967 3314 2022 in
3364 1969 3602 2038 quibus-

321 2050 448 2105 dam
476 2050 665 2106 Allatii
696 2048 1032 2106 adversariis
1059 2049 1364 2104 indicnlum
1397 2049 1644 2120 ejusdem
1675 2065 1837 2104 manu
1869 2053 2246 2122 conscriptum
2302 2051 2587 2122 conspexi,
2638 2053 2732 2124 qui
2783 2053 3080 2124 Sophronii
3132 2054 3374 2110 Odarum
3410 2057 3602 2113 titulos

322 2147 534 2193 tantum
565 2139 910 2206 recensebat,
935 2153 966 2193 e
993 2138 1232 2209 quodam
1266 2137 1456 2193 codice
1487 2137 1806 2209 desumptos
1837 2154 2008 2209 quem
2034 2143 2202 2198 emin.
2237 2140 2521 2206 Sirletum.
2548 2140 2676 2198 inde
2711 2141 2881 2198 emin.
2913 2141 3240 2198 Columnam
3283 2145 3603 2215 possedisse

321 2231 442 2303 ipse
472 2230 712 2286 Allatius
743 2230 1049 2286 adnotavit.
1086 2230 1342 2285 Attamen
1374 2233 1519 2284 inter
1541 2229 1762 2284 codices
1783 2229 2180 2286 Columnenses
2235 2229 2580 2285 venunda-tos
2614 2244 2717 2285 nec
2765 2245 2946 2286 meum
3004 2229 3397 2302 Sophronium,
3423 2249 3604 2303 neque

319 2320 571 2393 ejusdem
594 2321 942 2376 bibliothecae
972 2321 1180 2377 indices
1211 2321 1447 2390 reperire
1487 2321 1660 2390 potui.
1711 2318 1850 2375 Tum
1875 2320 2058 2376 denuo
2085 2319 2138 2371 in
2174 2316 2439 2373 Vaticana
2472 2318 2784 2373 Sirletianis
2821 2319 3108 2375 codicibus
3171 2320 3449 2375 incassum
3486 2337 3602 2391 pcr-

325 2409 592 2478 lustratis,
617 2409 938 2466 earumdem
967 2407 1207 2464 indicem
1247 2408 1460 2478 inspexi
1488 2425 1502 2473 ;
1529 2417 1584 2462 et
1620 2409 1881 2462 utAllatii
1921 2408 2156 2464 assertio
2177 2405 2420 2475 undique
2447 2413 2748 2470 constaret,
2786 2405 2843 2460 in
2867 2405 2930 2461 C.
2962 2404 3028 2461 ν.
3061 2407 3204 2463 5970
3225 2449 3240 2474 ,
3274 2408 3312 2464 f.
3342 2408 3466 2464 “8.
3487 2410 3602 2465 lucc

320 2499 565 2572 gaudens
601 2499 804 2570 perlegi
837 2515 852 2552 :
905 2494 1017 2568 σξβ¹
1063 2495 1269 2569 βιϐλίον
1296 2495 1638 2568 μεμϐράῖνον
1698 2496 1914 2552 mimici

2009 2489 2213 2558 οὗτινος
2251 2492 2650 2562 κεφαλαιώδεις
2691 2493 3044 2566 χαρακτῆρες
3094 2497 3304 2564 χρυσοῖ,
3348 2497 3406 2548 ὲν
3441 2490 3603 2565 ᾧπε-

323 2587 495 2660 ριὲχιι
523 2586 683 2643 τάδε’
715 2585 822 2640 Τοῦ
847 2585 1004 2651 ἁγίου
1035 2584 1344 2656 Σωφρονίου
1369 2585 1670 2638 ἐπισκόπου
1707 2584 1917 2656 Ἱεροσοί

2009 2600 2096 2636 ιων
2143 2582 2580 2652 Ἀνακρεόντεια.
2613 2580 2931 2652 Sequuntur
2953 2579 3190 2637 Odarum
3245 2583 3409 2648 tituli,
3461 2599 3603 2654 quo-

322 2692 446 2732 rum
471 2676 681 2747 aliquot
711 2675 1040 2738 reticentur,
1079 2681 1174 2727 aut
1202 2672 1312 2728 alio
1343 2672 1558 2728 auctori
1602 2673 1998 2744 appinguntur.

303 2768 307 2774 '
393 2761 694 2834 ﬂuensque
719 2763 795 2818 ita
815 2777 909 2818 res
936 2776 997 2818 se
1023 2760 1334 2828 habebant;
1387 2760 1486 2816 sed
1519 2760 1872 2818 Sirletianum
1913 2758 2160 2815 codicem
2197 2754 2512 2811 inveniendi
2548 2771 2699 2826 spem
2746 2772 2966 2812 omnem
3025 2773 3133 2813 non
3199 2757 3585 2826 deposueram.

324 2849 726 2908 Subsenseram
755 2850 902 2906 enim
929 2849 1384 2906 Barberinianam
1413 2849 1806 2905 bibliothecam
1873 2845 2184 2916 hujusmodi
2227 2843 2472 2899 codicem
2526 2845 2655 2899 olim
2713 2845 3012 2906 habuisse:
3062 2847 3173 2902 dno
3225 2855 3407 2903 tamen
3469 2864 3602 2902 meae

324 2939 733 3012 investigationi
777 2937 1072 2996 obstabant
1101 2957 1115 2994 :
1154 2937 1542 2995 illustrissimze
1564 2937 1907 2993 bibliotheca:
1946 2935 2184 3000 fortuna,
2214 2933 2472 2989 timebam
2499 2933 2644 2987 enim
2674 2949 2740 2988 ne
2773 2950 2928 2990 meus
2959 2932 3304 3007 Sophronius
3337 2935 3463 2990 inde
3493 2939 3598 2990 mi-

323 3036 580 3097 grasset;
618 3036 674 3084 et
699 3028 850 3083 nulla
879 3042 1002 3084 cum
1045 3027 1292 3098 ejusdem
1325 3027 1673 3082 bibliotheca:
1697 3025 1951 3097 praefecto
1979 3023 2241 3079 amicitia.
2295 3020 2616 3077 Studiorum
2645 3035 2802 3076 amor
2844 3020 3100 3076 fiduciam
3130 3021 3351 3093 adjecit,
3382 3039 3484 3077 nec
3517 3039 3605 3077 me

328 3130 444 3170 mea
478 3116 668 3188 opinio
695 3115 930 3185 fefellit;
961 3124 1170 3173 tantam
1189 3115 1337 3171 enim
1361 3114 1572 3172 domini
1609 3112 1865 3171 Pierilisii
1903 3108 2244 3173 comitatem,
2284 3106 2539 3176 quamvis
2573 3106 2818 3176 ignotus,
2873 3113 3135 3176 expertus
3171 3121 3316 3172 sum,
3346 3114 3404 3159 ut
3438 3107 3604 3160 bene-

329 3203 438 3258 ficii
466 3208 790 3261 memoriam
819 3210 1125 3276 Inunquam
1158 3203 1410 3259 amittere
1436 3204 1666 3274 possim.
1702 3201 1950 3271 Namque
1978 3196 2082 3251 etsi
2111 3208 2249 3248 nova
2293 3193 2639 3247 bibliothecae
2691 3192 2966 3248 ordinatio
3009 3193 3194 3248 omnia
3242 3201 3444 3249 teneret
3477 3208 3605 3263 per-

327 3289 570 3357 turbata,
591 3289 736 3346 facta
776 3289 1252 3348 ab'illustrissimo
1278 3290 1526 3362 principe
1554 3298 1844 3368 potestate,
1873 3299 2088 3343 mecum
2119 3297 2300 3338 meum
2329 3280 2703 3352 Sophronium
2738 3280 3017 3352 inquirere
3043 3297 3155 3338 non
3192 3283 3362 3338 semel
3411 3282 3602 3339 elabo-

328 3377 504 3447 ravit;
531 3377 704 3434 codex
737 3377 957 3434 tandem
990 3378 1247 3435 inventus
1281 3386 1390 3445 est,

399 3482 587 3538 Sancti
620 3481 913 3553 Sophronii
941 3481 1061 3539 odze
1091 3497 1122 3539 e
1161 3498 1227 3539 ve
1251 3482 1502 3538 nustiore
1529 3495 1786 3536 versuum
1808 3479 2332 3535 Anacreonticorum
2364 3495 2563 3552 genere
2599 3480 2945 3546 conflantur;
2977 3479 3179 3551 quippe
3207 3496 3400 3538 omnes
3430 3483 3602 3539 dime-

329 3571 420 3637 tri,
447 3571 713 3640 impares,
771 3569 1020 3625 catalecti
1067 3579 1217 3634 sunt,
1264 3575 1318 3624 et
1379 3569 1486 3624 hoc
1525 3567 1688 3623 modo
1722 3566 2085 3623 scanduntur.
2131 3568 2214 3622 Sit
2256 3569 2455 3639 prioris
2501 3568 2620 3623 odae
2668 3569 2880 3640 primus
2911 3584 3101 3625 versus
3143 3571 3456 3640 exemplum
3490 3572 3602 3625 ἀπὸ

326 3658 645 3730 Πνεύματος
674 3657 850 3725 Θεοῖο,
870 3657 962 3713 ubi
986 3668 1329 3727 anapaestum
1365 3657 1537 3712 habes
1570 3665 1625 3712 et
1655 3655 1891 3710 iambum
1913 3655 1971 3710 in
1994 3658 2170 3727 prima
2197 3654 2417 3724 dipodia
2443 3671 2458 3722 ;
2493 3656 2743 3736 sequitur
2777 3655 3020 3712 secunda
3044 3656 3287 3726 dipodia,
3314 3673 3438 3728 quae
3462 3659 3601 3713 iam-

328 3751 399 3805 bo
427 3755 484 3805 et
509 3747 719 3821 syllaba
753 3755 994 3802 constat.
1026 3745 1353 3816 Huiusmodi
1395 3744 1640 3798 carmina
1667 3743 1722 3798 in
1754 3744 2152 3799 Anacreonteis
2183 3743 2391 3798 odariis
2419 3745 2572 3797 varia
2599 3744 2876 3813 leguntur,
2915 3743 3060 3800 unde
3087 3756 3143 3801 et
3174 3746 3399 3800 nomine
3429 3761 3600 3816 gene-

330 3837 447 3892 rieo
474 3835 863 3890 Anacreontion
896 3834 1166 3905 appellata
1205 3841 1354 3890 sunt.
1410 3831 1738 3886 Dividuntur
1769 3831 1823 3885 in
1856 3828 2214 3890 Tetrasticha,
2243 3825 2448 3898 quibus
2495 3826 2773 3898 Melurgus
2800 3836 3009 3892 noster,
3047 3843 3112 3883 ex
3145 3844 3248 3883 usu
3278 3827 3391 3899 jam
3438 3840 3597 3885 antea

331 3930 574 3995 recepto,
610 3938 806 3978 versus
836 3923 1075 3992 impares
1113 3921 1413 3976 immiscuit
1451 3919 1741 3975 duodecim
1790 3917 2030 3989 syllabas
2059 3916 2404 3971 continentes
2431 3932 2445 3981 ;
2491 3914 2585 3984 qni
2614 3915 2682 3970 ad
2712 3931 2888 3987 genus
2913 3955 2928 3977 .
2957 3915 3104 3986 quod
3130 3915 3597 3989 Prosodiographi

332 4014 760 4084 Anapwsticum,
796 4010 1305 4084 Hypercatalectum
1335 4018 1760 4080 nuncuparent,
1793 4007 2066 4077 pertinere
2103 4003 2403 4070 videntur;
2437 4019 2469 4058 e
2499 4003 2717 4058 duobus
2751 4004 2978 4073 dactylis
3010 4005 3292 4070 nimirum,
3323 4008 3594 4073 sponda'o,

329 4111 626 4174 anaptesto,
655 4111 711 4158 et
739 4101 949 4173 syllaba
974 4099 1315 4156 redundante
1343 4098 1666 4169 plerumque
1692 4096 2045 4160 coalescunt;
2075 4108 2218 4164 sape
2252 4093 2321 4148 ab
2351 4102 2627 4161 anapazsto
2659 4101 2715 4148 et
2740 4093 2978 4164 dactylo,
3009 4093 3179 4149 semel
3206 4109 3236 4148 a
3264 4096 3513 4164 spondeo
3541 4106 3596 4151 et

331 4199 604 4261 anaparsto
632 4190 928 4260 incipiunt,
963 4195 1020 4242 ut
1059 4187 1262 4258 cuique
1291 4186 1587 4242 observare
1612 4185 1798 4239 licebit
1821 4184 1874 4236 in
1911 4182 2166 4238 versibus
2196 4181 2268 4236 55
2301 4188 2358 4236 et
2393 4195 2511 4252 seq.
2547 4181 2668 4236 οὐκ
2703 4181 2790 4246 l7,
2828 4182 2923 4252 qui
2960 4183 3186 4252 insuper
3213 4183 3284 4238 ab
3313 4183 3594 4239 ordinaria

330 4278 622 4336 scansione
657 4277 943 4334 recedunt.
976 4274 1043 4330 lli
1078 4290 1273 4330 versus
1305 4273 1640 4343 αηαρωειὶεἰ,
1695 4269 1950 4342 quamvis
1985 4271 2055 4326 ab
2088 4271 2510 4327 Anacreonticis
2548 4272 2775 4328 omnino
2817 4273 3008 4341 alieni,
3041 4273 3322 4344 prolixum
3355 4289 3595 4331 concen-

331 4380 446 4423 tum
496 4373 727 4422 venustc
773 4365 1217 4433 interrumpunt;
1264 4369 1318 4416 et
1364 4375 1508 4414 nunc
1531 4357 1858 4413 sententiam
1885 4358 2124 4430 aliquam
2153 4367 2480 4430 argumento
2509 4374 2834 4429 consonam,
2889 4377 3036 4416 nunc
3065 4378 3197 4418 vero
3228 4365 3592 4435 epiphonema

330 4452 828 4526 comprehendunt.
866 4449 1004 4504 Dum
1029 4464 1158 4504 vero
1198 4462 1392 4502 omnes
1413 4447 1531 4502 odae
1555 4445 1708 4500 hisce
1736 4443 1988 4500 versibus
2022 4445 2426 4514 admiscentur,
2468 4447 2680 4502 decima
2711 4457 2904 4504 octava
2941 4450 3080 4506 duos
3114 4451 3168 4506 in
3197 4453 3348 4508 calce
3384 4452 3593 4506 solum-

329 4545 516 4610 modo,
539 4543 705 4599 veluti
737 4539 1175 4602 conclusionem,
1201 4537 1388 4592 habet.
1416 4535 1647 4606 Insuper
1671 4533 1833 4588 iidem
1855 4547 2047 4588 versus
2070 4534 2310 4605 impares
2333 4536 2449 4590 fere
2473 4550 2570 4606 per
2594 4543 2706 4591 tres
2728 4538 3159 4596 Anacreonticos
3191 4541 3592 4612 subsequentes

329 4632 674 4702 explicantur
708 4647 724 4695 ;
762 4629 872 4683 dixi
902 4627 1031 4698 fere,
1067 4641 1304 4694 namque
1334 4640 1443 4679 non
1478 4623 1646 4679 semel
1679 4619 1878 4676 accidit
1909 4629 1970 4675 ut
1997 4622 2320 4692 aliquandiu
2358 4631 2470 4678 tres
2505 4624 2758 4679 versiculi
2801 4626 2856 4680 in
2901 4624 3021 4681 oda:
3049 4629 3345 4700 principio,
3371 4629 3594 4685 minime

332 4734 460 4776 vero
491 4718 546 4772 in
577 4716 825 4787 ejusdem
851 4729 1150 4786 progressu
1185 4715 1554 4778 inveniantur,
1579 4718 1634 4767 et
1659 4725 1804 4780 saepe
1827 4709 1929 4764 soli
1964 4711 2278 4778 αηαριεειὶεί
2305 4712 2603 4766 maximam
2633 4711 2865 4768 odarum
2899 4723 3110 4785 partem
3139 4717 3473 4772 comitentur
3495 4719 3590 4786 (c).
3625 4765 3630 4768 .

333 4808 536 4862 Versus
566 4804 770 4876 quibus
797 4805 916 4857 odze
940 4811 1220 4864 constant,
1259 4816 1547 4856 numerum
1579 4798 1680 4854 126
1711 4813 1823 4853 non
1863 4797 2159 4864 excedunt,
2181 4799 2256 4853 ita
2299 4807 2356 4853 ut
2388 4798 2614 4853 minima
2645 4799 2786 4854 inter
2815 4801 2948 4856 odas
2981 4818 3088 4856 non
3119 4803 3302 4858 minus
3331 4820 3494 4873 quam
3525 4805 3594 4859 90

327 4895 642 4962 contineat;
665 4891 912 4947 omnium
941 4906 1073 4947 vero
1104 4891 1333 4946 odarum
1361 4905 1554 4945 versus
1589 4885 1752 4944 simul
1783 4886 2022 4954 collecti,
2049 4888 2263 4956 absque
2284 4888 2392 4942 ulla
2419 4889 2796 4944 mutilatorutn
2828 4891 3169 4958 exclusione,
3201 4907 3470 4947 summam
3509 4893 3593 4950 bis

327 4982 559 5038 millium
592 4995 762 5052 supra
785 4987 1008 5035 centum
1039 4978 1301 5034 tredecim
1328 4978 1648 5033 conficiunt.

400 5068 508 5127 Sed
532 5069 701 5126 missa
731 5068 1037 5124 carminum
1067 5075 1370 5130 structura,
1394 5081 1569 5120 meam
1600 5066 1668 5123 de
1702 5066 1896 5122 iisdem
1929 5067 2282 5128 sententiam.
2310 5082 2653 5137 quaecunque
2704 5067 2798 5131 sit,
2823 5066 3014 5134 paucis
3041 5081 3316 5137 exponere
3341 5084 3448 5123 non
3478 5061 3595 5122 am-

326 5160 474 5232 bigo.
504 5156 738 5228 Jamque
770 5163 978 5212 norunt
1011 5169 1207 5211 omnes
1264 5156 1381 5209 haec
1413 5153 1660 5209 carmina
1713 5154 2148 5224 elegantissima,
2176 5155 2421 5224 piissimo
2447 5164 2495 5208 et
2526 5155 2884 5209 mellitissima
2919 5169 2947 5208 a
2981 5153 3163 5210 Leone
3197 5156 3399 5210 Allatio
3424 5156 3595 5213 fuisse

327 5247 533 5320 jamdiu
580 5246 921 5303 existimata.
961 5241 1171 5298 Revera
1203 5257 1233 5296 a
1278 5243 1415 5296 tanti
1463 5242 1694 5297 litterati
1733 5242 1945 5314 judicio
1973 5243 2218 5312 prudens
2256 5243 2430 5298 lector
2466 5258 2572 5298 non
2608 5243 2769 5298 facile
2799 5242 3057 5309 recedet;
3092 5243 3341 5313 quinimo
3371 5245 3418 5299 si
3479 5260 3594 5300 rem

326 5337 466 5393 bene
495 5335 834 5406 perpendere
862 5332 1120 5395 voluerit,
1160 5329 1458 5402 Sophronii
1488 5331 1734 5385 carmina
1764 5330 2135 5400 amplissimas
2168 5333 2334 5386 etiam
2370 5333 2568 5387 mereri
2601 5331 2791 5386 laudes
2828 5331 3113 5387 fatebitur.
3146 5329 3430 5402 Siquidem
3467 5347 3593 5388 eum

327 5433 634 5496 temporum
658 5423 710 5477 vi
744 5437 834 5476 res
860 5419 1140 5475 litterariae
1169 5433 1200 5474 e
1231 5419 1464 5474 classica
1495 5417 1764 5488 dignitate
1799 5420 2006 5474 sensim
2029 5421 2381 5484 excidebant,
2415 5435 2538 5476 cum
2571 5421 2973 5476 sententiarum
3005 5419 3261 5492 gravitati
3293 5423 3596 5476 sermonis-

326 5529 434 5584 que
476 5511 701 5582 puritati
749 5524 924 5565 vacua
961 5507 1272 5563 verbositas
1313 5505 1670 5571 succedebat,
1714 5506 1988 5562 melodum
2031 5519 2280 5564 nostrum
2328 5519 2408 5564 tot
2449 5497 2725 5580 tantisque
2769 5509 2930 5565 malis
2965 5508 3258 5580 jactatum,
3291 5510 3596 5564 concinnos

327 5617 520 5657 versus
571 5599 939 5670 compegisse,
972 5603 1026 5651 et
1055 5596 1270 5666 poetica
1299 5601 1589 5650 venustate
1618 5608 1944 5658 exornassc,
1978 5595 2081 5650 hoc
2107 5595 2336 5652 omnino
2386 5609 2470 5652 cst
2498 5597 2861 5651 admiratione
2907 5595 3160 5666 dignum.
3191 5593 3463 5650 Praeterea
3501 5593 3603 5648 So-

329 5689 597 5760 phronius
622 5702 686 5743 ea
712 5687 873 5743 utitur
910 5685 1176 5743 facilitate
1222 5685 1276 5740 in
1314 5685 1481 5741 rebus
1531 5684 1697 5740 etiam
1741 5683 2061 5741 difﬁcilibus
2091 5685 2487 5754 exprimendis,
2514 5686 2642 5742 dum
2678 5685 2800 5742 fidei
2832 5684 3097 5757 mysteria
3126 5689 3292 5755 atque
3314 5678 3595 5740 catholica:

401 5868 472 5941 fc)
496 5867 584 5924 Cf.
621 5868 690 5924 ab
708 5867 810 5924 ode
840 5871 872 5923 8
903 5869 970 5924 ad
996 5869 1088 5937 2!,
1113 5884 1220 5926 una
1246 5878 1458 5928 tantum
1491 5869 1558 5927 16
1591 5877 1836 5940 excepta.
