4036 6236
377 353 522 423 3729
1449 347 1971 410 ANACREONTIC

2085 374 2153 386 --
2192 349 2627 410 ΡΡυΕΕΑΤιΟ.
2649 390 2658 404 κ
3530 351 3671 419 3730

381 473 666 546 religionis
691 469 953 546 dogmata
984 463 1232 536 exponit,
1271 476 1510 534 quorum
1537 477 1644 518 non
1675 459 1888 533 vulg-ari
1921 467 2005 517 est
2026 461 2268 518 imbutus
2296 463 2616 533 cognitione
2641 463 2742 536 (ά),
2769 473 2832 521 ιιι
2864 466 3092 538 insuper
3121 476 3387 536 exoptare
3410 473 3666 534 nescias;

382 573 438 622 et
495 567 708 633 aliquot
773 557 1004 616 odorum
1062 553 1220 610 initia
1279 559 1492 608 tantam
1547 550 1847 622 imaginum
1898 557 2242 605 venustatem
2293 551 2660 621 prmseferunt
2719 564 2779 608 ut
2843 556 3106 611 eximium
3173 556 3412 628 aliquem
3483 573 3666 615 aurea:

387 649 696 708 Graecitatis
731 655 1014 704 auctorem
1043 642 1309 699 habuisse
1336 640 1662 707 videantur;
1704 639 1957 708 quamvis
1985 652 2150 708 saepe,
2187 646 2246 692 ut
2276 639 2314 694 l.
2339 657 2390 694 c.
2422 639 2654 696 Photius
2689 642 3118 708 observaverat,
3159 645 3686 716 ὲννεωτερὶζειτοϊς·

388 744 618 813 ῥήμασι,
645 754 767 809 quae
796 752 938 793 nova
965 732 1232 790 vocabula
1265 746 1368 786 nos
1396 729 1454 786 in
1481 728 1930 786 adnotationibus
1962 727 2369 784 recensuimus.
2409 727 2541 795 Quae
2564 731 2724 787 d01es
2752 733 3039 803 splendide
3068 733 3382 790 enitescunt
3406 744 3482 800 et,
3519 747 3577 791 ut
3599 736 3696 790 ita-

386 830 588 896 dicam,
612 828 952 888 sentiuntur;
979 829 1032 876 at
1051 820 1098 878 si
1126 820 1252 891 quis
1284 818 1352 874 de
1375 818 1544 874 verbo
1572 818 1640 873 ad
1665 817 1892 872 verbum
1920 815 2039 872 haec
2057 815 2458 872 Anacreontion
2493 827 2554 873 ut
2577 820 2808 875 rudibus
2847 821 3050 894 linguae
3091 821 3296 877 Graeca
3349 822 3510 879 obvia
3539 825 3674 886 sint;

390 917 586 970 Latina
617 914 798 968 facere
831 917 1026 973 tentat,
1081 909 1290 962 frustra
1321 907 1388 960 ad
1428 905 1873 978 Sophronianam
1932 903 2261 975 elegantiam
2309 904 2642 961 reddendam
2701 909 2944 979 aspirat,
2992 908 3104 963 imo
3154 919 3368 964 certum
3413 912 3548 967 mihi
3583 922 3697 968 estv

389 1004 687 1057 iiiaximam
717 999 1024 1056 venustatis
1059 1004 1272 1068 partem
1304 995 1632 1064 perituram.
1670 993 2018 1063 Sophronius
2059 993 2176 1062 ipse
2210 1006 2386 1047 meam
2417 995 2750 1050 sententiam
2789 996 3106 1063 confirmat,
3140 999 3236 1069 qui
3269 998 3324 1052 in
3353 1007 3482 1054 octo
3517 1001 3670 1070 prio-

390 1093 544 1147 ribus
598 1090 720 1145 odis
767 1089 944 1144 nudas
979 1085 1246 1156 quasdam
1295 1082 1718 1154 Evangeliorum
1769 1082 2035 1139 historias
2073 1097 2188 1138 suae
2216 1082 2434 1138 barbito
2470 1086 2906 1142 accommodavit
2950 1104 2964 1142 :
3008 1094 3390 1144 verumtamen
3443 1095 3556 1143 tam
3587 1099 3674 1144 est

392 1178 736 1232 admirabilis
771 1175 1089 1231 Graecorum
1130 1172 1426 1227 verborum
1456 1169 1774 1241 dispositio,
1823 1170 2165 1226 locutionum
2209 1171 2480 1236 suavitas,
2516 1180 2572 1228 et
2603 1175 2850 1242 quaedam
2883 1175 3185 1246 imaginum
3223 1176 3574 1248 ingenuitas,
3607 1188 3670 1232 ut

391 1268 582 1324 Graece
615 1267 771 1321 lectae
797 1262 1123 1335 satisfacere
1145 1274 1254 1316 non
1289 1258 1568 1324 desinant,
1591 1273 1622 1313 e
1644 1267 1840 1314 contra
1873 1257 2070 1316 Latine
2098 1259 2170 1314 ad
2193 1261 2421 1315 verbum
2457 1261 2685 1317 redditae
2707 1262 3028 1333 frigescant,
3059 1274 3114 1320 et
3144 1265 3421 1336 ingenuitas
3443 1282 3672 1322 veneres

391 1357 668 1410 amittant.
696 1352 851 1419 Quod
895 1365 1030 1406 sane
1087 1348 1172 1403 vir
1218 1346 1580 1403 doctissimus
1613 1346 1914 1402 cardinalis
1948 1345 2185 1402 Sirletus
2223 1346 2538 1418 ἀρχετύπου
2585 1350 2715 1406 olim
2743 1366 3033 1422 possessor
3071 1355 3448 1422 experimento
3470 1355 3673 1426 proba-

391 1449 489 1505 vit.
527 1446 759 1502 Notitias
787 1444 932 1500 enim
979 1441 1048 1497 de
1091 1440 1401 1511 Sophronio
1449 1440 1504 1493 in
1527 1437 1793 1494 Vaticana
1834 1437 2168 1496 bibliotheca
2205 1454 2238 1496 e
2288 1439 2572 1498 codicibus
2627 1441 2936 1500 Sirletiauis
3001 1449 3347 1515 perquirens,
3381 1446 3681 1516 quemdam

391 1536 555 1590 etiam
603 1532 832 1588 miscelli
881 1530 1100 1601 generis
1137 1527 1384 1584 codicem
1440 1529 1544 1582 hac
1589 1537 1718 1582 uota
1763 1526 1905 1584 6285
1959 1527 2235 1599 signatum
2275 1528 2514 1598 inspexi,
2546 1529 2602 1584 in
2647 1545 2758 1601 quo
2796 1531 3028 1601 primam
3062 1531 3369 1604 Spphronii-
3386 1533 3524 1589 oden
3557 1532 3681 1588 isa-

395 1623 563 1677 tiuam
592 1620 814 1684 factam,
846 1619 1123 1674 variantes
1166 1616 1222 1672 in
1252 1616 1560 1672 interlineis
1589 1625 1645 1672 et
1671 1616 1723 1671 in
1756 1617 2099 1687 marginibus
2125 1614 2564 1685 praescierentem
2596 1618 2820 1690 perlegi.
2852 1617 3048 1674 Statim
3079 1634 3300 1676 manum
3340 1621 3516 1691 ipsius
3552 1621 3684 1675 Sir-7

394 1715 486 1769 leti
511 1713 764 1784 cognovi,
794 1719 847 1767 et
887 1719 1010 1782 post
1050 1709 1221 1765 ferme
1250 1710 1360 1764 duo
1403 1709 1606 1764 saecula
1643 1707 1778 1764 adeo
1814 1709 1985 1764 illaesa
2025 1709 2321 1778 inspicitur
2340 1709 2589 1779 scriptio,
2625 1717 2684 1763 ut
2717 1725 2885 1766 aurea
2917 1710 3099 1781 pulvis
3146 1719 3455 1768 atramento
3489 1714 3681 1769 adhuc:

395 1802 737 1856 inhaerescat.
769 1799 900 1853 Mihi
933 1797 1154 1853 interim
1193 1795 1704 1866 interpretationem
1745 1793 1974 1850 odarum
2004 1811 2141 1854 mea:
2167 1796 2398 1854 editioni
2447 1795 2686 1866 adjicere
2711 1797 2998 1869 cogitanti,
3034 1796 3350 1855 Sirletiana.
3382 1803 3688 1858 translatio

393 1890 531 1945 adeo
579 1888 796 1942 animos
835 1885 1080 1957 infregit,
1113 1894 1171 1940 ut
1204 1884 1386 1953 potius
1435 1883 1482 1938 si
1517 1883 1740 1954 quando
1765 1890 1982 1954 tempus
2012 1899 2043 1939 a
2072 1884 2211 1940 meis
2233 1883 2428 1942 ciliciis
2472 1900 2710 1941 vacuum
2763 1886 2992 1954 siverit,
3034 1887 3291 1944 versibus
3325 1904 3434 1948 east
3473 1891 3698 1947 adum-w

393 1979 555 2032 brare
604 1974 964 2041 decreverim,
999 1987 1164 2041 quam
1203 1969 1619 2040 Sophronianos
1649 1971 1866 2040 lepores
1913 1985 2077 2042 prosa
2100 1972 2353 2029 oratione
2379 1973 2622 2029 insulsos
2650 1973 2887 2031 elliccre.

465 2065 668 2119 Praeter
690 2064 947 2132 pietatem
974 2076 1084 2132 qua
1107 2059 1290 2115 omnia
1313 2057 1613 2128 Sophronii
1641 2058 1848 2128 scripta
1883 2059 2189 2127 nitescunt,
2221 2067 2282 2115 ut
2314 2058 2546 2117 Photius
2576 2061 2893 2117 observavit
2921 2062 2990 2120 de
3007 2063 3256 2136 epistola
3281 2065 3546 2137 synodica
3573 2066 3678 2137 (e);

396 2154 566 2206 multa
597 2153 738 2207 scitu
791 2151 954 2220 digna
1003 2149 1090 2206 vel
1127 2148 1192 2203 ad
1229 2161 1402 2203 sacrae
1436 2146 1735 2218 Scripturae
1773 2147 2307 2218 interpretationem,
2334 2149 2415 2205 vel
2448 2149 2516 2204 ad
2552 2163 2769 2206 sacram
2791 2157 2898 2205 aut
2925 2151 3211 2222 profanam
3244 2168 3450 2208 novam
3485 2155 3678 2210 erudiu

397 2243 600 2296 tionem
627 2239 948 2308 spectantia,
989 2237 1105 2292 haec
1137 2236 1534 2292 Anacreontica
1573 2235 1806 2291 eruditis
1836 2235 2117 2294 exhibent.
2148 2236 2262 2293 Nos
2297 2252 2428 2294 vero
2469 2252 2642 2310 pauca
2679 2239 2977 2309 seligemus
2999 2241 3272 2312 exempla,
3302 2250 3358 2298 et
3386 2243 3518 2298 illud
3557 2245 3677 2314 pri-

395 2343 546 2382 mum
582 2328 806 2397 dignum
829 2326 1214 2380 observatione
1239 2339 1440 2380 censeo
1473 2323 1619 2394 quod
1647 2325 1703 2378 in
1731 2325 1835 2381 ode
1871 2325 1906 2380 4
1930 2365 1946 2393 ,
1975 2338 2028 2381 v.
2053 2325 2124 2381 24
2155 2335 2208 2382 et
2243 2341 2363 2396 seq.
2387 2325 2458 2382 de
2490 2325 2860 2384 Praecursoris
2900 2327 3456 2385 alimentis-enarrat.
3499 2329 3676 2386 Plane

395 2420 542 2470 enim
579 2415 778 2470 asserit
815 2414 961 2485 quod
1014 2412 1295 2468 radicibus
1319 2411 1604 2482 cujusdam
1625 2411 1863 2479 fruticis,
1895 2413 1986 2468 cui
2019 2428 2220 2470 nomen
2246 2415 2592 2486 meleagrum,
2626 2415 2992 2484 vescebatur;
3033 2425 3298 2488 praeterea
3345 2419 3683 2489 cumvpauio-

395 2512 555 2559 antea
591 2503 822 2559 dixisset
853 2509 1166 2572 promptum
1195 2499 1415 2563 ἀπόνως
1448 2515 1668 2570 semper
1703 2499 1902 2558 Joauni
1965 2502 2163 2560 adesse
2185 2503 2396 2571 cibum,
2421 2503 2573 2575 quod
2603 2519 2730 2560 mox
2761 2505 3003 2575 explicat
3023 2520 3149 2563 esse
3181 2506 3449 2580 μελεάγρι
3489 2524 3550 2561 τε
3582 2507 3670 2581 pii

395 2593 508 2657 ζαι,
536 2589 664 2646 inde
691 2591 748 2644 tit
773 2591 918 2660 quod
941 2599 997 2644 et
1029 2589 1111 2654 τὸ,
1138 2587 1380 2660 ἀκρίδες,
1415 2587 1484 2643 ad
1516 2589 1840 2659 vegetalinm
1863 2592 2102 2661 speciem
2130 2593 2359 2659 referre,
2387 2594 2543 2664 juxta
2574 2603 2725 2652 certe
2756 2593 3058 2666 Sophronii
3088 2604 3355 2664 mentem,
3393 2613 3531 2668 opus
3571 2599 3674 2654 sit.

393 2679 472 2734 Ne
511 2688 691 2734 tamen
754 2679 932 2734 sancti
991 2677 1288 2746 Sophronii
1334 2676 1525 2746 opinio
1559 2684 1670 2731 tam
1721 2685 1908 2749 aperta
1938 2679 2205 2750 ingenuos
2236 2683 2468 2740 lectores
2497 2683 2763 2751 offendat,
2827 2700 3034 2757 paucos
3075 2685 3220 2741 inter
3249 2693 3355 2742 .'tot
3385 2697 3674 2747 auctores.

393 2768 489 2836 qui
525 2767 664 2823 idem
696 2772 1055 2830 censuerunt,
1093 2765 1182 2819 hic
1206 2764 1468 2821 recitabo.
1503 2763 1837 2820 Praemittam
1867 2777 1994 2824 ante
2038 2770 2226 2825 omnia
2255 2771 2562 2828 doctissimi
2593 2772 2824 2828 Calmeti
2858 2772 3046 2838 verba,
3081 2787 3206 2844 quae
3240 2774 3296 2828 in
3328 2783 3671 2830 commenta-

393 2857 495 2912 riis
525 2857 590 2910 ad
619 2856 767 2910 hunc
785 2854 1062 2926 Evangelii
1087 2853 1267 2909 locum
1291 2853 1545 2925 leguntur
1571 2852 1637 2926 (Ῑ)
1678 2872 1692 2909 :
1719 2854 1920 2910 Eorum
1947 2859 2204 2914 sententia
2229 2861 2320 2928 qui
2359 2869 2673 2916 censuerunt
2704 2861 3103 2918 Praecursorem
3132 2862 3384 2918 arborum
3409 2865 3664 2934 germini-

395 2949 488 2997 bus
538 2943 675 2998 vesci
699 2942 936 3006 solitum,
967 2957 1128 3012 quant
1154 2941 1417 3010 plurimos
1450 2951 1612 2997 nacta
1637 2950 1717 2996 est
1745 2954 2056 3002 sectatores.
2090 2947 2275 3019 Neque
2304 2950 2401 3007 hoc
2431 2968 2464 3006 α
2491 2952 2598 3022 ﬁde
2635 2951 2906 3008 abhorret.
2936 2950 3002 3006 Et
3034 2967 3094 3008 re
3116 2953 3235 3023 ipsa
3260 2953 3468 3023 primos
3496 2953 3672 3008 homi-

396 3046 494 3086 nes
526 3045 632 3085 non
685 3031 888 3093 solum.
945 3029 1041 3086 sed
1073 3029 1204 3083 olim
1233 3029 1533 3100 prophetas
1559 3037 1614 3084 et
1643 3031 1824 3088 denuo
1853 3043 2079 3091 sanctos
2127 3039 2496 3095 anachoretas
2537 3041 2968 3097 summitatibus
2993 3040 3290 3097 virentium
3338 3048 3395 3097 et
3427 3041 3676 3099 oleribus

394 3118 702 3186 victitasse,
742 3133 907 3176 nemo
935 3133 1071 3175 sane
1099 3115 1316 3173 inficias
1349 3117 1472 3171 ibit.
1513 3117 1592 3172 En
1627 3117 1808 3179 Ovidii
1832 3121 1897 3176 de
1922 3122 2226 3192 primorum
2264 3125 2547 3183 hominum
2577 3143 2712 3184 esca
2744 3127 3173 3200 descriptionem
3192 3126 3269 3200 (θ)
3290 3144 3310 3181 ι
3370 3145 3374 3148 -
3439 3167 3442 3169 λ

1342 3224 1510 3282 Panis
1546 3237 1696 3282 erant
1739 3229 1927 3296 primis
1951 3229 2144 3286 uirides
2193 3231 2508 3288 mortalibus
2546 3233 2753 3299 herbte,

1426 3299 1762 3374 Quastellus
1789 3301 1934 3374 nullo
1966 3301 2287 3374 sollicitante
2317 3306 2390 3374 (It)
2413 3304 2600 3360 dabat.

1365 3367 1621 3446 Et_ntodo
1657 3370 1940 3446 carpebant
1983 3373 2140 3446 viras:
2170 3367 2411 3446 eicespite
2431 3392 2670 3446 gramen.

1431 3441 1588 3496 Nunc
1613 3444 1784 3510 epulae
1802 3457 1829 3496 ε
1851 3451 2032 3497 tenera
2058 3443 2248 3514 fronde
2274 3441 2524 3500 cacumen
2551 3456 2728 3503 erant.

399 3552 473 3606 De
539 3551 702 3607 simili
780 3567 912 3608 vero
995 3553 1386 3624 prophetarum
1465 3551 1944 3620 asceticorumque
2023 3559 2193 3610 esca,
2261 3554 2316 3602 et
2387 3545 2534 3604 sacri
2604 3546 2874 3614 codices,
2929 3555 2993 3604 et.
3057 3547 3305 3603 Pratum
3337 3547 3695 3618 δρίνὶιιιαιίέ,

395 3649 450 3694 ct
520 3639 916 3695 monachorum
992 3640 1120 3695 vita:
1193 3639 1604 3708 exemplaribus
1678 3637 1981 3693 abundant.
2056 3632 2124 3688 Et
2185 3634 2420 3705 primum
2477 3635 2544 3693 de
2617 3635 2871 3708 ἀκρίδων-
2916 3636 3371 3709 interpretatione
3448 3646 3674 3693 sanctus

396 3726 638 3783 Isidorus
693 3726 968 3783 Pelusiota
1013 3727 1068 3782 in
1126 3729 1286 3798 epist.
1345 3727 1473 3782 5ad
1530 3724 1755 3793 Nilum,
1805 3724 2108 3796 perfectum
2162 3723 2286 3777 vitae
2345 3721 2666 3781 monasticae
2711 3725 3024 3797 exemplum
3073 3740 3103 3779 a
3152 3723 3364 3780 Joanne
3418 3725 3666 3795 Baptista

394 3815 752 3887 desumptnm.
801 3830 1149 3888 proponens,
1189 3817 1442 3871 hortatur
1491 3829 1522 3870 e
1580 3814 1703 3885 pilis
1769 3813 2136 3869 asceticorum
2207 3809 2531 3868 indumenta
2601 3813 2944 3870 conficienda
2994 3827 3163 3876 esse,
3224 3821 3282 3868 et
3342 3814 3411 3869 ab
3471 3814 3669 3869 herba-

394 3919 515 3958 rum
567 3904 712 3961 foliis
763 3913 816 3960 et
865 3904 1276 3960 summitatibus
1320 3917 1541 3974 parcam
1601 3901 1917 3956 alimoniam
1971 3915 1988 3953 ι

2076 3899 2256 3956 nacltis
2300 3899 2695 3955 desumendam
2727 3920 2741 3956 :
2785 3901 2851 3954 El
2875 3899 3058 3955 τοίνυν
3097 3900 3364 3972 βρώματα
3385 3899 3482 3954 καὶ
3503 3899 3670 3970 ἐσθή-

395 4009 543 4060 ματα
569 3993 669 4063 τῆς
687 3991 974 4046 κατάΘεδν
1003 3990 1216 4054 τελείας
1269 3991 1557 4061 ἀσκήσεως
1585 3990 1644 4043 ὲν
1682 3990 1902 4061 Ἰωάννῃ
1923 3987 2000 4058 τῷ
2023 3987 2304 4057 Βαπτιο-τῇ
2328 3986 2749 4058 ἐπαιδεύθημεν,
2776 3987 2920 4060 θριξὶ
2944 3989 3043 4059 μὲν
3075 3989 3124 4042 εἰ
3143 3983 3255 4042 οἶόν
3281 4005 3342 4043 τε
3371 3987 3671 4059 πρὺςσσκέ·

391 4097 501 4151 πην
527 4079 1004 4152 ἀρκεσθησόμεθα,
1038 4079 1313 4150 ἀκρέμοσι
1359 4079 1415 4132 δὲ
1451 4077 1690 4149 βοτανῶν
1721 4077 1816 4131 καὶ
1845 4075 2062 4147 φύλλων
2095 4073 2234 4146 πρὸς
2258 4073 2449 4145 ὀλίγην
2480 4074 2689 4146 τροφὴν
2715 4077 2816 4130 καὶ
2844 4075 3080 4148 δύναμιν
3108 4076 3202 4130 καὶ
3233 4076 3528 4148 ἀπέριττον
3574 4076 3682 4144 (i)..

390 4168 536 4223 idem
566 4177 728 4240 urget
757 4167 986 4224 inferius
1015 4167 1174 4237 epist.
1211 4165 1334 4222 152.
1375 4165 1697 4236 Anonymus
1730 4163 2030 4219 Vaticanus
2071 4162 2124 4217 in
2161 4161 2368 4217 Catena
2395 4160 2711 4217 Graecorum
2743 4161 2990 4228 Patrum,
3033 4164 3124 4235 qui
3164 4162 3459 4236 Evangelia
3491 4163 3670 4220 inter-

391 4262 701 4323 pretantur,
726 4270 756 4308 a
783 4253 947 4310 Petro
977 4254 1216 4312 Possino
1244 4255 1389 4309 edita
1410 4253 1496 4324 (j),
1522 4253 1724 4310 similia
1758 4252 1926 4307 refert
1951 4268 1964 4305 :

2101 4250 2200 4321 μέν
2228 4265 2364 4319 φασι.
2391 4251 2462 4302 τὰ
2479 4249 2588 4304 τῶν
2618 4250 2938 4324 ἀκροδρύων
2960 4251 3281 4324 ἀκρίσματα
3357 4293 3388 4309 .V
3451 4291 3474 4307 ι
3547 4261 3591 4311 .‘-
3645 4292 3687 4308 ..

391 4340 534 4396 κατά
563 4343 645 4409 τὸ,
674 4341 914 4414 ἤνθησαν
949 4343 983 4413 ἡ
1011 4342 1296 4412 κάππαρις
1334 4342 1429 4397 καὶ
1451 4343 1489 4413 ’ἡ
1520 4342 1703 4414 ἀκρὶς,
1727 4339 1756 4393 ὂ
1784 4341 1842 4394 ὲν
1873 4338 1952 4410 τῷ

2069 4337 2562 4408 Ἐκκλησιαστικοῦ
2594 4337 2845 4419 εὕρηται,
2869 4338 3316 4414 Theophylactus
3343 4341 3399 4396 in
3434 4340 3659 4402 δίειμι..

389 4429 547 4495 Τινὲς
611 4429 830 4499 λέγουσι
895 4430 1126 4502 βοτάνας
1188 4427 1327 4484 εἶναι
1391 4429 1490 4496 τὰς
1547 4430 1778 4502 ἀκρίδας
1836 4428 1902 4492 ἃς
1953 4428 2049 4482 καὶ
2126 4427 2420 4498 μελιάγρια
2466 4427 2539 4499 (Ιί)
2606 4427 2836 4484 καλοῦσι
2869 4446 2885 4462 ν
2945 4430 3092 4494 τινὲς
3153 4430 3212 4484 δὲ
3251 4429 3320 4486 τὰ
3377 4431 3678 4503 ἀκρόδρυα·

389 4517 508 4586 ἦτοι
566 4517 788 4590 ὀπώρας
826 4519 1028 4590 ἀγρίας
1075 4519 1160 4591 (ι).
1196 4517 1328 4572 Haec
1352 4518 1488 4574 satis
1518 4518 1648 4590 περὶ
1694 4517 1956 4586 ἀκρίδων.

2083 4530 2162 4586 [ue
2226 4523 2377 4586 patet
2428 4515 2798 4587 Sophronium
2838 4531 2956 4589 ιιιίι⁴
2976 4519 3137 4574 melle
3179 4519 3444 4587 silvestri,
3484 4519 3677 4590 aliter

389 4603 588 4676 ἀγρίῳ,
615 4604 954 4662 intellexisse
977 4606 1232 4662 arborem
1261 4606 1602 4677 meleagrum.
1633 4603 1836 4676 Reipsa
1855 4605 2074 4660 radices
2105 4605 2270 4674 hujus
2301 4605 2513 4661 arbusti
2547 4605 2741 4662 edules
2769 4621 2918 4673 esse,
2951 4607 3121 4664 variis
3152 4609 3493 4666 testimoniis
3523 4626 3674 4668 con-

391 4691 659 4748 firmatur.
707 4693 866 4762 Apud
925 4691 1151 4748 Suidam
1203 4693 1259 4748 in
1315 4693 1581 4750 vocabulo
1629 4693 1893 4765 μελεὰγρι
1934 4697 1985 4752 ιιι

2072 4693 2300 4751 affertur
2334 4697 2635 4751 ἀδέσποτον
2658 4698 2970 4769 exemplum
2992 4738 3008 4764 ,
3042 4699 3190 4769 quod
3221 4715 3253 4755 e
3281 4701 3394 4755 vita
3427 4702 3664 4773 alicujus

390 4785 739 4836 anachoretae
760 4789 1068 4837 extractum
1097 4797 1322 4849 censeo,
1357 4783 1454 4836 acati
1482 4783 1660 4854 ρίζάις
1699 4782 1898 4847 αὐτοὺς
1925 4801 1984 4855 με

2064 4785 2259 4855 ιγρίων
2283 4787 2379 4839 καὶ
2406 4785 2661 4857 καρδίαις
2692 4785 2960 4858 καλάμων
2985 4787 3278 4854 ἐδεξιοῦτο.
3308 4788 3469 4857 Αριιά
3511 4787 3658 4846 Catt-

389 4869 536 4938 gium
559 4868 877 4941 μελίαγριον
902 4870 1006 4925 hoc
1037 4870 1323 4926 arbustum
1353 4870 1682 4940 appellatur.
1729 4869 1769 4923 E
1816 4871 1925 4925 vita
1956 4872 2122 4942 igitur
2155 4873 2533 4941 manuscripta
2578 4873 2756 4928 sancti
2791 4874 3007 4945 Cyriaci
3035 4877 3386 4931 anachoretae
3415 4879 3530 4933 haec
3552 4879 3671 4933 duo

388 4957 636 5027 exempla
691 4957 925 5027 protulit
958 4957 1214 5014 laudatus
1257 4957 1500 5028 Cangius
1534 4977 1559 5012 ευ
1596 4957 1982 5037 Ἀπορούμενοι

2066 4960 2208 5014 οίνυν
2241 4961 2470 5032 τροφῆς,
2499 4962 2609 5016 καὶ
2641 4963 2743 5017 οὐκ
2771 4963 2990 5035 ἔχοντες
3011 4964 3140 5019 ὅθεν
3171 4964 3276 5025 τὴν
3313 4966 3414 5036 τῆς
3443 4967 3660 5035 φύσεως

389 5045 636 5116 ἀνάγκην
662 5045 1156 5117 παραμυθήσονται
1187 5063 1200 5077 ·
1232 5045 1354 5100 οὐδὲ
1386 5045 1517 5118 γὰρ,
1544 5045 1665 5100 οὐδὲ
1717 5046 2010 5118 μελιάγρια
2047 5047 2189 5102 κατά
2224 5047 2322 5119 τὴν
2356 5047 2562 5120 ἔρημον
2602 5049 2858 5120 πεφύκει,
2907 5060 2962 5106 et
2993 5052 3168 5123 ρίζας-
3200 5051 3543 5123 μιλιαγρῑων
3563 5053 3679 5106 καὶο

389 5132 700 5203 ἀκρέμονας
742 5133 1008 5206 καλάμων
1042 5132 1323 5205 προσίετο.
1353 5133 1433 5189 Ex
1468 5135 1623 5191 hisee
1657 5136 1983 5192 testimoniis

2088 5152 2119 5189 ι)
2156 5144 2481 5208 arguuntur,
2510 5139 2724 5194 scilicet
2754 5138 2970 5195 radices
3005 5140 3577 5212 μελιαγρῑου-οίιιι-Ιθιι,
3609 5150 3682 5195 6L

462 5260 1154 5340 (_d)A_S.nut_fhotii_vet_'ba
1186 5265 1255 5340 de
1286 5262 1613 5340 Sophronia»
1647 5263 1972 5340 in_Myriob.
2154 5269 2216 5338 (i)
2248 5269 2389 5324 Edit.
2423 5268 2600 5325 Paris.
2633 5270 2794 5336 1585,
2821 5287 2944 5340 ηδε.
2966 5271 3021 5326 2.

388 5330 512 5411 cod.
538 5331 644 5411 23f
672 5333 834 5411 :_’I:tI)v
865 5333 1028 5405 ἰτρῶν
1058 5334 1342 5406 δογμάτων
1367 5330 1428 5388 οὗ
1453 5335 1554 5407 τῆν
1573 5330 1842 5408 τὺχοῦσεῖν
1867 5337 1972 5408 μά-

1573 5330 1842 5408 τὺχοῦσεῖν
1867 5337 1972 5408 μάο
2248 5340 2460 5411 Romae;
2491 5340 2634 5411 typis
2674 5330 2961 5396 Barhe‘ri‘n.
3005 5339 3163 5396 1657.

390 5402 548 5484 θηίῗιΥ
575 5402 975 5484 βποδεάἓνυὶάὶο
1509 5402 1520 5407 ⁷
1641 5402 1672 5408 η
1869 5402 1880 5408 ’

2158 5402 2231 5480 (Ιξ)
2253 5402 2473 5484 Optima
2510 5402 2674 5468 Ῐθόιίο
2710 5421 2796 5484 est
2837 5412 3154 5484 μελάγρας)
3180 5411 3429 5484 itaenim
3475 5420 3663 5484 aperte

465 5473 535 5552 (ς)
647 5488 699 5528 c.
730 5473 1027 5552 ῌ-ύσεβείας
1061 5473 1158 5552 ρεέν
1189 5475 1582 5552 ὲςῃῌπλήρης.

2083 5473 2186 5550 ego
2223 5473 2325 5552 legi
2353 5483 2407 5536 in
2432 5489 2647 5537 vetusto
2673 5483 2798 5543 eod,
2835 5473 3066 5536 membr.
3094 5473 3214 5536 Vat.
3248 5480 3410 5547 122i,
3446 5473 3584 5552 p.'9;
3609 5491 3661 5536 at

465 5493 535 5541 (ε)
577 5493 614 5526 Ι.
647 5493 699 5528 (Ξ.
731 5493 1027 5539 ιειυσεοειας
1103 5493 1158 5526 εν
1189 5493 1303 5529 εστι
1351 5493 1497 5546 πΑηρ
1540 5493 1582 5539 ς.

460 5543 530 5629 (fl
649 5558 710 5629 ut
734 5543 923 5629 hiatth.
951 5549 1040 5601 ed.
1061 5493 1192 5601 ven.
1227 5546 1396 5612 1752,
1423 5563 1476 5616 p.
1499 5493 1596 5602 ἓξ).

2083 5497 2186 5550 ego
2223 5493 2325 5552 Iegt
2353 5499 2407 5536 tn
2432 5493 2647 5537 vetusto
2673 5493 2798 5543 cod,
2835 5493 3066 5536 membr.
3097 5493 3203 5535 Vat.

2084 5552 2359 5629 editiones
2389 5553 2656 5629 mendose
2690 5553 2893 5629 habent
2935 5551 3203 5629 μέλγραςτ

461 5614 536 5754 8)
579 5611 732 5669 Fast.
765 5614 804 5669 l.
837 5631 911 5668 tv.
1054 5686 1065 5699 .
1423 5611 1437 5616 “
1495 5688 1506 5702 ν
2121 5622 2220 5702 “(i)
2273 5622 2356 5677 Cf.
2403 5623 2577 5693 Cajet.
2629 5632 2682 5678 et
2733 5611 2949 5677 Baronf
2987 5611 3092 5694 qui
3113 5611 3303 5681 eadem
3351 5632 3663 5680 senserunt.

518 5692 535 5753 )
580 5683 738 5752 Quod
791 5683 1139 5754 Sophrotuus
1172 5701 1267 5754 per
1314 5685 1374 5740 τὸ
1400 5687 1619 5752 ἁπονως
1661 5689 1974 5748 declaravc-
2096 5692 2212 5746 νεά.
2276 5692 2472 5754 Σύνοψ.
2531 5693 2667 5749 Crit.
2729 5693 2856 5748 hist.
2911 5710 3054 5750 ὅσον.
3111 5694 3164 5750 in
3215 5709 3450 5754 carum.
3505 5711 3560 5750 ν.
3604 5707 3661 5754 ιι,

518 5692 535 5753 )
580 5683 738 5752 Quod
791 5683 1139 5758 Sophronius
1172 5701 1267 5757 per
1314 5685 1374 5740 τὸ
1400 5687 1619 5752 ἀπόνως
1661 5689 1974 5748 declaravc-
2095 5692 2112 5766 l

2095 5683 2237 5766 vlidi
2276 5683 2497 5764 Σύνοψ.’
2531 5693 2667 5749 Crit.
2729 5693 2856 5748 hist.
2911 5683 3054 5750 sec}.
3111 5694 3164 5750 in
3215 5709 3338 5766 cap.
3368 5710 3450 5760 Ill,
3505 5711 3560 5750 ν.
3604 5707 3660 5761 .1,

399 5777 502 5820 είιι.

2091 5763 2278 5820 Μιιιιίι.
