4036 6236
319 333 460 398 3745
567 373 574 380 η
1563 289 1565 294 ’
1649 321 2248 388 ANACREONTICA.
3457 338 3602 404 3m

597 445 762 510 Γόνος
791 444 952 498 ἔσκεν
1005 439 1365 514 Ἀντιπάτρου
1404 437 1520 510 (⁸21)
1559 429 1562 432 ⁴

441 539 502 597 10
549 539 608 594 '0
638 539 762 592 τότε
795 534 1016 608 κρατῶν
1056 535 1348 606 Ἐϐραίων,

541 632 634 696 ’ος
659 632 754 685 ἀπ’
800 629 1067 683 Ἀσκάλου
1100 625 1381 699 προελθὼν

535 723 694 796 Παρὰ
734 724 857 787 τοὺς
886 722 1088 792 νόμους
1122 720 1376 776 ἀνάσσει.

603 816 846 887 Δρομὲες
875 815 1001 870 τότε
1025 813 1297 885 προῆλθον

531 907 696 962 Ὅθεν
715 909 867 980 ἥλιος
901 907 1244 979 προλάμπει,

425 999 495 1053 15
543 1000 902 1071 Ἰερουσαλὴμ
931 1000 978 1054 δ’
1005 998 1236 1069 ἐσῆλθον

533 1092 771 1160 Δογάδες
802 1095 1011 1162 Μάγων
1038 1091 1374 1161 κρατίστων.

599 1183 845 1255 Χριστὸν,
868 1185 925 1246 ἐς
956 1182 1218 1254 ἀρτιγενῆ
1248 1181 1402 1254 δῶρα
1429 1180 1712 1248 λαὸὀντες,

541 1275 754 1347 Ἀστὲρι
789 1275 887 1328 σύν
911 1292 970 1327 τε
998 1275 1213 1344 Μάγοις
1243 1274 1450 1346 κόσμος
1476 1274 1719 1330 ἑπέσθω.

612 1368 737 1421 Ἐπὶ
761 1368 999 1439 Χριστὸν
1022 1368 1147 1438 ἄρτι
1175 1369 1378 1430 πάντες

421 1459 493 1513 20
526 1461 678 1531 Ἀμα
705 1463 818 1524 τοῖς
847 1462 1067 1530 Μάγοις
1092 1459 1415 1533 δραμοῦμεν

527 1551 667 1606 Νέον
706 1552 915 1624 ἀστέρα
946 1552 1300 1615 σκοποῦντες.

597 1645 824 1714 Ἔλεγον
854 1645 911 1698 δὲ
943 1645 1085 1717 πρὸς
1109 1643 1364 1709 πολίταςο

529 1737 672 1807 ’Ἄρα
699 1736 801 1790 ποῦ
832 1735 1006 1802 πέλει,
1038 1735 1276 1800 πολῖται,

524 1831 791 1894 Βασιλεὺς
815 1831 842 1882 ὁ
869 1827 966 1883 νῦν
988 1829 1270 1901 λοχευθεὶς

415 1921 488 1978 25
538 1921 711 1994 Ἱερῆς
747 1922 916 1976 Ἰούδα
942 1921 1149 1994 φύτλης
1176 1939 1192 1988 ;

595 2015 773 2087 Ζαθέῃ
811 2015 925 2088 (22)
957 2017 1068 2085 γὰρ
1097 2016 1154 2067 ἐν
1187 2013 1385 2086 τιθήνῃ

535 2105 656 2160 Ἐὸν
695 2105 902 2176 ἀστέρα
937 2104 1290 2170 σκοποῦντες,

527 2199 658 2251 "Are
688 2199 871 2268 δμῶες
905 2199 1069 2267 ἁγνὸν
1104 2196 1256 2267 αύτῷ

527 2291 700 2354 Σέὸας
730 2291 968 2362 ἤλθομεν
1003 2291 1346 2360 προσοίσειν.

423 2380 492 2433 50
600 2383 838 2436 Ζάκοτον
866 2383 912 2436 δ’
944 2381 1160 2436 ἄνακτα
1189 2382 1380 2454 χώρης

526 2473 609 2528 Τά
636 2475 846 2544 Μάγων
878 2475 1125 2546 μαθόντα
1159 2475 1341 2529 πάντα

525 2567 766 2630 Ναέταις
795 2567 932 2640 ὁμοῦ
972 2569 1266 2632 κακίστοις

525 2658 732 2721 Κλὸνος
767 2659 962 2729 ἄγριος
992 2658 1282 2730 κατέσχεν.

587 2751 798 2804 Θεῖκῶν
830 2751 1068 2823 Γραφῶν
1095 2751 1151 2805 δὲ
1185 2751 1399 2822 μύστας

419 2843 491 2900 55
539 2843 769 2917 Ἰερεύσι
810 2844 1192 2912 συγκαλέσσας

535 2937 808 3009 Ἐρέεινεν
848 2939 980 2992 ἔνθα
1013 2938 1250 3009 Χριστὸς

535 3028 917 3084 ’Δποτίκτεται
946 3028 1228 3100 βροτείως.

591 3123 742 3178 Φῦλα
769 3124 976 3192 Μάγων
1010 3122 1295 3195 κρατερῶν
1328 3122 1484 3178 ὄλϐια
1521 3124 1700 3195 φήσω,
1770 3133 1783 3148 ⁸

524 3214 712 3268 Πίστιν
737 3213 910 3270 ἐθνῶν
930 3205 1036 3280 πρὸ
1052 3210 1186 3266 ὅλων
1213 3211 1412 3267 οὔνεκα
1444 3212 1694 3286 μάρψαν.

416 3305 484 3361 40
605 3305 803 3376 Ἱεροὺς
832 3306 1059 3376 Μάγους
1093 3305 1342 3360 καλέσσω

522 3403 646 3457 Ὅτι
673 3403 712 3434 ³⁸
743 3401 926 3455 πίστιν
951 3394 1110 3476 εὗρον
1139 3395 1286 3456 οὗτοι

530 3492 708 3566 ’Ῑερὴν
734 3493 905 3548 ὲθνῶν
932 3492 1040 3564 πρό
1069 3493 1310 3548 πάντων.

599 3585 794 3656 Ίερείς
821 3584 878 3638 δὲ
909 3584 1106 3639 θᾶττον
1133 3581 1288 3637 εἶπον
1309 3601 1324 3616 ο

529 3675 641 3731 Ἑνὶ
666 3676 918 3749 Βηθλεὲμ
953 3677 1182 3748 πολίχνῃ

409 3769 482 3825 45
518 3771 754 3842 Μερίδος
786 3769 990 3840 κλυτῆς
1034 3769 1206 3823 Ἰούδα
1237 3786 1252 3800 ⁸

520 3863 653 3916 Τόδε
677 3864 788 3934 γάρ
815 3861 1020 3934 γράφει
1047 3862 1358 3933 προφήτης.

588 3954 852 4026 Κρυφίως
874 3953 919 4008 δ’
940 3951 1077 4018 ἄναξ
1099 3951 1302 4022 ἀλήτης
1331 3951 1467 4022 (25),

517 4047 651 4102 Τότε
680 4047 804 4111 τοὺς
836 4046 1062 4116 Μάγους
1092 4045 1389 4112 καλέσσας,

517 4140 706 4195 Μάθεν
734 4139 984 4210 ἀτρεκῶς
1022 4139 1160 4211 πρὸς
1189 4137 1372 4192 αὐτῶν

413 4231 482 4288 50
519 4233 726 4302 Χρόνον
753 4231 982 4304 ἀστέρος
1007 4231 1292 4300 φανέντος.

590 4324 728 4394 Λέγε
762 4323 818 4376 δέ
850 4340 1003 4394 σφισι
1033 4322 1309 4394 δολόφρων

529 4417 653 4471 Ἐπὶ
691 4416 942 4489 Βηθλεὲμ
963 4415 1305 4488 προπέμπων
1325 4429 1340 4445 ο

517 4511 766 4584 Ταχέως,
807 4508 974 4581 φίλοι,
1012 4511 1268 4562 σκοπεῖτε

519 4603 653 4675 Περὶ
674 4603 768 4658 τοῦ
800 4602 1031 4675 βρέφους
1067 4601 1255 4665 ἰόντες.

412 4698 482 4756 55
586 4697 744 4753 Μετὰ
763 4697 862 4764 τὴν
893 4694 1024 4749 θέαν
1053 4695 1109 4748 δὲ
1139 4695 1355 4759 πάντως

463 4785 470 4798 ”
513 4785 875 4864 Φανερώσατε
912 4788 1214 4862 προθύμως

2302 443 2478 504 Filius
2505 456 2626 504 erat
2653 449 2931 522 Antipatri

2227 537 2332 603 Qui
2363 547 2478 595 tum
2512 541 2759 599 Hebraeis
2791 545 3120 615 imperabat,

2229 629 2444 702 Quique
2473 648 2540 688 ex
2574 634 2846 691 Ascalone
2875 652 3131 708 egressus

2228 721 2430 778 Prmter
2457 725 2604 797 leges
2637 730 2926 799 regnabat.

2295 816 2643 878 Festinantes
2677 831 2810 880 tunc
2844 823 3172 893 prodierunt

2227 909 2386 967 Unde
2414 915 2495 968 sol
2531 915 2793 984 praelucet
2823 917 3032 983 oriens,

2225 1003 2292 1058 Et
2323 1003 2626 1064 Jerusalem
2662 1020 2795 1066 sunt
2829 1011 3065 1081 ingressi

2223 1093 2682 1152 Praestantissimi
2716 1097 3017 1170 Magorum.

2293 1185 2376 1240 Ad
2401 1187 2683 1243 Christum
2704 1167 2899 1244 recens
2919 1199 3134 1256 natum,
3153 1167 3311 1246 donis
3333 1191 3598 1264 acceptis,

2226 1278 2453 1334 Stellam
2485 1296 2611 1335 cum
2647 1281 2819 1352 Magis
2846 1283 2998 1338 orbis
3027 1294 3312 1355 sequatur.

2294 1372 2374 1428 Ad
2409 1372 2690 1430 Christum
2721 1389 2868 1430 nunc
2895 1391 3087 1431 omnes

2222 1461 2346 1518 Una
2376 1478 2502 1517 cum
2539 1463 2710 1536 Magis
2739 1481 3122 1536 properamus,

2218 1553 2427 1610 Novam
2461 1541 2678 1613 stellam
2708 1558 3008 1615 intuentes.

2290 1648 2559 1704 Dicebant
2586 1659 2770 1706 autem
2803 1653 3016 1708 civibus
3049 1673 3059 1707 :

2223 1741 2460 1797 Ubinam
2493 1753 2601 1810 est,
2633 1760 2665 1798 ο
2692 1745 2864 1808 cives,

2219 1832 2333 1889 Rex
2367 1836 2460 1906 qui
2498 1851 2675 1906 nuper
2708 1845 2872 1892 natus
2901 1846 2986 1894 est

2220 1926 2262 1980 E
2291 1936 2480 1982 sancta
2512 1927 2668 1984 Iudae
2696 1929 2908 2000 stirpe?

2291 2021 2349 2074 ln
2383 2035 2542 2076 sacra
2573 2023 2718 2077 enim
2751 2025 2971 2081 nutrice

2217 2111 2354 2181 Ejus
2385 2113 2600 2169 stellam
2636 2115 3018 2188 inspicientes,

2217 2205 2500 2276 Tanquam
2533 2208 2677 2264 servi
2709 2209 3034 2280 obsequium
3066 2211 3118 2267 ei

2218 2294 2483 2351 Sanctum
2515 2298 2771 2356 venimus
2806 2300 3070 2358 oblaturi.

2285 2387 2358 2442 At
2388 2386 2662 2444 furiosum
2693 2390 2936 2461 regionis
2971 2407 3177 2464 regem,

2212 2477 2405 2535 Omnia
2437 2479 2718 2553 Magorum
2748 2483 3029 2549 edoctum,

2213 2570 2444 2629 Civibus
2477 2590 2586 2629 una
2617 2590 2742 2630 cum
2781 2578 3040 2646 pessimis

2213 2661 2387 2718 Atrox
2422 2667 2762 2734 perturbatio
2801 2668 3060 2726 habebat.

2285 2755 2354 2810 Et
2392 2756 2594 2814 divinae
2633 2758 2932 2832 Scriptura;
2970 2763 3294 2822 doctoribus

2212 2847 2350 2904 Cum
2384 2849 2770 2907 sacerdotibus
2801 2857 3142 2921 convocatis,

2211 2934 2504 3000 Quaerebat
2541 2939 2633 2993 ubi
2669 2939 2924 2997 Christus

2212 3025 2388 3085 Natus
2420 3038 2571 3087 esset
2605 3033 2961 3091 hnmanatus.

2285 3119 2618 3179 Praestantes
2651 3123 2837 3197 Magos
2869 3125 3060 3182 beatos
3088 3127 3290 3195 dicam,

2213 3212 2352 3280 Quia
2383 3215 2544 3272 ﬁdem
2575 3224 2705 3273 ante
2733 3232 2924 3274 omnes
2949 3228 3143 3290 gentes
3168 3230 3296 3276 sunt
3323 3223 3583 3294 amplexi.

2285 3305 2524 3365 Sanctos
2555 3310 2733 3366 dicam
2766 3310 2953 3384 Magos

2213 3395 2352 3464 Quia
2382 3399 2544 3456 tidem
2580 3401 2632 3456 hi
2670 3403 3002 3459 invenerunt

2212 3489 2472 3546 Sanctam
2503 3501 2631 3549 ante
2663 3509 2860 3552 omnes
2889 3505 3100 3566 gentes.

2281 3581 2614 3643 Sacerdotes
2653 3588 2836 3643 statim
2873 3587 3327 3660 responderunt:

2208 3675 2268 3729 In
2299 3676 2576 3734 Bethleem
2609 3680 2872 3750 oppidulo

2210 3766 2414 3824 Tribus
2450 3769 2667 3842 inclyta:
2697 3770 2871 3837 Judae,

2206 3862 2286 3914 Ita
2322 3863 2470 3918 enim
2511 3864 2704 3918 scribit
2733 3863 3022 3934 propheta.

2278 3951 2432 4006 Clam
2465 3963 2647 4008 autem
2684 3969 2777 4009 rex
2805 3955 2976 4022 vafer,

2207 4040 2348 4097 Tum
2381 4043 2553 4116 Magis
2582 4046 2884 4112 advocatis,

2208 4133 2473 4200 Quaesivit
2505 4145 2767 4193 accurate
2799 4137 2870 4193 ab
2901 4139 3013 4197 illis

2207 4223 2451 4297 Tempus
2477 4243 2588 4297 quo
2622 4229 2780 4284 stella
2813 4231 3090 4300 apparuit.

2276 4319 2503 4376 Dicebat
2534 4321 2681 4376 enim
2717 4321 2874 4379 dolos
2913 4324 3186 4384 meditans

2207 4411 2287 4467 Ad
2319 4412 2600 4468 Bethleem
2635 4431 2722 4469 eos
2753 4417 3115 4486 praemittens,

2204 4501 2346 4570 Cito,
2373 4504 2576 4570 dilecti,
2609 4509 2838 4575 quaerite

2212 4593 2288 4652 De
2322 4610 2493 4666 Puero
2516 4596 2768 4666 profecti.

2280 4709 2358 4764 Eo
2384 4716 2564 4764 autem
2593 4709 2734 4775 viso,
2763 4691 2989 4780 prorsus

2207 4796 2292 4852 Me
2327 4796 2519 4852 sedulo
2549 4797 2838 4852 certiorem
2871 4797 3058 4868 facite,

1655 4952 1888 5010 VARIE
1928 4953 2335 5012 LECTIONES.

414 5072 466 5142 ιι·
495 5069 669 5126 (ξοδδ,
714 5069 844 5140 δπη,
885 5065 1170 5142 emendavi
1226 5066 1352 5142 ὅτι.-
1381 5064 1776 5142 Nam_praatcr
1816 5085 1982 5142 quam
2031 5068 2176 5140 quod
2232 5082 2450 5142 versum
2492 5065 2891 5142 claudicantem
2931 5072 3187 5142 haberes,
3227 5078 3274 5131 si
3311 5079 3563 5135 codicum

303 5141 595 5199 lectionem
635 5135 856 5196 servare
881 5139 1069 5203 velles,
1126 5135 1450 5191 voeabulnm
1500 5137 1699 5192 οὕνεκα
1751 5135 1901 5195 nullo

301 5227 497 5270 versus
523 5213 761 5283 impares
782 5222 879 5280 per
907 5209 1013 5263 tria
1074 5207 1361 5276 sequentia
1396 5208 1795 5264 Anacreontica
1827 5210 1934 5266 title

1973 5138 2164 5196 rorsus
2216 5138 2380 5193 modo
2425 5138 2774 5210 interpretari
2814 5151 2972 5212 potes
3010 5145 3140 5216 ὅπη.
3173 5138 3428 5213 Ἑιεηίηι,
3456 5151 3566 5205 duo

1979 5220 2062 5268 ter
2091 5217 2466 5280 exponuntur.

1562 5349 1618 5407 P.
1660 5351 2070 5410 MATRANGAE
2109 5352 2346 5410 NOTE.

365 5445 727 5522 -(2_1)__Quihus
750 5445 960 5503 artibus
990 5443 1236 5522 Herodes
1258 5447 1592 5522 Ascalonita,
1649 5448 1887 5522 infandae
1990 5450 2471 5522 uberrimarcgio.

301 5518 649 5589 crudelitatis
675 5526 980 5572 monstrum
1009 5519 1555 5589 teterrimum.napit
1600 5520 1727 5584 τοὺς
1791 5521 1884 5572 v6-

2058 5521 2174 5603 {25)
2217 5520 2446 5603 Ἀλήτης
2466 5537 2606 5585 erro,
2642 5537 2824 5603 vagus,
2861 5520 3082 5603 preprie
3126 5520 3340 5603 denhis
3363 5520 3569 5603 dicitur

304 5606 440 5662 μους
461 5586 764 5662 Jerusalem
794 5603 961 5662 regno
992 5589 1198 5662 potitus
1250 5588 1444 5662 tuerit,
1472 5586 1709 5650 consule
1759 5606 1886 5662 qua:
1989 5592 2081 5662 qui
2118 5586 2662 5662 prOprios'penates
2707 5586 3114 5662 relinquentes,
3175 5591 3283 5662 alio
3335 5591 3565 5662 commi-

305 5657 526 5728 Seripsit
561 5657 790 5730 Joseph.
819 5657 872 5712 in
907 5659 1085 5728 Antiq.
1148 5658 1370 5713 Judaic.
1394 5661 1432 5713 Ι.
1493 5677 1608 5726 xtv,
1637 5676 1691 5716 c.
1743 5657 1796 5716 8⁷
1829 5669 1885 5716 et
1988 5657 2148 5732 grant
2177 5657 2252 5716 rei
2289 5657 2549 5716 facienda!
2593 5677 2782 5720 causa.
2826 5657 2888 5732 ut
2917 5660 3019 5715 fuit
3046 5660 3322 5730 Herodes;
3354 5661 3440 5732 hic
3461 5669 3568 5715 ‘ta-

307 5745 457 5796 seqq.

373 5799 487 5872 (2'2)
547 5799 728 5873 Ζαθέῃ
793 5799 903 5871 γὰρ
956 5799 1012 5854 ἐν
1074 5799 1285 5871 τιθήνῃ.
1331 5797 1515 5856 Persis
1586 5799 1880 5870 indicatur,

1995 5730 2120 5786 inen
2152 5733 2367 5787 mallem
2394 5733 2621 5788 reddere
2669 5731 2983 5799 sollicitum,
3027 5733 3270 5796 anxium,
3325 5730 3567 5788 seducto-

1986 5817 2116 5858 rem.
