2018 3118
189 153 261 187 3743
634 156 665 188 S.
686 156 894 187 SOPHRONII
905 158 986 188 PATl

1034 157 1159 188 manus
1178 158 1382 188 HIEROSOL.
1756 146 1831 192 3m

331 213 409 248 Vere,
423 213 561 246 dicebant,
579 215 706 250 apparuit
995 218 1019 247 Α

995 218 1019 247 Α
1175 216 1270 251 ’Ύπαρ
1286 215 1419 250 ηὑλόγουν
1435 214 1511 250 (15)*
1529 214 1648 251 φαάνθη,

296 260 388 287 Gloria
403 260 431 287 in
444 260 522 287 caelis
534 261 572 288 sit
584 262 722 298 regnanti,

1140 262 1227 294 Κλέος
1241 263 1270 289 ὲν
1288 262 1363 297 πόλῳ
1378 260 1533 297 κρατοῦντι,

300 305 333 333 Et
349 306 375 333 in
392 312 466 333 terra
481 314 532 341 pax
548 307 662 334 omnino

1145 306 1208 333 'Enl.
1226 308 1279 342 γῆς
1293 306 1353 333 ὅλον
1367 306 1473 343 γαλήνη

295 350 436 379 Voluntati
452 351 564 379 humani
581 353 702 387 generis.
1069 353 1092 380 Il

1069 352 1121 380 I00
1140 353 1238 388 Γενεῆς
1246 352 1364 388 ’βροτῶν
1381 352 1502 387 θελήσει.

331 398 453 433 Angelici
466 398 606 426 exercitus
621 399 754 434 hymnum
769 403 864 433 canto,

1180 398 1345 434 Ἀγγελικῆς
1358 400 1488 436 στρατιῆς
1502 399 1588 435 ὕμνον
1606 399 1700 434 ἀείδω,

296 443 430 471 Dominici
448 444 546 472 natalis
562 444 728 472 miraculum
744 452 873 473 veneror.

1139 445 1313 473 Δεσποτικῶν
1329 446 1448 473 τοκετῶν
1459 446 1553 482 Θαῦμα
1566 445 1701 482 γεραίρω.

278 513 281 516 .
330 489 436 517 Natalis
453 489 500 518 Dei
518 491 681 518 miraculum

1174 491 1301 518 Τοκετῶν
1314 491 1382 518 Θεοῦ
1397 492 1429 519 τὸ
1449 492 1542 528 θαῦμα

302 538 407 573 Jugiter
422 542 581 570 veneratus,
765 562 767 564 .

765 562 767 564 .
1139 538 1273 572 Μεγάλως
1290 539 1334 565 ἀεὶ
1347 539 1495 574 γεραίρων,

297 584 381 612 Melos
395 583 555 618 angelorum
571 591 652 613 cano.
1070 583 1094 610 Il

1070 582 1122 610 105
1139 583 1229 615 Μέλος
1242 583 1367 618 ἀγγέλων
1381 583 1507 618 λιγαίνω.

330 630 380 658 Ast
393 629 502 664 vigilias
519 629 678 664 pastoribus

1174 629 1300 665 Φυλακὴν
1312 630 1334 657 δ’
1347 630 1408 657 ἐκεῖ
1419 629 1549 665 νομεῦσιν

296 675 370 703 Inter
384 682 481 710 greges
497 674 535 701 ibi
550 675 707 710 agentibus,

1146 676 1209 703 Ἐπὶ
1222 676 1360 710 ποιμνίοις
1378 676 1503 704 ποιοῦσιν
1519 676 1541 693 ¹⁸

297 721 382 748 Noctu
388 727 438 748 rno
454 723 549 748 astans
567 724 701 757 tempore,

1139 722 1235 757 Νυχίῳ
1250 722 1340 758 χρόνῳ
1354 722 1504 758 παραστὰς¹

300 768 373 795 Dixit
389 767 502 802 angelus
518 766 564 794 Dei
580 776 588 794 :

1141 768 1230 802 Δέγεν
1245 768 1362 803 ἄγγελος
1374 769 1451 795 Θεοῖο
1464 768 1522 805 (16)
1534 775 1542 785 ⁸

332 814 468 842 Gaudium
484 813 648 842 mortalibus
663 814 816 849 annuntio,
1072 812 1123 841 ΗΟ

730 814 816 849 mtio,
1072 812 1123 841 ΗΟ
1179 813 1268 849 Χάριν
1280 813 1367 849 ἑξερῶ
1382 814 1527 850 βροτοῖσιν,

296 859 397 887 l‘rocul
414 859 505 886 omnis
520 862 581 886 esto
597 859 690 892 timor,

1148 859 1272 895 Ἀφόὸως
1283 859 1379 887 κλύειν
1388 860 1504 893 κελεύω,

297 906 415 938 Audite;
431 904 559 933 Christus
576 912 665 940 nuper
998 895 1021 925 Β

998 895 1021 925 Β
1142 907 1204 934 Ὀτι
1217 906 1337 941 Χριστὸς
1350 906 1520 942 ὕμμινᾶρτι-

298 950 384 979 Vobis
400 954 483 977 natus
499 954 543 978 est
559 951 585 977 in
601 951 741 979 Bethleem

692 958 741 979 rem
1146 952 1202 979 ‘Evi.
1221 952 1346 988 Βηθλεὲμ
1362 952 1489 988 λοχεύθη.

333 996 477 1024 Manantes
492 996 604 1025 sudoris
618 998 735 1033 guttulis

1175 998 1300 1026 Ψεκάσιν
1318 999 1426 1034 ῥέοντες
1437 998 1542 1035 ὕμϐρου
1556 998 1612 1035 (17)

297 1041 338 1069 0b
354 1050 479 1077 gressum
496 1042 678 1074 concitatum,
1071 1045 1094 1072 Il

1071 1045 1123 1073 “5
1147 1044 1213 1071 Ἀπὸ
1229 1045 1355 1073 συντόνου
1371 1045 1495 1081 παρείης,

298 1087 403 1115 Linteis
423 1087 451 1114 in
472 1095 593 1122 praesepe
609 1092 735 1122 opertum
911 1118 919 1125 ,

911 1118 919 1125 ,
1147 1091 1271 1121 Ὀθόναις
1285 1091 1373 1127 φάτνῃ
1390 1091 1545 1118 σκεπασθὲν

297 1133 447 1168 Aspicietis
464 1133 588 1161 divinum
607 1135 763 1168 parvulum.

721 1141 763 1161 im.
1140 1137 1259 1164 Βλέπετε
1276 1137 1377 1174 βρέφος
1392 1138 1424 1165 τὸ
1437 1138 1518 1165 θεῖον.

333 1179 455 1207 Desertis
470 1180 610 1207 montibus
627 1181 743 1214 relictis,

739 1201 743 1214 ,
1175 1183 1267 1211 Ψεδνὰ
1279 1184 1302 1210 δ’
1317 1183 1356 1215 ὼς
1370 1184 1421 1219 ὅρη
1434 1184 1536 1219 νομῆες

296 1224 427 1253 Pastores
444 1226 499 1253 cito
518 1226 698 1255 decurrentes

1142 1229 1239 1263 Λίπον,
1256 1229 1356 1262 εὐθέως
1368 1230 1520 1265 δραμόντες

301 1271 436 1298 Infantem
453 1272 480 1299 in
496 1275 576 1299 antro
592 1272 723 1300 invenere
1073 1276 1098 1304 Ii

1073 1276 1123 1304 I20
1143 1276 1179 1302 Τὺ
1195 1275 1295 1312 βρέφος
1310 1277 1371 1303 κατ’
1390 1275 1489 1312 ἄντρον
1505 1272 1587 1313 εὖρον

298 1319 366 1345 Cum
383 1317 467 1345 Maria
484 1317 635 1346 Geuitrice.

1142 1321 1237 1357 Μαρίῃ
1254 1322 1334 1349 συνὸν
1353 1321 1481 1358 τεκούσῃ.

338 1364 447 1392 Sanctis
461 1364 553 1392 ovium
570 1365 728 1400 pastoribus
741 1366 891 1394 consociati

1185 1367 1284 1399 Ὁσίοις
1298 1366 1464 1402 μηλονόμοις
1480 1367 1621 1403 σύνδρομα
1636 1367 1741 1403 βαίνειν
1753 1368 1811 1404 (l8)

299 1411 441 1439 Festinate
456 1411 491 1438 ad
506 1418 637 1446 praesepe,
653 1412 725 1447 quod
742 1411 825 1439 Deum
840 1412 959 1448 excepit.

918 1412 959 1440 iit.
1150 1413 1211 1440 Ἐπὶ
1226 1412 1276 1448 τὴν
1292 1412 1427 1448 θειοδόχον
1445 1413 1585 1442 σπεύσατι
1600 1414 1715 1449 φάτνην.

337 1457 448 1485 Sanctis
464 1465 518 1485 una
536 1465 599 1485 cum
616 1459 772 1492 pastoribus

705 1459 772 1486 'ibus
1184 1459 1278 1493 Ἰεροῖς
1292 1458 1360 1493 ὁμοῦ
1374 1458 1502 1493 νομεῦσιν

300 1505 341 1532 Ad
357 1508 481 1538 antrum,
499 1504 546 1532 Dei
564 1504 747 1532 diversorium
812 1511 814 1513 '
1075 1505 1097 1533 ιε

677 1505 747 1532 rium
812 1511 814 1513 ’
1075 1505 1126 1533 125
1144 1505 1232 1537 Σπέος
1244 1505 1273 1536 ὲς
1288 1504 1355 1532 Θεοῦ
1368 1505 1472 1541 δοχεῖον

303 1551 434 1578 Sanctum
451 1557 549 1578 omnes
567 1550 708 1578 festinate.
1000 1566 1023 1597 α

1000 1566 1023 1597 c
1150 1553 1245 1588 ’Δγιον
1263 1552 1388 1588 τρέχοιτε
1400 1552 1512 1585 πάντες.

333 1595 378 1623 Ill.
393 1610 428 1616 —
441 1595 475 1622 In
491 1595 633 1629 Magorum
650 1595 844 1623 adorationem.
1008 1595 1015 1597 V
1098 1601 1130 1628 rh

1008 1595 1015 1597 V
1098 1601 1135 1628 Γ,
1152 1615 1187 1620 —
1202 1599 1252 1632 Εἰς
1267 1598 1324 1633 τὴν
1334 1598 1394 1625 τῶν
1409 1598 1519 1632 Μάγων
1541 1599 1765 1635 προσκύνησιν.

339 1641 481 1669 Justorum
499 1641 640 1677 Magorum
1066 1665 1071 1668 .

1066 1665 1071 1668 .
1186 1645 1310 1679 Ἀγαθῶν
1324 1645 1427 1677 Μάγων
1441 1644 1550 1672 δικαίων

306 1688 358 1714 lter
371 1687 445 1722 pium
460 1694 540 1719 cauo,

1146 1689 1252 1724 Δρόμον
1267 1689 1364 1723 εὐσεϐῆ
1385 1688 1510 1723 λιγαίνω,

303 1733 401 1769 Lyram
417 1733 490 1760 enim
507 1740 593 1760 meam
612 1732 736 1760 excitant

715 1735 736 1759 It
1148 1735 1208 1761 ’ὐτι
1227 1743 1276 1769 μου
1289 1734 1374 1770 λύρην
1391 1735 1512 1762 δονοῦσιν

303 1782 324 1808 Ε
340 1780 454 1809 Perside
470 1780 599 1815 profecti.

1154 1780 1219 1807 Ἀπὸ
1233 1780 1363 1815 Περσίδος
1379 1780 1507 1815 μολόντες
1523 1781 1580 1817 (I9)

340 1825 433 1853 Infans
449 1825 586 1860 siquidem
603 1824 703 1853 unicus
719 1828 799 1853 natus
814 1830 856 1853 est
1112 1828 1130 1855 5

760 1833 799 1853 .tts
814 1830 856 1853 est
1112 1828 1130 1855 5
1184 1827 1288 1862 Βρέφος
1305 1827 1328 1852 εἱ
1346 1826 1427 1861 μόνον
1444 1827 1557 1863 λοχεύοη

303 1873 405 1905 Mariae,
421 1879 469 1900 rex
483 1872 619 1905 omnium,

1147 1872 1258 1907 Μαρίης
1271 1871 1338 1905 ἄναξ
1352 1872 1482 1899 ἁπάντων

305 1919 332 1946 In
347 1918 484 1946 Bethleem
500 1918 621 1945 maxima

1154 1919 1211 1945 Ἑνὶ
1229 1918 1354 1954 Βηθλεὲμ
1367 1918 1422 1953 (20)
1438 1918 1558 1955 μεγίστῃ

306 1965 380 1993 Urbe
392 1965 478 2000 prolis
491 1964 579 1992 Iudae.

1150 1964 1230 1991 Πόλει
1247 1964 1352 1999 σπορᾶς
1371 1963 1465 1992 Ἰούδα.

847 2042 965 2071 VARUS
985 2042 1191 2071 LECTIONES.

238 2103 260 2119 ι·
275 2102 350 2130 Metri
366 2101 582 2139 gratiayerbum
608 2099 690 2131 ποιῶ,
707 2099 752 2127 ubi
772 2101 890 2135 priorem
906 2101 1049 2139 syllabam
1066 2100 1304 2139 poetaecorripere
1326 2100 1471 2139 volebant,
1486 2107 1682 2139 amanuenses,
1697 2102 1729 2139 ni
1743 2102 1834 2139 fallor,

199 2139 335 2174 Scripsere
348 2135 416 2164 ποῶ.
446 2135 512 2174 Nam
526 2136 648 2174 divinare
664 2143 716 2174 non
732 2143 855 2174 possum,_
870 2143 985 2162 cnrnam
997 2135 1095 2174 __iidein
1112 2135 1335 2174 scriptorequui
1355 2135 1470 2174 primam
1486 2137 1511 2162 in
1532 2135 1831 2174 ggetémcorripuerant;

201 2170 326 2201 cam'dem
343 2179 434 2200 vocem
449 2172 527 2199 aliter
547 2171 650 2205 absque
676 2170 729 2197 ulla
751 2171 916 2198 necessitate
949 2171 1072 2198 scribere
1091 2171 1237 2206 voluerint.
1262 2170 1355 2205 Neque
1378 2178 1421 2198 me
1446 2171 1512 2198 latet
1532 2170 1836 2206 Hesyehinm'notasse

201 2210 277 2236 ποεῖν
291 2215 339 2243 pro
351 2208 446 2243 notati),
462 2211 489 2243 et
503 2207 529 2233 in
549 2206 688 2243 veteribus
698 2206 888 2243 Aristophanis
917 2206 1089 2243 editiouibus
1108 2205 1266 2243 frequenter
1293 2213 1437 2243 occurrere
1462 2205 1531 2235 ποῶ.
1550 2205 1705 2243 militeth
1721 2212 1748 2235 et
1761 2207 1833 2236 idem

202 2241 350 2271 adnotasse
367 2241 540 2277 Eustathium
556 2241 706 2277 metuiniin
734 2241 851 2277 quodam
868 2248 950 2276 opere
972 2241 1061 2277 adhuc
1083 2241 1197 2277 inedito.
1220 2241 1302 2269 Henr.
1330 2241 1485 2277 Stephanus
1509 2246 1600 2277 tamen
1613 2241 1773 2277 Etymologo
1792 2243 1834 2271 di-

202 2279 274 2305 centi
290 2278 360 2304 hanc
379 2284 440 2304 esse
453 2276 566 2304 formam
590 2275 718 2312 Atticam,
737 2275 808 2302 haud
831 2275 948 2312 libenter
974 2276 1053 2303 fidem
1071 2276 1202 2312 adhibet.7
1223 2277 1303 2308 Nam.
1323 2280 1354 2303 ut
1371 2275 1429 2312 ipse
1443 2276 1609 2309 observavit,
1622 2275 1679 2304 haec
1698 2275 1834 2312 scriptura

202 2321 258 2343 non
284 2317 325 2340 est
345 2313 510 2343 necessaria,
534 2318 595 2338 cum
615 2311 746 2346 syllabam
765 2319 810 2337 ποι
832 2311 934 2344 alioqui
961 2316 1113 2339 correctam
1134 2311 1203 2346 apud
1237 2316 1364 2339 auctores
1381 2311 1534 2344 videmnus,
1559 2315 1589 2338 ut
1610 2311 1638 2338 in
1659 2311 1712 2339 line
1738 2311 1836 2342 versus

202 2348 286 2384 ἄνδρα
302 2346 414 2384 ποιητήν
429 2346 532 2384 etc._Et
542 2345 910 2384 memini_varia_hujusinodj
924 2347 1048 2384 exempla
1063 2346 1192 2384 exhibere
1200 2345 1462 2384 Theocrit_um._D_uo
1475 2351 1578 2384 tamen.
1595 2354 1657 2384 quae
1672 2347 1702 2384 in7
1715 2354 1833 2384 ruentem

202 2379 326 2414 veniunt,
343 2379 495 2409 lt'ic'lectori
514 2388 637 2415 propono
650 2379 721 2418 Idyl.
733 2380 760 2413 3,
812 2380 839 2418 97,
851 2382 877 2408 in
896 2381 915 2409 f.
932 2379 1108 2418 ἀπάγξασθαί
1122 2390 1155 2416 με
1169 2381 1302 2418 ποιήσεις.
1318 2381 1350 2408 Et
1364 2381 1439 2418 ldyl.
1457 2390 1484 2414 it,
1497 2389 1523 2408 ν.
1542 2380 1589 2408 58.
1602 2381 1641 2408 Ἦ
1658 2382 1744 2414 καλὰς
1760 2383 1836 2418 ἄμμι

203 2417 297 2449 ποιῶν,
315 2419 350 2445 ita
377 2421 511 2444 accurat-ae
524 2419 557 2452 7et
574 2416 740 2443 recentiores
764 2416 910 2448 editiones,
933 2416 979 2444 ubi
997 2417 1138 2452 legebatur
1165 2416 1250 2444 ποῶν.
1268 2416 1326 2444 Hoc
1343 2417 1478 2445 monitum
1492 2420 1520 2444 et.
1538 2418 1718 2451 sequentibus
1745 2416 1836 2447 verbis

206 2452 242 2479 ita
253 2454 374 2488 scriptis,
388 2459 449 2486 quae
459 2450 532 2478 haud
544 2457 606 2478 raro
621 2455 781 2483 occurrunt,
796 2451 939 2479 inserviat.

822 2529 853 2557 P.
875 2529 1081 2557 MATRANGIE
1097 2529 1214 2558 NOTAE.

241 2591 296 2628 (15)
310 2591 407 2628 Ὕπαρ
432 2589 581 2624 ηὺλόγουν,
604 2589 630 2617 id
658 2595 699 2617 est
723 2598 792 2623 cere,
816 2591 927 2617 realiter
955 2591 986 2617 οὺ
1005 2592 1026 2619 ι)
1043 2590 1102 2628 ρίας
1131 2591 1308 2628 σταλάζοντες
1337 2590 1438 2626 ἱδρῶτα
1452 2590 1530 2626 δίκην
1553 2589 1679 2625 ὄμϐρου,
1695 2590 1836 2625 εὑρήσετε,

203 2626 249 2656 διὰ
258 2626 419 2656 φαντασίας.
1041 2627 1089 2653 καὶ
1103 2635 1129 2653 τ.
1144 2627 1169 2653 λ.

243 2636 518 2699 l(Ifii'i‘ririi‘iflxl‘gceireiter
545 2660 684 2699 passibus
697 2668 711 2687 a
727 2660 863 2699 Bethleem
877 2661 988 2699 _abera_t
1041 2636 1309 2697 καξ1ἒ”)Λξύνδρομα
1347 2660 1450 2697 βαίνειν
1467 2680 1474 2693 ,
1491 2660 1519 2688 id
1543 2665 1586 2688 est
1617 2659 1834 2694 συνοδοιποροῦν-

206 2695 295 2729 locus;
311 2696 383 2723 Λαίαν
400 2700 525 2727 vocatus.
541 2695 586 2722 ubi
609 2695 721 2731 angelus
750 2696 900 2723 Salvatoris
922 2696 993 2723 nati-
1044 2705 1099 2728 τες.

205 2735 317 2761 vitalem
330 2731 466 2758 nuntiavit
483 2729 656 2766 pastoribusi
668 2738 736 2765 quos
767 2736 821 2758 tres
837 2731 921 2758 fuisse
938 2736 994 2757 tra-
1083 2732 1139 2766 (l9)
1156 2732 1199 2760 Cf.
1215 2731 1315 2760 Baron.
1329 2731 1380 2759 Αιι.
1394 2735 1415 2759 ι.
1431 2730 1452 2763 1,
1466 2731 1500 2758 de
1509 2729 1651 2766 Magorum
1668 2736 1778 2765 genere.
1791 2737 1834 2757 eo-

206 2769 246 2796 dit
264 2767 335 2794 Beda
350 2766 384 2793 de
400 2767 469 2794 locis
488 2766 646 2802 7sanctis77l.
662 2774 692 2800 ιι,
712 2774 736 2793 c.
752 2766 778 2802 β,
792 2773 926 2802 quorum
943 2766 996 2793 tria
1049 2775 1165 2802 rumque
1181 2767 1301 2802 regione.

209 2806 386 2830 monumenta
413 2801 509 2830 invisit
532 2800 661 2829 Arculfus
690 2800 761 2836 apud
788 2799 903 2828 Adamn.
921 2801 940 2829 1.
965 2808 996 2833 ιι,
1087 2799 1144 2837 (20)
1158 2799 1333 2837 Bethleemin
1349 2800 1512 2835 praecedenti
1532 2800 1586 2828 ode
1612 2799 1725 2835 πολίχνη
1743 2799 1837 2837 appel-

210 2842 235 2865 c.
258 2838 283 2865 5.
473 2871 476 2872 7
553 2870 562 2872 77
649 2871 652 2872 7
702 2835 715 2872 ξ
832 2871 837 2872 7
914 2871 918 2872 7
1054 2835 1188 2872 lal‘a,'ob
1221 2836 1478 2872 Christum7i7n7ea
1520 2838 1615 2872 natum
1655 2843 1727 2862 nunc
1761 2835 1839 2872 μεγιρ

247 2873 303 2907 (17)
328 2872 437 2914 Ἔννοια
469 2871 497 2899 δὲ
532 2870 602 2906 αὕτη
623 2874 629 2882 ‘
649 2871 715 2899 ’.ὶπδ
749 2871 862 2907 ταχινῆς
896 2871 1001 2898 660nm-
1058 2870 1117 2907 στη’
1140 2873 1246 2905 evasit,
1272 2871 1349 2907 juxta
1377 2871 1496 2899 Minima:
1520 2870 1681 2898 vaticinium
1708 2878 1733 2897 (ξ.
1752 2878 1778 2903 ν,
1796 2870 1823 2897 ‘2.
