4036 6236
323 343 462 408 m5
570 383 577 391 η
1564 301 1566 304 ’
1651 332 2250 399 ANACREONTICA.
3460 349 3606 416 3746

601 456 764 520 Γόνος
795 455 955 508 ἔσκεν
1008 450 1368 525 Ἀντιπάτρου
1407 447 1522 521 (2|)

445 549 506 606 l0
553 548 612 604 Ὀ
643 549 766 602 τότε
798 544 1019 618 κρατῶν
1059 545 1352 616 Ἐϐραίων,

545 641 638 706 Ὃς
662 641 757 695 ἀπ’
803 639 1070 693 Ἀσκάλου
1103 635 1384 709 προελθὼν

538 733 698 806 Παρὰ
737 734 860 796 τοὺς
890 733 1092 802 νόμους
1126 729 1380 786 ἀνάσσει.

607 826 849 896 Δρομέες
878 825 1004 880 τότε
1028 823 1300 896 προῆλθον

535 917 699 973 Ὅθεν
718 919 870 991 ἣλιος
904 917 1248 989 προλάμπει,

429 1008 497 1063 15
545 1009 904 1082 Ἰερουσαλὴμ
933 1010 980 1064 δ’
1007 1008 1239 1080 ἐσῆλθον

535 1101 773 1170 Λογάδες
804 1104 1013 1173 Μάγων
1041 1101 1376 1171 κρατίστων.

602 1192 848 1265 Χριστὸν,
870 1195 927 1256 ἐς
959 1193 1220 1263 ἀρτιγενῆ
1251 1192 1404 1264 δῶρα
1432 1191 1714 1259 λαϐόντες,

543 1285 757 1357 Ἀστέρι
791 1285 890 1339 σύν
913 1302 972 1338 τε
1001 1286 1216 1354 Μάγοις
1245 1285 1452 1356 κόσμος
1478 1284 1722 1340 ἑπέσθω.

614 1377 740 1431 Ἐπὶ
764 1378 1002 1449 Χριστὸν
1024 1379 1150 1450 ἄρτι
1179 1379 1380 1441 πάντες

423 1468 496 1523 20
529 1471 680 1541 Ἀμα
707 1474 821 1534 τοῖς
849 1472 1069 1541 Μάγοις
1095 1469 1418 1543 δραμοῦμεν

529 1561 670 1616 Νέον
707 1562 917 1634 ἀστέρα
948 1563 1302 1626 σκοποῦντες.

600 1655 826 1724 Ἔλεγον
857 1655 912 1708 δὲ
945 1655 1087 1727 πρὸς
1111 1653 1365 1720 πολίτας’

531 1747 674 1817 Ἀρα
701 1747 803 1800 ποῦ
834 1745 1008 1812 πέλει,
1040 1746 1276 1810 πολῖται.

527 1841 792 1904 Βασιλεὺς
817 1841 844 1892 ὁ
872 1837 968 1893 νῦν
989 1839 1272 1912 λοχευθεὶς

417 1931 490 1988 25
539 1931 713 2004 Ἱερῆς
749 1932 918 1986 Ἰούδα.
944 1932 1151 2005 φύτλης
1178 1950 1194 1999 ;

597 2025 774 2097 Ζαθέῃ
812 2025 928 2098 (22)
959 2028 1070 2096 γὰρ
1099 2026 1156 2077 ἐν
1189 2023 1388 2096 τιθήνῃ

536 2115 658 2170 Ἐὸν
697 2116 904 2186 ἀστέρα
938 2114 1292 2181 σκοποῦντες,

528 2209 660 2261 "Are
689 2209 872 2279 δμῶες
907 2209 1071 2276 ἁγνὸν
1106 2206 1257 2278 αὐτῷ

528 2300 702 2364 Σὲϐας
731 2301 970 2372 ἤλθομεν
1005 2301 1347 2371 προσοίσειν.

425 2390 494 2442 50
602 2393 840 2446 Ζάκοτον
868 2393 914 2447 δ’
945 2392 1161 2447 ἄνακτα
1191 2393 1381 2464 χώρης

528 2483 611 2538 Τὰ
638 2486 848 2555 Μάγων
880 2485 1128 2556 μαθόντα
1161 2485 1342 2540 πάντα

526 2577 768 2641 Nat-Emi;
797 2578 933 2650 ὁμοῦ
974 2579 1267 2642 κακίστοις

527 2669 733 2732 κλόνος
769 2669 964 2740 ἄγριος
993 2669 1283 2741 κατέσχεν.

589 2761 800 2815 Θεῖκῶν
831 2762 1070 2833 Γραφῶν
1097 2762 1152 2816 δὲ
1187 2761 1400 2832 μύστας

420 2853 492 2910 55
540 2853 770 2927 Ἱερεῦσι
811 2854 1193 2923 συγκαλέσσας

535 2947 810 3019 Ἐρέεινεν
849 2949 982 3002 ἔνθα
1014 2949 1252 3020 Χριστὸς

535 3038 918 3094 Ἀποτίκτεται
947 3040 1229 3112 βροτείως.

592 3133 742 3189 Φῦλα
770 3135 978 3202 Μάγων
1011 3133 1296 3206 κρατερῶν
1330 3134 1486 3189 δλϐια
1522 3135 1702 3206 φήσω,
1771 3144 1786 3158 ⁶

524 3225 713 3279 Πίστιν
738 3224 912 3280 ἐθνῶν
932 3215 1038 3291 πρὸ
1053 3221 1188 3277 ὅλων
1215 3223 1413 3278 οὕνεκα
1445 3223 1694 3296 μάρψαν.

415 3316 485 3372 40
606 3315 804 3387 Ἱεροὺς
833 3318 1062 3386 Μάγους
1094 3316 1343 3371 καλέσσω

523 3413 647 3467 Ὅτι
674 3413 713 3444 ¹¹
744 3411 927 3465 πίστιν
952 3405 1112 3486 εὗρον
1140 3405 1286 3466 οὗτοι

530 3503 708 3576 Ἶερὴν
735 3503 906 3558 ὲθνῶν
933 3502 1042 3574 πρὸ
1070 3503 1312 3558 πάντων.

600 3595 794 3666 ἰερείς
822 3595 878 3649 δὲ
910 3595 1106 3648 θᾶττον
1135 3593 1289 3648 εἶπον
1310 3613 1325 3627 ο

530 3685 642 3741 Ἐνὶ
667 3687 920 3759 Βηθλεὲμ
953 3688 1183 3759 πολίχνῃ

409 3779 483 3835 45
519 3781 754 3851 Μερίδος
786 3779 990 3850 κλυτῆς
1035 3779 1206 3834 Ἰούδα
1238 3797 1253 3810 ⁸

520 3873 653 3927 Τόδε
678 3874 788 3944 γὰρ
815 3871 1020 3943 γράφει
1048 3873 1359 3942 προφήτης.

588 3964 854 4036 Κρυφίως
875 3963 920 4018 δ’
941 3961 1078 4028 ἄναξ
1100 3961 1304 4032 ἀλήτης
1333 3961 1468 4032 (25),

518 4057 651 4112 Τότε
681 4057 804 4121 τοὺς
837 4057 1062 4125 Μάγους
1093 4055 1390 4121 καλέσσας,

517 4150 707 4205 Μάθεν
735 4149 984 4220 ἀτρεκῶς
1023 4149 1162 4220 πρὸς
1189 4147 1372 4202 αὐτῶν

412 4241 482 4298 50
519 4243 726 4313 Χρόνον
753 4241 984 4313 ἀστέρος
1007 4241 1293 4310 φανέντος.

589 4335 728 4404 Λέγε
762 4334 818 4386 δέ
851 4350 1004 4404 σφισι
1033 4332 1310 4405 δολόφρων

529 4426 654 4481 Ἐπὶ
691 4425 942 4499 Βηθλεὲμ
963 4426 1306 4497 προπέμπων
1325 4441 1341 4455 ο

517 4520 767 4593 Ταχέως,
808 4519 974 4591 φίλοι,
1012 4521 1268 4572 σκοπεῖτε

520 4613 653 4685 Περὶ
675 4611 768 4668 τοῦ
800 4611 1032 4684 βρέφους
1067 4611 1254 4676 ίὸντες.

413 4708 484 4765 ὕ5
587 4707 744 4763 Μετὰ
764 4707 862 4774 τὴν
894 4704 1024 4759 θέαν
1054 4705 1109 4758 δὲ
1139 4705 1354 4769 πάντως

467 4795 472 4802 ’
514 4793 651 4856 ibam
661 4799 876 4873 ρὼσατε
913 4798 1214 4871 προθύμως

1945 451 1992 509 Α

2305 453 2480 514 Filius
2508 467 2628 515 erat
2655 459 2933 532 Antipatri

2230 548 2336 614 Qui
2365 558 2481 605 tum
2515 552 2762 610 Hebraeis
2794 555 3122 626 imperabat,

2231 640 2446 713 Quique
2476 659 2543 699 ex
2576 644 2848 702 Ascalone
2877 663 3134 719 egressus

2231 733 2432 790 Praeter
2459 737 2605 807 leges
2639 740 2928 810 regnabat.

2297 828 2646 890 Festinantes
2679 843 2812 891 tunc
2846 834 3174 904 prodierunt

2231 921 2388 979 Unde
2417 927 2498 980 sol
2533 926 2794 996 praelucet
2825 929 3035 994 oriens,

2227 1015 2294 1071 Et
2325 1015 2628 1074 Jerusalem
2665 1031 2797 1077 sunt.
2832 1023 3068 1093 ingressi

2225 1105 2685 1163 Praestantissimi
2718 1108 3020 1181 Magorum.

2295 1197 2377 1252 Ad
2403 1199 2684 1254 Christum
2705 1179 2901 1256 recens
2921 1209 3136 1267 natum,
3156 1179 3313 1257 donis
3335 1202 3600 1275 acceptis,

2228 1289 2454 1346 Stellam
2488 1308 2613 1347 cum
2649 1293 2820 1364 Magis
2848 1295 3000 1350 orbis
3029 1305 3314 1366 sequatur.

2295 1383 2376 1440 Ad
2410 1384 2692 1442 Christum
2723 1402 2870 1442 nunc
2895 1403 3088 1443 omnes

2224 1473 2348 1529 Una
2378 1490 2504 1529 cum
2542 1475 2712 1548 Magis
2741 1492 3123 1548 properamus,

2220 1564 2429 1622 Novam
2463 1552 2680 1625 stellam
2709 1570 3010 1627 intuentes.

2293 1660 2561 1716 Dicebant
2588 1671 2772 1718 autem
2804 1664 3017 1720 civibus
3050 1685 3062 1721 :

2225 1752 2462 1808 Ubinam
2495 1764 2603 1821 est,
2634 1771 2667 1810 o
2694 1757 2866 1819 cives,

2222 1843 2334 1900 Rex
2369 1846 2461 1918 qui
2499 1862 2676 1917 nuper
2710 1857 2874 1903 natus
2903 1858 2988 1904 est

2222 1937 2265 1991 E
2293 1947 2482 1994 sancta
2514 1937 2670 1994 Iudae
2697 1941 2910 2011 stirpe?

2292 2031 2351 2086 In
2385 2047 2543 2087 sacra
2573 2035 2720 2088 enim
2753 2036 2972 2092 nutrice

2220 2122 2356 2193 Ejus
2387 2125 2602 2181 stellam
2637 2126 3019 2199 inspicientes,

2219 2216 2500 2288 Tanquam
2535 2221 2678 2275 servi
2711 2220 3036 2292 obsequium
3069 2222 3119 2279 ei

2220 2305 2484 2362 Sanctum
2517 2310 2772 2367 venimus
2807 2311 3071 2370 oblaturi.

2286 2399 2358 2453 At
2390 2397 2664 2456 furiosum
2694 2402 2938 2473 regionis
2972 2419 3178 2475 regem,

2213 2488 2406 2546 Omnia
2440 2491 2720 2565 Magorum
2749 2494 3030 2561 edoctum,

2215 2581 2446 2640 Civibus
2478 2601 2587 2640 una
2619 2602 2744 2641 cum
2781 2589 3042 2658 pessimis

2214 2673 2388 2730 Atrox
2423 2678 2763 2746 perturbatio
2804 2680 3061 2738 habebat.

2287 2767 2356 2822 Et
2393 2768 2596 2825 divinae
2635 2769 2933 2843 Scriptura:
2972 2774 3296 2834 doctoribus

2213 2858 2352 2914 Cum
2385 2861 2771 2918 sacerdotibus
2802 2868 3144 2933 convocatis,

2213 2945 2505 3011 Quaerebat.
2543 2951 2634 3005 ubi
2670 2949 2926 3009 Christus

2213 3036 2391 3096 Natus
2421 3049 2572 3098 esset
2606 3043 2962 3102 humanatus.

2287 3131 2619 3191 Praestantes
2653 3135 2838 3208 Magos
2871 3137 3061 3194 beatos
3089 3139 3291 3208 dicam,

2214 3223 2353 3292 Quia
2385 3226 2544 3282 ﬁdem
2576 3237 2706 3285 ante
2735 3244 2926 3286 omnes
2950 3241 3144 3302 gentes
3168 3242 3298 3289 sunt
3325 3235 3584 3306 amplexi.

2286 3317 2526 3376 Sanctos
2556 3321 2735 3378 dicam
2767 3323 2954 3396 Magos

2213 3407 2352 3475 Quia
2383 3411 2546 3468 [idem
2581 3413 2634 3468 hi
2671 3415 3003 3471 invenerunt

2213 3500 2472 3558 Sanctam
2504 3513 2632 3560 ante
2663 3521 2861 3563 omnes
2891 3518 3101 3578 gentes.

2283 3593 2615 3654 Sacerdotes
2654 3600 2837 3654 statim
2874 3599 3328 3672 responderunt:

2210 3687 2269 3740 In
2300 3687 2577 3746 Bethleem
2611 3691 2874 3762 oppidulo

2211 3777 2416 3836 Tribus
2451 3781 2668 3854 inclyta:
2698 3782 2872 3848 Judae,

2207 3873 2287 3926 Ita
2323 3875 2472 3929 enim
2512 3877 2704 3930 scribit
2733 3875 3023 3946 propheta.

2279 3961 2434 4017 Clam
2466 3975 2649 4020 autem
2685 3981 2778 4020 rex
2806 3967 2978 4033 vafer,

2208 4052 2348 4108 Tum
2383 4054 2554 4128 Magis
2582 4058 2886 4125 advocatis,

2209 4145 2474 4212 Quaesivit
2506 4158 2768 4204 accurate
2800 4149 2871 4204 ab
2902 4151 3014 4209 illis

2207 4235 2451 4308 Tempus
2478 4253 2589 4309 quo
2622 4241 2780 4296 stella
2814 4243 3092 4312 apparuit.

2277 4329 2504 4387 Dicebat
2535 4332 2682 4387 enim
2717 4331 2876 4391 dolos
2913 4336 3186 4396 meditans

2207 4422 2287 4478 Ad
2320 4422 2601 4479 Bethleem
2635 4442 2723 4481 eos
2753 4428 3116 4497 praemittens,

2204 4513 2346 4580 Cito,
2374 4515 2576 4581 dilecti,
2609 4520 2838 4586 quaerite

2213 4604 2288 4662 De
2323 4621 2494 4677 puero
2516 4607 2768 4677 profecti.

2280 4720 2358 4775 Eo
2385 4728 2564 4775 autem
2594 4720 2735 4786 viso,
2764 4737 2990 4792 prorsus

2207 4807 2292 4863 Me
2327 4807 2519 4863 sedqu
2549 4808 2838 4864 certiorem
2870 4809 3058 4879 facite,

1654 4962 1888 5020 VABIE
1928 4963 2335 5022 LECTIONES.

414 5083 465 5154 μ’
496 5080 669 5137 Codd.
714 5080 845 5150 ὅπη,
885 5075 1170 5154 emendavi
1225 5077 1352 5154 ὅτι..
1381 5075 1776 5154 Nam_pra:tcr
1816 5094 1982 5154 quam
2031 5079 2175 5150 quod
2233 5093 2450 5154 versum
2493 5079 2891 5154 claudicante'm
2931 5083 3186 5154 haberes,
3227 5090 3273 5143 si
3312 5089 3563 5146 codicum

305 5152 595 5209 lectionem
635 5145 856 5206 servare
881 5149 1069 5228 velles,
1126 5145 1450 5228 vocabulum
1499 5147 1722 5228 οὔνεκα.
1751 5145 1902 5228 nqu
1935 5145 2163 5228 prorsus
2217 5149 2380 5228 modo
2425 5149 2774 5221 interpretari
2807 5162 2972 5224 potes
3009 5157 3140 5228 ὅπη.
3173 5145 3428 5222 Ἐιθιιίηἰ,
3455 5145 3565 5217 duo

303 5237 498 5280 versus
523 5225 761 5293 impares
783 5233 879 5290 per
907 5218 1014 5273 tria
1073 5217 1360 5286 sequentia
1395 5218 1795 5274 Anacreontica
1828 5217 2061 5277 fideliter
2090 5227 2466 5291 exponuntur.

1561 5361 1618 5417 P.
1659 5361 2069 5420 MATRANGIE
2109 5362 2346 5420 ΝΟΤΔΕ.

367 5454 727 5533 -(2‘i)__Quibus
751 5455 960 5512 artibus
989 5453 1234 5533 Hemdes
1257 5457 1592 5533 Ascalonita,
1649 5458 1886 5533 infandae
1990 5461 2471 5533 uberriu'tarogio.

303 5528 980 5600 crudelitatismonstrum
1008 5529 1555 5600 teterrituum._mpi
1599 5531 1727 5594 τοὺς
1789 5531 1884 5583 νόο

2058 5531 2174 5604 (25)
2217 5531 2445 5603 Ἀλήτης
2466 5549 2606 5596 erro,
2641 5549 2823 5604 vagus,
2861 5533 3082 5602 proprie
3126 5532 3338 5604 deﬂhis
3362 5532 3568 5604 dicitur

305 5616 441 5673 μους
463 5597 764 5673 Jerusalem
795 5612 960 5673 regno
992 5599 1196 5673 potitus
1249 5598 1442 5673 luerit,
1478 5597 1708 5656 consule
1755 5617 1885 5673 quae
1989 5603 2080 5673 qui
2117 5597 2372 5671 prOprios
2400 5597 2412 5603 ⁷
2437 5615 2662 5672 penates
2706 5597 3114 5673 relinquentes,
3174 5603 3282 5656 alio
3335 5603 3564 5659 commi-

306 5666 528 5739 seripsit
561 5666 791 5739 Joseph.
818 5668 872 5721 in
906 5669 1083 5738 Antig.
1147 5667 1368 5723 Judaic.
1393 5670 1431 5723 l.
1492 5687 1607 5736 xxv,
1636 5687 1690 5726 c.
1742 5666 1795 5727 8'
1828 5680 1885 5727 et
1987 5666 2147 5744 g'rau't
2177 5666 2252 5727 rei
2289 5666 2548 5728 faciendis
2591 5689 2781 5732 causa,
2825 5666 2888 5744 ut
2917 5672 3018 5727 fuit
3046 5672 3322 5743 Herodes;
3353 5673 3440 5744 hic
3467 5681 3567 5727 ta-

309 5755 458 5807 seqq.

373 5805 489 5882 (9'2)
547 5809 729 5883 Ζαθέῃ
793 5808 902 5880 γὰρ
955 5808 1010 5864 ὲν
1072 5808 1284 5880 τιθήνῃ.
1329 5805 1515 5865 Persis
1585 5808 1880 5880 indicatur,

1995 5743 2119 5797 men
2153 5744 2366 5798 mallem
2394 5745 2620 5800 reddere
2668 5743 2982 5811 sollicitum,
3026 5745 3269 5808 anxium,
3325 5743 3566 5800 seducto-

1984 5828 2115 5868 rem.
