4036 6236
296 429 441 496 3805

587 540 787 595 Ῥύπον
822 539 888 593 ἐκ
922 535 1134 611 βροτῶν
1170 532 1455 605 καθαίρων

512 633 593 687 Τά
625 630 834 704 βροτῶν
868 628 1079 699 ὑπῆλθε
1110 626 1311 695 πάντα,

401 728 469 785 75
509 726 614 780 Τὸν
638 721 953 796 ἁμᾶρτάδος
980 719 1038 775 δὲ
1070 720 1276 791 μούνης

508 810 681 881 Ζυγὲν
706 811 765 863 οὐ
796 808 959 879 φέρεν
988 806 1280 878 κακίστης.

578 903 751 973 Σοφδς
783 899 1023 964 εὐσεϐῶς
1048 900 1317 954 διδάσκων

508 995 701 1059 Θάνεν,
737 993 813 1057 ὡς
838 991 1031 1062 ἔφησε,
1061 989 1322 1062 Χριστὸς.

510 1086 689 1156 Τάχος
715 1085 781 1137 ὲκ
804 1084 992 1153 τάφων
1021 1082 1068 1135 δ’
1096 1080 1322 1149 ἀνέστη,

406 1177 475 1233 80
512 1177 746 1247 Θανάτῳ
782 1175 989 1247 φθορὰν
1016 1171 1331 1243 καθείρξας.

583 1267 658 1320 Τὸ
683 1265 889 1337 βροτῶν
922 1263 1156 1336 ἔρεισμα
1190 1259 1416 1332 Ναρσῆν
1448 1258 1561 1333 (61)

509 1359 808 1427 Δογμάτων
834 1357 897 1411 τὸ
924 1355 1157 1427 τερπνὸν
1197 1353 1382 1417 ἄνθος.

509 1453 727 1523 Τροφέα
755 1451 976 1523 βλέπεις
1002 1450 1273 1519 πενήτων,

510 1545 681 1599 Πάλιν
711 1543 966 1615 ὀρφανῶν
993 1542 1189 1612 τοκῆα.

405 1636 476 1692 85
594 1635 730 1689 Ὑπὸ
766 1635 810 1689 δ’
841 1634 1029 1688 ἐνθέου
1063 1632 1338 1704 μερίμνης

514 1728 688 1781 Βλέπε
724 1728 817 1782 καὶ
844 1725 994 1793 ξένον
1026 1727 1227 1798 νόημα,

521 1821 732 1873 Ἀδικου
741 1819 919 1892 μένων
950 1819 1189 1892 ἀρωγὸν,

509 1914 704 1979 Σθένος
726 1913 967 1969 ἀσθενῶν
991 1932 1051 1968 τε
1086 1914 1324 1968 πάντων.

581 2003 799 2057 Τεκέων
825 2004 889 2056 ὲκ
919 2003 1150 2072 κραδίης
1179 2002 1356 2065 πάσας
1390 2001 1418 2053 ὁ
1446 1998 1679 2070 Ναρσῆς

403 2093 472 2151 90
521 2094 766 2164 Ἀπάτης
787 2093 1116 2164 ἀνδροφόνου
1150 2093 1306 2163 ῥίζας
1335 2090 1572 2145 ἀνέλκει.

576 2186 786 2239 Φιλέειν
814 2168 908 2239 τεν
932 2184 1167 2256 Χριστὸν
1201 2180 1362 2252 οἶδεν,

518 2277 693 2348 Ἐρέει
725 2275 908 2340 καλῶς
943 2275 1205 2344 διώκτην,

504 2365 723 2436 Κακίην
749 2365 936 2428 κακῶς
962 2364 1210 2418 ποιοῦσιν

518 2457 732 2525 Ἀγνοεί
760 2456 951 2526 φρεσὶν
983 2455 1271 2525 φυλάττων
1298 2456 1371 2512 ⁸⁷»

400 2547 471 2603 95
574 2548 810 2619 Χάριτος
836 2547 1024 2618 γέμων
1055 2548 1111 2602 δὲ
1143 2547 1295 2613 θείας

505 2640 722 2693 Γίνεται
756 2639 823 2694 τὰ
851 2640 1030 2696 πάντα
1055 2642 1223 2694 πᾶσιν

518 2732 579 2784 '0
614 2730 926 2800 σοφώτατός
948 2749 1010 2802 γε
1036 2733 1286 2803 Ναρσῆς,

509 2824 627 2877 Ἵνα
664 2823 791 2886 τοὺς
818 2824 976 2888 ὅλους
1013 2824 1202 2899 σαώσῃ
1228 2840 1242 2856 ⁸

578 2914 759 2984 Ψόγον
785 2915 1047 2987 ἐκφυγεῖν
1086 2914 1394 2988 προσεύχου

368 3006 471 3062 100
508 3006 727 3081 Κακίης
754 3007 961 3076 ξένους,
1000 3010 1252 3078 πολίτας,

510 3099 627 3155 Ἵνα
654 3100 764 3156 τῶν
796 3100 935 3156 ὅλων
962 3101 1198 3171 ἀμοιϐὰς

504 3187 700 3243 Θεόθεν
729 3189 904 3255 καλάς
946 3190 1216 3261 κομίζοις.

579 3280 761 3350 Ψόγος
782 3281 1011 3335 ἐκπέσοι
1040 3280 1244 3352 νομῆος

436 3432 447 3437 _
514 3372 665 3443 ’Δμα
692 3390 754 3426 τε
791 3373 970 3447 φθόνῳ
1009 3375 1275 3445 κακίστῳ,

374 3464 478 3521 105
515 3465 630 3519 Ἵνα
666 3466 762 3520 σὺν
794 3465 930 3539 ξένῳ
959 3466 1185 3539 πολίτης

526 3558 710 3613 Ἐσαεὶ
728 3561 900 3629 γελῶν
922 3560 1160 3632 χορεύοι.

585 3651 822 3725 Πτολίην
865 3653 1160 3725 Ἀσκαλίης
1192 3653 1394 3723 μᾶλλον
1422 3653 1608 3721 ἀείδω,

513 3743 636 3798 Ὀτι
665 3745 890 3820 Ναρσῆν
918 3747 1123 3800 τεκέων
1144 3742 1271 3817 εὗρε
1298 3747 1501 3818 νομῆα.

500 3827 611 3888 IH'.
649 3864 718 3877 --
744 3837 849 3903 Ely
875 3835 983 3890 τὸν
1012 3837 1208 3907 τίμιον
1252 3839 1522 3905 Σταυρόν
1547 3838 1681 3910 (62).

595 3926 836 3982 Ἀσεϐῶν
865 3926 977 3998 (65)
1010 3928 1202 3999 χρόνος
1238 3928 1518 4001 παρῆλθεν

529 4014 732 4092 ’Δγαθὴ
761 4019 952 4094 χόρευε
983 4019 1166 4086 πίστις
1191 4019 1326 4094 (64),

1630 411 2234 478 ANACREONTICA.

1905 530 1955 589 Α

2270 524 2541 582 Mundans
2576 522 2826 579 homines
2860 536 2889 576 a
2927 518 3210 587 sordibus,

2192 618 2387 675 Omnia
2426 617 2595 675 subiit
2626 614 2970 681 mortalium,

2199 708 2266 763 Et
2297 708 2679 765 tantummodo
2700 705 2912 777 peccati

2195 803 2376 859 Triste
2403 802 2595 875 iugum
2616 801 2759 857 haud
2799 798 3042 871 pertulit.

2267 895 2365 951 Pie
2397 895 2619 966 sapiens
2656 892 2889 948 docebat

2195 988 2477 1045 Christum
2512 995 2792 1044 mortuum
2820 1001 2965 1052 esse,
2995 991 3056 1041 ut
3084 984 3247 1052 dixit,

2201 1080 2467 1150 Sepulcro
2504 1095 2630 1134 mox
2661 1080 2964 1135 excitatum

2196 1169 2411 1227 Vicisse
2431 1170 2623 1226 mortis
2645 1170 3072 1238 corruptionem.

2270 1262 2589 1317 Praesidium
2624 1261 2937 1316 mortalium
2973 1258 3282 1324 Narsetem,

2200 1347 2525 1420 Dogmatum
2558 1349 2747 1405 florem
2776 1347 3106 1418 jucundum,

2189 1441 2355 1498 Vides
2389 1455 2692 1514 pauperum
2723 1440 2975 1506 altorem,

2165 1538 2232 1594 Et
2261 1548 2540 1610 parentem
2574 1534 2968 1604 orphanorum.

2274 1629 2343 1684 Et
2364 1628 2548 1685 divina
2584 1624 2875 1696 impulsam
2901 1635 3034 1677 cura

2203 1722 2434 1776 Mentem
2470 1716 2743 1772 admirare
2769 1712 3137 1786 peregrinam,

2204 1813 2470 1868 Tutamen
2503 1822 2914 1881 oppressorum,

2199 1905 2266 1962 Et
2293 1906 2539 1960 levamen
2571 1901 2935 1956 infirmorum.

2269 1998 2313 2054 E
2342 1997 2580 2054 filiorum
2609 1991 2874 2049 cordibus
2897 1988 3164 2059 exstirpat
3193 1984 3392 2042 Narseo

2198 2090 2404 2147 Omnes
2435 2088 2656 2146 radices
2681 2082 2891 2141 fraudis
2930 2080 3248 2136 mortiferae.

2267 2185 2549 2242 Christum
2583 2182 2783 2252 diligit,
2813 2186 2869 2235 et
2893 2177 3033 2233 bene

2194 2276 2342 2360 picit
2372 2290 2591 2346 semper
2630 2267 2991 2337 persecutori,

2199 2371 2257 2425 In
2304 2369 2557 2425 inimicos
2595 2365 2783 2422 odium

2195 2463 2383 2519 Nescit
2418 2469 2648 2533 pectore
2680 2461 2888 2515 fovere.

2268 2554 2347 2608 Ae
2375 2552 2561 2608 divina
2593 2551 2881 2608 abundans
2909 2547 3085 2621 gratia

2201 2642 2663 2714 Sapientissimus
2696 2641 2904 2700 Narses

2197 2730 2393 2787 Omnia
2429 2732 2488 2787 fit
2519 2732 2811 2802 omnibus,

2212 2821 2280 2878 Ut
2308 2839 2502 2880 omnes
2531 2826 2715 2882 salvos
2754 2825 2939 2881 faciat.

2267 2914 2408 2987 Opta
2436 2924 2497 2972 ut
2517 2918 2768 2988 hospites
2796 2926 2849 2975 et
2874 2920 3022 2976 cives

2200 3005 2571 3077 lrreprehensi
2600 3008 2735 3063 fiant
2754 3010 3002 3075 omnino,

2200 3102 2273 3159 Ut
2302 3112 2357 3159 et
2390 3104 2635 3160 omnium
2662 3104 2968 3160 mercedem
3426 3117 3459 3137 ’δ

2195 3194 2242 3250 Α
2275 3194 2386 3252 Deo
2415 3196 2614 3257 bonam
2644 3196 3024 3266 consequaris.

2271 3286 2331 3341 In
2357 3296 2627 3356 pastorem
2661 3287 3017 3359 reprehensio

2201 3377 2362 3433 Nulla
2394 3379 2487 3444 sit,
2510 3393 2614 3434 nec
2641 3379 2785 3434 mala
2810 3379 3040 3443 invidia,

2208 3468 2276 3526 Ut
2295 3477 2349 3526 et
2377 3470 2525 3526 cives
2547 3484 2671 3526 cum
2697 3470 3008 3541 hospitibus

2205 3559 2436 3633 Semper
2462 3564 2667 3633 optime
2689 3563 2752 3617 tri
2762 3561 3005 3632 pndient.

2270 3653 2474 3710 Urbem
2502 3654 2793 3710 Ascalonis
2822 3654 3041 3709 celebro
3074 3654 3343 3715 lubenter,

2200 3747 2339 3814 Quia
2370 3746 2654 3805 Narsetem
2694 3747 2926 3803 filiorum
2956 3746 3167 3800 invenit
3197 3754 3493 3815 pastorem.

2267 3838 2458 3895 XVIII.
2487 3831 2558 3880 -ὲ-
2584 3837 2649 3893 1η
2674 3838 3016 3893 venerandam
3053 3835 3292 3892 Crucem.

2197 3932 2504 3990 Inlldelium
2538 3932 2805 4004 praeteriit
2829 3942 3068 4002 tempus,

2202 4024 2363 4084 Fides
2397 4035 2607 4091 sancta,
2624 4024 2818 4095 iubila.

1601 4183 1838 4241 VARIE
1880 4185 2294 4244 LECTIONES.

377 4323 422 4357 ⁸⁷
456 4321 664 4381 Revera
696 4321 912 4379 mallem
948 4321 1239 4392 φυλάττειν
1268 4334 1432 4392 quam
1470 4320 1777 4391 φυλάττων.

1581 4438 1629 4500 Ρ.
1664 4438 2078 4497 MATRANCA‘J
2114 4436 2345 4496 ΝΟΤΑΞ.

380 4577 492 4647 (ϐι)
535 4574 642 4651 Hie
664 4577 971 4651 encomium
1008 4575 1278 4651 Narsetis,
1308 4578 1565 4651 nimirum
1605 4578 1724 4636 odae
1750 4595 1876 4651 pars
1911 4583 1954 4638 D
1975 4578 2184 4651 jejunio
2203 4578 2271 4651 in
2305 4575 2450 4651 Bibl.
2487 4574 2665 4651 I_’atr.,
2702 4574 2793 4632 ed.
2824 4575 3002 4651 Lugd.

307 4647 749 4718 altera,‘incipit,
796 4657 960 4718 atque
991 4648 1239 4718 ejusdem
1292 4649 1524 4705 virtutes
1566 4647 1765 4706 merito
1811 4650 1879 4706 ad

308 4719 492 4774 sidera
517 4717 886 4790 extolluntur.
905 4717 1169 4790 Observa,
1204 4734 1410 4789 qumso,
1442 4722 1728 4777 Asealonae
1761 4722 1881 4790 epi-

312 4802 538 4862 scopum
579 4788 892 4859 dogmatum
950 4788 1236 4862 vindicem
1285 4791 1640 4860 prmeipuum,
1696 4788 1882 4862 populi

311 4857 983 4932 praesi_dium,'paupe_rum
1011 4860 1262 4925 altorem,
1285 4857 1640 4932 ‘pupil'lorum
1682 4857 1882 4932 par'en-

316 4927 447 5003 tem,
470 4927 727 4995 iniuriam
760 4928 1083 5003 patientium
1106 4927 1402 5003 patronum
1426 4927 1879 5003 inﬁrmorumqtte

313 4998 565 5071 levamen
599 5006 654 5053 et
693 5000 948 5057 salutem.
994 4999 1274 5071 Charitate
1307 5000 1533 5071 insuper
1556 5001 1739 5059 divina
1788 4998 1881 5058 ac-

313 5082 515 5141 census
555 5068 690 5141 bene
742 5070 1191 5139 persecutoribus
1249 5068 1522 5141 precatur,
1569 5074 1778 5127 nullum
1824 5074 1881 5128 in

314 5138 573 5212 inimicos
597 5138 780 5212 odium
804 5142 1002 5201 nutrit.
1043 5138 1300 5197 omnibus
1332 5142 1570 5212 denique
1606 5144 1791 5198 omnia
1825 5145 1884 5198 fit

316 5205 518 5280 [ICor.
545 5222 629 5281 ix,
653 5209 773 5281 25],
811 5218 869 5263 ut
893 5226 1087 5267 omnes
1117 5212 1300 5267 salvos
1334 5205 1518 5266 faciat.
1546 5212 1711 5269 Cives
1730 5214 1887 5269 deni-

316 5277 425 5359 que
449 5285 512 5359 et.
545 5277 788 5359 hospites
823 5295 1053 5359 prorsus
1084 5282 1593 5359 irreprehensibiles
1616 5291 1769 5359 Optat
1798 5284 1892 5339 So-

315 5350 585 5419 phronius
617 5351 873 5418 precibus
902 5351 1139 5406 maxime
1166 5353 1436 5419 Narsetis,
1490 5362 1548 5406 ut
1571 5354 1618 5407 is
1650 5350 1888 5410 debitam

318 5418 584 5495 divinitus
618 5420 835 5495 tandem
890 5432 1265 5495 consequatur
1312 5418 1638 5492 mercedem,
1682 5434 1735 5480 et
1788 5424 1892 5495 ipsi

317 5487 497 5561 latam
524 5489 726 5561 iugiter
756 5499 919 5561 agant
948 5487 1136 5547 vitam.

391 5558 504 5632 (62)
555 5558 815 5632 Ejusdem
868 5563 1174 5632 argumenti
1216 5562 1326 5618 duo
1377 5578 1660 5620 sermones
1714 5565 1893 5620 nostri

321 5628 619 5698 Sophronii
654 5639 894 5694 exstant,
934 5628 1088 5688 'unus
1135 5634 1369 5697 scilicet,
1399 5635 1455 5688 in
1493 5633 1892 5689 Exaltationem

318 5699 631 5757 veneranda
657 5701 831 5755 crucis
868 5711 919 5756 et
951 5704 1006 5755 in
1049 5711 1287 5756 sanctum
1333 5704 1630 5759 ἀνάστασιν
1661 5721 1691 5759 a
1726 5704 1890 5760 Cret-

319 5783 444 5850 sero
474 5768 575 5841 [De
596 5780 783 5850 sancta
810 5788 980 5850 cruce,
1005 5773 1334 5850 lngolstadii,
1371 5774 1531 5841 1616,
1562 5774 1678 5850 Lat.
1725 5775 1888 5850 1175)

318 5839 519 5903 editus,
569 5842 707 5899 alter
750 5842 804 5897 in
845 5839 1212 5901 adoralienem
1250 5855 1449 5902 sancta:
1488 5839 1682 5916 emis,
1727 5857 1775 5903 et
1826 5839 1888 5903 dé

2063 4648 2174 4718 (65)
2200 4647 2459 4701 Ἀσεϐῶν.
2493 4646 2784 4718 Persarum
2818 4647 3051 4718 scilicet.
3078 4645 3572 4718 Heracliusimpc-

1990 4727 2144 4775 rator
2158 4716 2286 4790 post
2306 4727 2390 4790 tot
2412 4717 2721 4790 triumphos
2745 4716 2813 4772 de
2833 4717 3077 4790 Chosroe
3098 4719 3322 4782 relatos,
3344 4716 3573 4790 ejusque

1991 4787 2193 4845 caedem
2234 4804 2263 4842 a
2295 4788 2407 4843 ﬁlio
2456 4787 2614 4843 Siroe
2652 4795 2925 4859 patratam
2952 4789 3131 4859 (cujus
3175 4787 3571 4859 tamen’cmdis

1993 4860 2337 4928 Sophronius
2365 4860 2568 4914 nullam
2609 4858 2665 4913 in
2717 4860 2821 4913 hac
2861 4858 2967 4915 ode
3018 4859 3352 4915 mentionem
3392 4858 3569 4923 facit),

1992 4930 2175 4985 fmdus
2195 4945 2319 4986 cum
2339 4944 2480 4984 novo
2499 4928 2829 4999 imperatore
2863 4929 3096 4985 feliciter
3128 4930 3276 4993 ferit,
3305 4938 3360 4999 et
3379 4937 3569 4983 saneta

1986 5016 2123 5055 crux
2156 5001 2485 5065 restituitur,
2518 4997 2681 5067 quam
2711 4998 3034 5066 Chrosroes,
3062 4999 3289 5068 direptis
3317 4997 3571 5068 "ieroso-

1988 5072 2173 5143 lymis,
2221 5071 2278 5125 in
2332 5069 2608 5143 Pcrsidem
2673 5071 2994 5143 abduxerat.
3067 5067 3226 5124 Anno
3275 5069 3438 5143 igitur
3502 5067 3571 5123 18

1993 5138 2114 5212 ejus
2155 5141 2395 5212 imperii,
2431 5140 2844 5211 quatuordecitn
2877 5149 3002 5210 pust
3042 5154 3219 5193 annos
3255 5138 3467 5212 scilicet
3503 5153 3569 5191 ex

1996 5207 2106 5282 q‘uo
2132 5212 2186 5266 in
2214 5207 2575 5266 Barbaro'rnm
2611 5224 2805 5265 manus
2828 5207 3069 5272 venerat,
3100 5207 3407 5282 veneranda
3427 5223 3568 5282 _crux

1994 5277 2282 5352 recipitur.
2325 5281 2713 5350 Subsequente
2754 5296 2902 5334 anno
2951 5283 3067 5348 ipse
3102 5278 3387 5352 Heraclitus
3418 5277 3568 5352 (ἰοει-

1998 5347 2355 5423 ειεηίἰιιοροιί
2404 5347 3013 5423 profectus,_sanftam
3068 5350 3344 5423 civitatem
3394 5347 3570 5423 petiit:

1998 5424 2206 5493 viviﬁea
2247 5416 2433 5477 ’σηιεὴ
2479 5424 2626 5494 ligna
2672 5419 2793 5492 [CL
2853 5418 3085 5474 Cedren.
3127 5420 3193 5472 ad
3250 5433 3451 5473 annum
3504 5416 3572 5470 i9

2000 5491 2242 5546 Herae“
2288 5494 2498 5546 ineunte
2542 5507 2656 5546 vere
2699 5490 2927 5546 advehit.
2981 5489 3406 5546 solemniteruue
3448 5498 3571 5540 vota

2050 5494 2215 5549 eracl.

2000 5491 2243 5576 Heracl.]
2288 5494 2498 5548 ineunte
2522 5491 2656 5546 'vere
2674 5491 2681 5492 ⁷
2699 5491 2927 5551 advehit,
2981 5491 3406 5569 solemniterque
3448 5498 3571 5540 vota

2000 5565 2281 5633 persolvrt.
2303 5564 2556 5621 “editum
2585 5564 2766 5633 itaque
2787 5567 2988 5633 sanctae
3005 5557 3571 5633 cructs‘inJernsalem

1999 5626 2343 5705 Sophronius
2383 5635 2437 5688 in
2472 5637 2574 5688 hac
2602 5626 2706 5686 ode
2737 5630 3337 5705 exsultanscelebrat,
3372 5626 3572 5683 Persa-

1992 5700 2114 5761 rum
2137 5705 2314 5761 credes
2332 5713 2457 5759 ante
2479 5717 2696 5758 crucem
2720 5702 2985 5770 direptam
3007 5701 3183 5757 obiter
3206 5700 3500 5770 attingens.

2064 5776 2175 5848 (64)
2209 5775 2465 5848 Barbaris
2484 5769 3048 5848 profligatis,.t:ithara
3077 5780 3136 5828 ut
3174 5771 3371 5828 latitia:
3405 5769 3577 5825 melos

1992 5840 2167 5917 dicat,
2196 5847 2330 5904 fides
2361 5855 2419 5903 ut
2451 5840 2688 5904 exsultet
2718 5840 3044 5902 invitantur.

2288 5489 2927 5551 ineuntetere—advehit,
2981 5489 3406 5557 solemniterque
3448 5498 3571 5540 vota
