4036 6236
292 335 452 400 3841'

1699 330 2103 393 TRIOD‘IUM.

3410 331 3551 396 3852

292 448 453 519 ἡμῶν
503 446 794 515 ἐντεύξεις,
823 448 913 502 καὶ
946 447 1159 519 δεήσεις
1194 447 1420 519 ποίησον
1467 444 1600 519 πρὸς
1650 445 1743 499 τὸν
1794 444 1883 498 σδν

2012 445 2325 499 ercessiune
2357 461 2370 499 :
2405 444 2577 515 dirige
2632 454 2851 499 nostras
2907 459 3113 515 preces,
3168 445 3550 518 orationesque

294 539 387 591 καὶ
426 539 650 593 πᾶντων
687 541 820 594 Θεὸν
861 541 953 594 καὶ
993 540 1238 611 βασιλέα.

612 633 741 687 Ὀτι
779 633 893 703 ἐγώ
930 635 1046 703 ειμι
1085 637 1118 687 ὀ
1156 634 1225 686 ἐν
1260 632 1544 699 θαλάσσῃ

362 726 568 796 Νῆψον,
602 728 964 798 γρηγόρησον,
999 725 1273 790 στέναξον,
1306 723 1575 793 δάκρυσον
1598 738 1612 751 ⁵
1648 722 1738 775 διὰ
1782 738 1878 790 νη-

297 818 475 880 στείας
508 818 627 870 ’ὅλον
655 818 752 886 τῆς
808 817 1081 887 ἁμαρτίας
1116 817 1208 869 τ’,ν
1242 816 1458 885 φόρτον,
1492 813 1671 885 ψυχὴ,
1700 814 1880 883 ἀπόρ-

298 907 450 977 ῥιψον
471 924 484 937 ·
512 908 577 977 τῇ
604 905 779 979 θερμῇ
813 908 1068 978 μετανοίᾳ
1099 906 1349 973 ἀπόφυγε
1375 906 1437 957 τὸ
1466 905 1576 976 πῦρ
1597 920 1610 935 ·
1640 905 1735 957 καὶ
1788 902 1881 955 διὰ

300 999 547 1061 πένθους,
584 997 694 1050 τῶν
726 997 914 1052 παθῶν
947 998 1037 1051 τὸν
1072 998 1317 1067 πενθήρη
1346 995 1546 1066 χιτῶνα
1566 993 1877 1066 διάρρηξον,

298 1089 396 1160 τὴν
436 1089 627 1157 στολὴν
664 1090 764 1161 τὴν
802 1089 951 1142 θείαν
990 1089 1365 1158 λαμϐάνουσα.

376 1183 530 1252 Ὀρει
586 1180 974 1256 προσέλθωμεν
1026 1180 1262 1251 ἀρίστων
1321 1179 1604 1248 πράξεων·
1652 1177 1739 1231 διὰ
1788 1195 1883 1248 νη-

303 1274 486 1335 στείας
534 1275 759 1337 πάντες,
791 1273 889 1336 τὰς
922 1273 1295 1343 χαμαιζήλους
1328 1272 1577 1335 λιπόντες
1624 1270 1732 1324 τῶν
1762 1272 1885 1341 ἡδο-

301 1363 407 1416 νῶν
428 1363 756 1434 προσϐολὰς,
779 1364 873 1415 καὶ
893 1364 971 1425 εἰς
998 1362 1196 1430 γνόιρον
1214 1359 1484 1423 εἰσδύντες
1510 1360 1722 1414 σεπτῶν
1748 1360 1886 1414 θεω-

306 1456 457 1526 ριῶν,
490 1457 648 1526 μόνον
693 1455 936 1526 ὀψομεθα
984 1454 1220 1525 Χριστοῦ
1266 1454 1328 1508 τὸ
1358 1453 1622 1525 ἐράσμιον
1669 1453 1883 1520 κάλλος,

305 1548 584 1622 θεώμενοι
627 1550 901 1623 μυστικῶς
939 1549 1110 1614 θείαις
1149 1549 1513 1619 ἀναϐάσεσιν.Δ

376 1727 531 1798 Οίμοι
550 1729 563 1782 l
583 1728 665 1792 τίς
686 1727 961 1799 γένωμαι,
990 1728 1043 1781 τί
1073 1726 1480 1798 διαπράξωμαι,
1498 1726 1596 1799 τὴν
1618 1724 1891 1797 ἁμαρτίαν

1983 539 2138 593 mitte
2163 539 2227 593 ad
2258 547 2409 592 tuum
2447 540 2799 607 Ott-Hlttltttlttt‘.
2837 537 3000 592 [Mum
3039 553 3100 593 ac
3135 554 3335 610 regem.

2425 632 2573 696 Quia.
2596 648 2685 701 ego
2720 648 2833 683 sum
2869 631 2920 683 in
2973 634 3130 685 mari.

2061 719 2290 774 Sobrius
2341 728 2478 781 esto,
2543 721 2725 789 vigila,
2784 721 3019 789 suspiia,
3080 723 3425 793 lacrymare:
3464 743 3556 797 per

1987 813 2258 882 integrum
2290 811 2554 880 jejunium
2594 812 2796 881 precati
2838 828 2999 877 onus,
3028 816 3231 879 anima,
3297 817 3505 887 tlt'ptttit‘
3537 838 3549 872 ε

1989 900 2215 955 ferventi
2251 902 2566 970 pmriitentia
2600 903 2808 971 expelle
2854 904 3031 971 ignem
3066 923 3077 958 :
3114 916 3275 976 atque
3308 919 3425 977 post
3461 908 3579 962 ιιι-⁸

1988 993 2194 1047 stitiam
2225 992 2472 1046 dolorum
2507 994 2786 1062 lugubrem
2818 995 3057 1049 tunicam
3086 997 3334 1067 discerpe
3359 1012 3415 1052 ιιι
3441 1012 3556 1055 stu-

1898 1094 1918 1143 ι
1988 1084 2094 1136 lam
2129 1084 2367 1137 divinam
2395 1084 2654 1152 accipias.

2060 1175 2334 1228 Adeamus
2371 1175 2659 1229 termimnn
2689 1174 2952 1229 bonarum
3005 1181 3280 1232 actionum
3317 1198 3331 1235 :
3374 1183 3558 1235 cuncti

1990 1281 2087 1336 per
2133 1266 2427 1336 jejunium,
2488 1267 2733 1335 abjectos
2794 1267 3165 1337 relinquentes
3222 1273 3558 1342 voluptatum

1994 1360 2252 1427 impetus,
2286 1366 2339 1411 ct
2372 1359 2424 1410 in
2467 1357 2860 1412 obSruritatem
2897 1367 3246 1429 penetrantes
3300 1377 3558 1434 augusta-

1992 1466 2114 1505 rum
2147 1452 2699 1520 contemplationum,
2756 1452 2928 1507 solam
2962 1446 3369 1523 conspiciemus
3402 1457 3562 1510 Chri-

1995 1545 2062 1602 sti
2118 1544 2407 1599 amabilem
2466 1544 2970 1615 pulchritudinem,
3034 1546 3279 1602 volantes
3336 1549 3564 1619 mystice

1997 1653 2092 1707 per
2119 1635 2334 1690 divinas
2371 1637 2743 1692 ascensiones.

2069 1723 2184 1777 lleu
2213 1723 2227 1775 ι
2287 1722 2412 1793 quis
2441 1723 2552 1776 tio?
2589 1723 2716 1792 quid
2752 1722 2988 1777 moliar?
3017 1733 3297 1793 peccatum
3334 1726 3564 1783 faciens.

308 1822 561 1893 πράττων
622 1822 716 1875 καὶ
759 1821 849 1877 τὸν
894 1822 1171 1891 Δεσπότην
1205 1822 1265 1877 οὐ
1294 1822 1530 1892 φρίττων
1557 1822 1585 1875 ὁ
1614 1818 1895 1887 ἀσυνείδη-

2004 1823 2051 1872 et
2085 1814 2374 1869 Dominum
2403 1829 2511 1868 non
2540 1816 2759 1880 timens,
2787 1830 2887 1883 ego
2948 1817 3157 1871 inscius
3189 1835 3201 1871 :
3234 1820 3353 1873 ideo
3404 1819 3567 1888 justi-

305 1931 396 1976 τος
419 1932 434 1980 ;
455 1913 544 1966 διὰ
565 1914 722 1966 τοῦτο
749 1914 855 1985 προ
878 1914 1035 1984 δίκης
1061 1913 1354 1975 κατάδικός
1379 1912 1518 1982 εἰμι,
1553 1909 1894 1978 δικαιοκρίτα

2004 1906 2084 1960 lia:
2111 1920 2281 1960 causa
2325 1905 2619 1959 damnatus
2653 1920 2796 1966 sinu,
2842 1904 3010 1974 judex
3062 1907 3210 1975 juste
3261 1917 3315 1963 et
3380 1911 3563 1966 tione:

308 2007 484 2075 ἀγαθέ
504 2023 519 2038 ο
546 2007 885 2078 ἐπιστρέψας
918 2024 986 2076 με
1019 2007 1215 2071 σῶσον,
1244 2005 1336 2058 τὸν
1368 2006 1508 2076 ὑπὲρ
1537 2004 1744 2069 πάντας
1768 2004 1894 2077 βρο-

309 2096 435 2161 τούς
474 2115 535 2150 σε
576 2100 1096 2168 παραπικρὼιαντα.

390 2187 457 2242 Ἦ
489 2189 846 2260 ἀγεώργητος
880 2187 974 2257 γῆ,
1004 2190 1038 2258 ἡ
1066 2187 1418 2260 βλαστήσασα
1446 2186 1537 2239 τὸν
1570 2186 1665 2240 τοῦ
1704 2187 1895 2250 παντὸς

310 2279 536 2351 τροφέα,
564 2279 653 2333 τὸν
705 2278 1064 2345 ὑπανοίγοντα
1105 2279 1285 2347 χεῖρα,
1320 2277 1414 2330 καὶ
1466 2276 1685 2347 εὐδοκία
1732 2275 1894 2331 αὑτοῦ

1995 2009 2255 2055 converte
2286 2014 2371 2054 me
2404 2007 2457 2052 et
2488 1999 2635 2053 salva
2666 1998 2760 2069 qui
2789 2013 2955 2069 super
2986 2015 3182 2057 omnes
3219 2003 3469 2060 homines
3512 2013 3569 2060 te

1996 2091 2335 2161 exasperavi.

2070 2179 2287 2238 Sterilis
2321 2192 2485 2246 terra,
2517 2197 2636 2254 quae
2664 2182 2850 2253 genuit
2875 2182 3115 2236 omnimn
3138 2195 3440 2253 parentem,
3473 2186 3569 2255 qui

1999 2287 2190 2344 parum
2239 2274 2415 2344 aperit
2458 2289 2701 2341 manum,
2736 2290 2945 2346 suaque
2975 2275 3150 2344 gratia
3184 2276 3371 2346 implet
3405 2292 3569 2332 omne

313 2371 672 2442 ὲμπιπλῶντα
713 2373 822 2425 πᾶν
868 2368 1008 2435 ζῶον
1045 2370 1192 2441 ἰσχύϊ
1227 2369 1405 2441 θεῖκῇ,
1443 2371 1696 2442 στήριξον
1748 2369 1898 2441 ἄρτῳ

2004 2370 2203 2424 animal
2227 2370 2425 2425 robore
2454 2369 2659 2435 divino,
2684 2385 2992 2440 superpone
3025 2370 3150 2440 pani
3188 2368 3389 2424 virenti
3419 2369 3572 2424 debi-

315 2463 531 2535 ζωτικῷ
558 2464 896 2535 παρειμένας
921 2462 1146 2532 καρδίας
1178 2461 1257 2532 τῷ
1288 2463 1435 2532 κόρῳ
1473 2460 1582 2514 τῶν
1610 2459 1898 2531 ’δυσχερῶν

314 2552 471 2625 ἡμῶν
508 2553 944 2624 παραπτώσεων.

696 2644 808 2698 Τὸν
845 2643 916 2698 ἐν
951 2642 1026 2713 τῇ
1059 2643 1229 2709 βάτῳ
1265 2641 1508 2710 Μωῦσῆ.

389 2733 595 2788 ’Υπνον
627 2734 857 2800 ὁπόθου,
904 2734 1073 2806 ψυχὴ,
1121 2735 1221 2804 τῆς
1276 2732 1453 2801 δεινῆς
1488 2732 1778 2805 ῥᾳθυμίας,
1808 2733 1902 2786 καὶ

318 2823 621 2896 προθύμως
668 2825 934 2897 γρηγόρει
967 2825 1103 2897 πρὸς
1133 2826 1232 2888 τὰς
1263 2824 1415 2888 θείας
1455 2825 1705 2888 ἐντολάς·
1755 2823 1906 2894 ἐγγί-

320 2917 402 2983 ζει
445 2902 769 2988 δ’νυμφίοςο
803 2915 1228 2989 λαμπαδηφόρος
1258 2914 1495 2968 σπεῦσον
1543 2904 1693 2986 αὐτῷ
1735 2932 1905 2987 προσοσ

320 3011 645 3079 υπαντῆσαι.

2002 2460 2152 2513 litata
2194 2459 2381 2517 cordaﬁ
2413 2461 2667 2515 satietate
2718 2460 3040 2515 acerborum
3075 2469 3388 2516 nostrorum
3420 2476 3574 2516 erra-

2002 2562 2201 2607 torum.

2490 2642 2625 2696 Eum
2651 2645 2702 2697 in
2732 2642 2861 2697 rubo
2894 2642 3088 2713 Moysi.

2076 2734 2355 2787 Somnium
2379 2733 2571 2804 dejice,
2596 2734 2796 2797 anima,
2825 2731 3142 2802 periculosa:
3169 2730 3386 2804 quietis,
3414 2741 3467 2788 et
3489 2746 3577 2786 ar-

2004 2827 2199 2882 denter
2231 2827 2389 2897 vigila
2443 2842 2607 2896 super
2664 2826 2845 2880 divina
2915 2837 3220 2896 praecepta:
3280 2827 3576 2898 appropin-

2006 2927 2141 2988 quat
2171 2933 2409 2988 sponsus
2436 2934 2450 2971 :
2501 2917 2583 2972 ter
2614 2918 2943 2987 lampadem,
2976 2927 3027 2973 et
3056 2916 3258 2973 festina
3292 2918 3343 2973 ei
3383 2932 3580 2973 occur-

2007 3027 2149 3066 rere.

390 3070 879 3173 Τραυματισθέντα
931 3100 1120 3165 δεινῶς
1173 3099 1365 3171 ἡδονῆς
1415 3100 1482 3169 τῇ
1537 3097 1803 3169 ῥομφαίᾳ,
1839 3070 1901 3169 τῇ

2086 3105 2196 3159 Ictu
2254 3103 2540 3163 mortifero
2578 3104 2922 3160 vulneratum
2975 3120 3072 3176 per
3123 3105 3419 3176 voluptatis
3465 3105 3580 3176 glao

323 3190 595 3262 μωτώσει,
623 3191 926 3262 οἰκτίρμον,
956 3191 1054 3262 τῆς
1088 3191 1461 3261 εὐσπλάγχνου
1495 3192 1667 3264 ῥοπῆς
1708 3208 1803 3245 σου
1828 3192 1907 3244 idt-

318 3283 551 3350 τρευσόν
598 3300 689 3352 με,
739 3284 903 3350 Δότε,
935 3283 1083 3345 ὅπως
1130 3298 1189 3334 σε
1232 3282 1571 3353 εὐχαρίστως
1604 3281 1810 3346 δοξάζω
1829 3281 1909 3344 είς

321 3373 544 3436 αἰῶνας.

390 3466 524 3520 ’Λπὺ
549 3465 734 3521 παθῶν
765 3464 1064 3538 βλαϐερῶν,
1096 3465 1206 3522 ἀπὸ
1235 3465 1429 3536 φθόνου
1466 3465 1558 3520 καὶ
1588 3465 1777 3537 ζήλου,
1799 3464 1907 3519 ἀπὸ

304 3558 502 3629 πάσης
530 3558 725 3622 κακίας
756 3558 1174 3630 ἑγκρατεῦθητι,
1192 3558 1360 3629 ψυχὴ,
1384 3558 1575 3620 σιτίοις
1592 3556 1902 3628 τρεφομένη

321 3651 437 3712 τοῖς
472 3648 575 3718 τὴν
608 3649 823 3721 τρυφὴν
860 3649 961 3720 τὴν
1000 3648 1113 3702 ἄνω
1148 3648 1329 3711 ἀῢλως
1368 3646 1709 3717 προξενοῦσι.

392 3819 763 3890 Θεογεννῆτορ
794 3817 968 3886 ἁγνὴ,
994 3816 1091 3887 τῆς
1122 3817 1299 3886 ψυχῆς
1351 3834 1450 3887 μου
1496 3817 1565 3868 τὰ
1607 3816 1763 3884 ἕλκη,
1813 3814 1909 3868 καὶ

324 3911 553 3984 καρδίας
602 3913 674 3964 τὰ
722 3909 892 3978 πάθη,
922 3909 1017 3962 καὶ
1051 3908 1169 3971 νοὸς
1202 3910 1299 3969 τὰς
1328 3909 1601 3979 ἐκτροπὰς
1636 3908 1910 3978 θεράπευ-

326 4020 440 4067 σον,
468 4002 545 4067 ὡς
593 4003 733 4074 μόνη
782 3999 1123 4073 ἁμαρτωλῶν
1155 3998 1368 4069 βοηθὸς,
1400 4000 1493 4051 καὶ
1523 3998 1909 4069 πορθουμένων

324 4096 524 4164 τεῖχος.
1246 4098 1258 4114 ⁸

545 4180 685 4238 ’Τῶν
719 4180 988 4251 γηγενῶν
1024 4180 1115 4247 τίς
1150 4179 1381 4249 ἢκουσε
1418 4180 1695 4244 τοίοῦτο;

394 4264 530 4329 Τῶν
548 4273 800 4347 γηγενῶν
848 4273 933 4334 τίς
981 4271 1152 4335 οὕτως
1180 4270 1490 4343 ὀλισθήσεις,
1526 4272 1659 4325 Θεὸν
1688 4271 1909 4342 παρώρ-

325 4368 449 4439 γισέ
479 4385 611 4423 ποτε
637 4387 652 4437 ;
678 4366 781 4432 Τίς
800 4367 930 4430 ’ταῖς
960 4367 1155 4438 ὁρμαῖς
1176 4365 1287 4435 ’τῆς
1311 4364 1507 4428 κακίας
1537 4364 1909 4434 ἐπηκολούθη-

2010 3199 2200 3257 dium.
2279 3214 2383 3268 ope
2450 3198 2735 3253 linamenti
2800 3197 3172 3253 misericordis
3231 3199 3583 3254 demissionis

2014 3300 2138 3353 tum,
2173 3290 2417 3345 ulcrnens
2446 3306 2577 3344 sana
2612 3306 2716 3356 me,
2754 3288 3012 3355 Verbum,
3047 3301 3103 3346 ut
3137 3301 3187 3346 te
3218 3300 3375 3362 grato
3401 3292 3584 3345 animo

2008 3382 2309 3454 gloriﬁcent
2340 3383 2395 3436 in
2429 3383 2646 3438 sa‘cula.

2080 3474 2125 3526 A
2175 3472 2456 3530 doloribus
2489 3476 2692 3537 noxiis,
2744 3475 2812 3530 ab
2864 3476 3065 3531 invidia
3097 3484 3150 3531 ct
3189 3476 3479 3538 rivalitate,
3517 3477 3588 3527 ab

2010 3563 2158 3618 omni
2194 3565 2397 3618 malitia
2423 3566 2660 3632 abstine,
2698 3558 3175 3621 anima'alimcntis
3223 3567 3424 3619 mttrita
3465 3581 3586 3634 qua:

2009 3656 2239 3713 delicias
2298 3658 2752 3727 supernaturales
2782 3666 2837 3712 et
2901 3659 3294 3713 immaterialcs
3332 3656 3589 3727 Suppedi-

2009 3755 2149 3800 tant.

2085 3838 2317 3908 Deipara
2344 3840 2746 3902 casta,anim2e
2791 3852 2925 3892 mea:
2988 3839 3235 3902 vulnera,
3296 3848 3349 3892 et
3406 3837 3589 3892 cordis

2008 3928 2246 3996 dolores,
2281 3930 2587 3999 mentisque
2643 3943 2860 3985 errores
2895 3944 3047 3990 cura.
3082 3939 3138 3981 ut
3176 3929 3289 3983 sola
3347 3938 3590 3997 peccato-

2009 4038 2128 4076 rum
2167 4021 2497 4089 auxiliatrix,
2522 4030 2574 4075 et
2602 4023 2947 4077 obsessorum
2990 4023 3472 4092 prOpuguacutum.

2364 4199 2672 4255 Mortalium
2704 4200 2818 4267 quis
2850 4197 2955 4252 tale
2991 4197 3237 4251 audivit?

2080 4290 2388 4358 Mortalium
2414 4292 2537 4361 quis
2569 4292 2649 4345 sic
2678 4290 2881 4345 cadens
2910 4288 3076 4343 Deum
3105 4285 3451 4355 exasperavit
3483 4301 3585 4339 un-

2010 4381 2219 4452 quam?
2248 4383 2371 4452 quis
2424 4382 2718 4450 impetibus
2758 4380 2976 4435 malitiaa
3018 4378 3279 4440 obedivit,
3336 4384 3389 4431 ct
3435 4380 3589 4432 locus

327 4480 410 4530 σε,
439 4463 533 4516 καὶ
561 4459 903 4541 καταγώγιον
931 4457 1088 4529 ὤφθη
1113 4458 1215 4527 τῆς
1248 4457 1544 4528 ἁμαρτίας,
1575 4456 1764 4529 ῶσπερ
1798 4455 1901 4526 ἐγὼ

2014 4477 2265 4545 apparuit
2299 4476 2534 4546 peccati,
2590 4473 2733 4529 sicut
2770 4487 2871 4543 ego
2927 4471 3139 4525 miser?
3187 4475 3278 4524 sed
3327 4477 3587 4538 tanquam

320 4555 355 4608 ‘6
386 4554 585 4621 τάλαςς
622 4552 764 4607 Ἀλλ’
792 4551 867 4616 ὡς
884 4550 1037 4617 Θεὸς,
1060 4551 1089 4603 ὁ
1120 4549 1348 4622 θελητὴς
1377 4550 1471 4603 τοῦ
1504 4550 1709 4618 ἐλέους,
1733 4550 1802 4603 σύ
1838 4566 1901 4622 με

2008 4568 2172 4633 Deus,
2204 4568 2294 4639 qui
2322 4578 2624 4638 propensus
2655 4576 2736 4621 est
2759 4565 2823 4619 ad
2843 4562 3297 4627 misericordiam,
3329 4563 3591 4615 miserere

300 4650 305 4653 ’
327 4646 617 4716 οἴκτειρον.

400 4736 661 4791 Θεοειδῶν
707 4736 953 4807 ἀγγέλων
986 4738 1040 4791 αἱ
1087 4737 1347 4807 δυνάμεις
1366 4776 1381 4800 ,
1411 4736 1505 4788 τὸν
1530 4734 1909 4790 εὐδιάλλακτον

298 4830 303 4837 ’
331 4829 462 4883 Θεὸν
493 4828 787 4901 ἑκδυσωπὴ
800 4847 953 4895 σατε,
985 4829 1160 4883 σῶσαι
1197 4827 1374 4899 ψυχὴν
1403 4829 1483 4892 είς
1513 4827 1747 4896 πέλαγος
1770 4827 1909 4897 βιω-

328 4921 498 4976 τικῶν
525 4922 852 4995 νηχομένην,
886 4924 978 4976 καὶ
1011 4922 1333 4994 τρικυμίαις
1364 4921 1553 4974 παθῶν
1579 4920 1912 4991 χειμαζομέ-

331 5029 450 5084 νην,
476 5013 575 5067 καὶ
604 5013 928 5082 προσϐολαῖς
968 5012 1078 5067 τῶν
1122 5011 1383 5066 ἐναντίων
1425 5012 1754 5081 πνευμάτων
1796 5026 1915 5063 κιν-

331 5105 451 5159 δυνε
459 5104 679 5161 ύουσαν.

400 5197 593 5267 Δεῦρο,
642 5196 812 5269 ψυχὴ,
856 5198 1078 5269 πτεροῖς
1123 5195 1514 5268 κουφιζομένη,
1535 5195 1623 5250 διὰ
1662 5196 1919 5268 νηστείας

332 5287 566 5358 ἀρετῶν,
596 5288 698 5357 τῆς
738 5286 1080 5358 χαμαιζήλου
1115 5287 1316 5349 κακίας
1348 5287 1791 5359 ὑπερανάστηθι,
1822 5287 1918 5340 καὶ

332 5379 588 5450 θεωρίαις
612 5379 855 5451 ὲντρύφα
883 5382 1004 5443 ταῖς
1026 5378 1328 5443 ἀνωτάταις
1351 5394 1365 5408 ο
1398 5380 1615 5451 τρυφὴν
1639 5369 1761 5443 ταῖς
1786 5396 1919 5449 προ-

333 5469 612 5537 ξενούσαις
664 5469 774 5523 τῶν
825 5469 1080 5539 ἀγαθῶν,
1116 5470 1356 5541 θεοειδὴς
1400 5474 1671 5543 γενομένη
1706 5472 1794 5525 διὰ
1827 5473 1916 5523 πε-

334 5577 526 5625 στεως.

402 5651 502 5719 τίς
525 5652 799 5717 ἀκουστάς
829 5653 1045 5724 ποιήσει
1070 5653 1169 5718 τὰς
1201 5655 1434 5725 αἰνέσεις
1472 5653 1565 5708 σοῦ
1594 5655 1695 5726 τῆς
1721 5657 1911 5710 τεκού-

335 5760 434 5817 σης
466 5744 604 5816 ὑπὲρ
635 5743 758 5799 νοῦν
798 5743 888 5800 τὸν
932 5745 1143 5800 αίνετδν
1171 5747 1264 5801 καὶ
1301 5748 1593 5819 Δεσπότην,
1624 5748 1783 5819 ἁγνὴ,
1823 5752 1912 5805 καὶ

2010 4674 2140 4715 IIICI.

2084 4750 2396 4805 Divinarum
2417 4748 2731 4818 angelorum
2748 4752 3067 4817 potestates,
3081 4743 3400 4799 clementem
3418 4742 3588 4798 Deum

2009 4845 2297 4913 implut-ate
2322 4841 2414 4907 qui
2438 4840 2607 4895 salvet
2639 4838 2877 4892 animam
2910 4838 2962 4891 in
2993 4837 3128 4890 mari
3157 4837 3319 4904 hujus
3343 4836 3465 4889 vitae
3495 4850 3592 4887 na-

2017 4938 2245 4994 tantem,
2283 4938 2335 4983 ει
2360 4927 2775 4998 tempestatibus
2804 4925 3088 4980 libidinum
3120 4926 3398 4995 agitatam,
3429 4932 3588 4991 atque

2016 5022 2465 5093 aggressionibus
2497 5021 2851 5075 adversorum
2888 5018 3179 5089 spirituum
3211 5017 3504 5085 objectare.

2088 5204 2220 5273 Age,
2254 5201 2455 5266 anima,
2517 5199 2711 5271 pennis
2770 5197 2925 5263 fulta,
2984 5212 3081 5266 per
3122 5195 3350 5265 jejunia,
3414 5194 3586 5246 virtu-

2020 5303 2154 5357 tum,
2189 5294 2462 5360 abji-ctam
2507 5293 2770 5346 malitiam
2803 5291 2897 5345 tibi
2927 5289 3237 5349 substerne,
3271 5294 3323 5339 et
3375 5284 3429 5338 in
3472 5300 3585 5337 me-

2019 5385 2376 5440 ditationibus
2408 5385 2727 5439 cudestilius
2760 5396 2900 5450 pone
2963 5379 3211 5441 delicias,
3251 5378 3303 5429 in
3355 5375 3589 5429 medita-

2020 5479 2259 5538 tionibus
2290 5494 2410 5546 qum
2446 5477 2636 5531 beatos
2686 5473 2923 5529 emciunt
2969 5471 3162 5533 bonos,
3199 5467 3393 5523 similis
3446 5465 3588 5520 facta

2020 5572 2130 5624 Deo
2165 5586 2258 5639 per
2300 5570 2479 5624 fidem.

2090 5664 2224 5729 Quis
2259 5664 2474 5717 auditas
2518 5660 2677 5714 faciet
2728 5657 2914 5711 laudes
2976 5664 3120 5717 tuas,
3177 5669 3297 5723 qua:
3352 5651 3589 5723 genuisti

2017 5756 2176 5809 modo
2216 5749 2755 5823 incomprclicnsibili
2790 5746 3111 5804 laudabilem
3156 5742 3382 5810 llertnn,
3417 5752 3589 5809 casta,
