4036 6236
535 257 678 323 3843

1323 234 1327 238 ’
1424 260 1484 322 s.
1522 259 1947 321 SOPHRONII
1987 256 2496 320 PATRIARCH:E
2528 257 2930 322 HlEROSOL.

3661 270 3797 332 εδει

536 379 591 426 et
620 369 932 436 hominum,
963 384 1122 440 quem
1164 368 1390 425 laudant
1415 371 1778 440 archangeli?
1811 371 1964 424 illum
2016 370 2118 439 igi-

2225 367 2448 438 Κύριον,
2499 368 2668 438 ὅνπερ
2701 369 2940 424 αἰνοῦσιν
2971 371 3216 441 ἀγγέλων
3246 375 3590 450 ταξιαρχίαι,
3631 382 3797 434 Αὐτὸν

537 471 627 514 tur
677 460 905 530 implora
967 475 1065 532 pro
1118 460 1320 548 populo
1390 460 1749 531 delinquenti‘,
1812 459 1974 531 Virgo
2040 461 2123 514 in-

541 563 729 624 nupta.

1059 643 1267 698 Floruii
1301 643 1588 698 desertum.

602 734 998 804 Cruciligamns
1048 733 1292 790 membra
1342 749 1437 804 per
1473 730 1908 802 temperantiam:
1947 729 2118 785 sobrii

533 825 705 878 simus
733 825 798 877 ad
834 824 1128 885 orationes.
1172 833 1230 878 nt
1265 823 1528 892 scriptun
1559 831 1663 882 est.
1706 829 1760 875 et
1793 819 1949 887 juxta
2000 835 2118 874 ves-

532 914 663 984 tigia
713 915 964 969 vivamus
1025 913 1283 984 patientis
1331 911 1424 982 qui
1473 909 1690 965 dolores
1725 905 2003 963 damnavit
2049 908 2117 962 ad

532 1013 788 1060 mortem.

604 1095 950 1165 Exspuentes
1013 1106 1256 1146 amarum
1314 1100 1616 1160 peccatum,
1662 1085 1984 1142 festinemus
2017 1101 2116 1141 vo-

531 1186 742 1242 luntate
781 1199 904 1254 qua:
955 1186 1091 1236 iram
1118 1193 1340 1252 experta
1379 1189 1464 1238 est
1506 1179 1861 1250 bcneplacere
1893 1179 2116 1235 Christo

529 1277 623 1347 qui
687 1291 782 1347 per
837 1290 1054 1330 crucem
1129 1274 1393 1329 destruxit
1471 1273 1797 1343 principium
1869 1271 2113 1327 omnium

549 1367 841 1422 malorum.

597 1459 697 1514 Cui
749 1473 1008 1515 assuesco
1067 1467 1352 1530 peceatum
1410 1455 1578 1510 trahit
1620 1468 1705 1509 me
1753 1453 1809 1507 in
1847 1452 2112 1524 integram

526 1551 744 1605 ruinam
774 1565 788 1602 :
833 1549 928 1606 sed
959 1559 1017 1606 tu
1054 1566 1140 1606 me
1169 1550 1238 1604 ab
1266 1565 1326 1604 ea
1357 1561 1622 1620 praeserva
1656 1561 1754 1616 per
1789 1555 1934 1601 tuam
1984 1561 2112 1600 cru-

537 1657 680 1705 cem,
707 1643 946 1700 clemens
978 1641 1513 1698 misericordissime.

2223 455 2314 513 οὖν
2360 459 2662 514 ἐκδυσιῖητει
2720 464 2858 535 ὑπὲρ
2909 465 3036 518 λαοῦ
3083 471 3507 541 ἡμαρτηκότος,
3558 473 3795 546 Παρθένε

2223 551 2582 623 άπειρόγαμε.

2645 645 3023 714 Ἐξήνοησεν
3062 650 3098 717 ἡ
3137 651 3375 722 ἕρημος.

2292 735 2706 808 Σταυρώσωμεν
2747 740 2815 792 τὰ
2852 740 2987 812 μέλη
3041 741 3108 795 δι’
3134 745 3494 816 ἐγκρατείαςο
3540 745 3796 818 νήφωμεν

2220 828 2299 890 είς
2349 830 2679 900 προσευχάς,
2709 831 2783 895 ὡς
2809 833 3138 903 γέγραπται,
3170 835 3261 888 καὶ
3304 839 3426 890 κατ’
3453 838 3600 910 ἴχνος
3651 841 3798 893 πολι-

2218 918 2538 986 τευσὼμεθα
2575 920 2669 974 τοῦ
2713 921 2974 986 παθόντος
3010 925 3104 977 καὶ
3141 924 3289 998 πάθη
3329 926 3761 994 θανατώσαντος.

2288 1081 2621 1155 Ἐμέσαντες
2668 1085 2768 1160 τὴν
2817 1087 3088 1162 ἔμπικρον
3136 1091 3436 1164 ἁμαρτίαν,
3471 1095 3798 1166 σπεύσωμεν

2216 1175 2294 1246 τῷ
2345 1176 2446 1248 τὴν
2505 1177 2666 1250 χολὴν
2730 1179 2996 1250 θελήματι
3053 1184 3377 1257 γευσαμένῳ
3429 1187 3796 1260 εὐαρεστῆσαι

2216 1267 2461 1339 Χριστῷ,
2499 1270 2578 1341 τῷ
2619 1269 2840 1342 σταυρῷ
2875 1271 3157 1328 καθελόντι
3189 1275 3282 1329 τὸν
3318 1277 3652 1348 ἀρχέκακον.

2283 1447 2581 1520 Συνήθειαν
2607 1448 2846 1505 λαϐοῦσα
2867 1452 2901 1522 ἡ
2923 1453 3166 1524 ἁμαρτία
3188 1452 3334 1508 ἕλκει
3356 1471 3424 1525 με
3450 1457 3532 1520 εἰς
3553 1458 3794 1530 παντελῆ

2212 1538 2489 1595 ἀπώλειαν
2505 1555 2520 1570 ⁶
2543 1541 2677 1596 ἀλλὰ
2700 1539 2765 1595 σύ
2793 1559 2863 1614 με
2881 1543 3085 1616 ταύτης
3107 1545 3451 1619 ἐκλύτρωσαι
3471 1547 3551 1620 τῷ
3572 1551 3793 1624 σταυρῷ

2215 1647 2333 1697 σου,
2361 1632 2682 1706 οἰκτίρμων,
2704 1633 2978 1690 πολυέλεε.

598 1732 803 1805 Regere
824 1751 1016 1791 omnes
1039 1747 1218 1797 actus,
1247 1730 1473 1802 Regina,
1503 1745 1624 1800 qua:
1647 1743 1824 1798 regem
1863 1725 2120 1796 genuisti,

2290 1721 2633 1786 Δεσπόζουσα
2651 1723 2906 1779 ἁπάντων
2921 1725 3029 1780 τῶν
3047 1729 3386 1800 ποιημάτων,
3415 1731 3703 1796 Δέσποινα,
3718 1731 3791 1796 ὡς

529 1828 795 1884 servitute
823 1828 994 1884 libera
1020 1844 1106 1884 me
1136 1828 1307 1883 dolosi
1337 1826 1613 1896 soliusque
1638 1824 1912 1879 bellantis.

1087 2006 1340 2060 Caminus
1370 2007 1544 2060 modo.

596 2097 860 2154 Caminus
906 2095 1193 2152 libidinum
1241 2095 1535 2150 inﬂammat
1591 2095 1828 2152 animam
1875 2109 2050 2152 meam
2094 2112 2110 2150 :

526 2205 653 2244 rore
682 2196 862 2244 autem
911 2189 1303 2243 misericordiae
1346 2197 1451 2241 tua:
1485 2189 1622 2242 hanc
1649 2188 1914 2258 refrigera
1951 2206 1965 2242 :
2003 2202 2112 2258 quo

531 2283 750 2336 volente
786 2282 1047 2336 salierunt
1080 2275 1230 2350 pacis
1274 2283 1446 2334 lentes
1477 2296 1542 2334 ex
1573 2279 1782 2334 intacto
1821 2279 1989 2334 latere
2015 2289 2110 2334 tuo

519 2367 741 2444 quando
769 2371 1064 2430 crucifixus
1090 2388 1171 2435 es,
1206 2371 1470 2436 benellce,
1505 2385 1632 2424 cum
1686 2383 1882 2440 magna
1935 2369 2108 2424 humi-

523 2465 775 2520 liatione.

593 2557 868 2611 Extollens
901 2569 1001 2610 nos
1046 2554 1112 2608 ad
1155 2551 1415 2607 malitiam
1465 2551 1762 2607 inclinatus
1809 2565 1904 2622 per
1953 2558 2103 2604 tuam

520 2649 575 2702 in
620 2663 786 2702 cruce
840 2646 1191 2709 erectioncm,
1228 2644 1482 2700 Christe:
1514 2644 1655 2698 unde
1687 2643 1979 2712 jacientem
2017 2655 2103 2694 me

519 2751 742 2810 precata
773 2739 824 2791 in
857 2738 1112 2808 abyssum
1150 2735 1317 2790 reduc
1352 2745 1407 2790 et
1435 2735 1667 2801 sustine,
1701 2744 1852 2805 petra
1883 2733 2100 2796 salutis,

518 2848 575 2884 ιιι
605 2828 907 2898 gloriﬁcent
950 2827 1246 2897 potentiam
1279 2834 1450 2881 luant.

590 2921 691 2974 Per
739 2921 980 2972 lanceam
1035 2924 1208 2981 tuam,
1257 2917 1497 2982 Christe,
1550 2915 1834 2971 libidinum
1896 2931 2093 2972 corru-

519 3016 757 3082 ptionem
799 3024 1036 3078 espurga
1063 3008 1132 3062 de
1159 3007 1324 3063 corde
1358 3023 1501 3072 meo.
1534 3010 1920 3082 integrumque
1946 3025 2101 3065 sanc-

2218 1809 2312 1866 τὸν
2352 1812 2626 1882 Δεσπότην
2666 1815 2888 1882 τέξασα,
2915 1816 3014 1886 τῆς
3051 1816 3292 1884 δουλείας
3326 1837 3394 1892 με
3427 1821 3790 1892 ὲλευθέρωσον

2218 1904 2523 1970 τοῦ,δολίου
2563 1907 2656 1960 καὶ
2697 1909 2859 1978 μόνου
2899 1910 3291 1982 πολεμήτορος.

2772 2000 3034 2071 Ιίάμινός
3071 2019 3235 2058 ποτε.

2286 2091 2530 2162 Κάμινος
2559 2091 2747 2145 παθῶν
2781 2093 3022 2162 φλογίζει
3051 2095 3146 2167 τὴν
3176 2095 3353 2168 ψυχήν
3384 2112 3518 2167 μου·
3552 2097 3690 2152 ἀλλὰ
3722 2100 3786 2170 τῇ

2214 2180 2389 2252 δρόσῳ
2418 2180 2511 2234 τοῦ
2545 2181 2726 2246 ἐλέους
2751 2199 2845 2237 σου
2876 2185 3077 2254 ταύτην
3099 2185 3487 2258 καταμάρανον
3507 2205 3524 2222 ·
3548 2189 3578 2242 ὸ
3605 2190 3786 2260 πηγά-

2218 2289 2316 2335 σας
2361 2273 2632 2338 ἀπαθείας
2682 2277 2940 2346 κρουνοὺς
2993 2275 3232 2349 πλευρᾶς
3275 2275 3336 2343 ἐξ
3380 2278 3666 2350 ἀκηράτου
3697 2294 3784 2332 σου

2217 2363 2637 2436 σταυρούμενος,
2671 2366 2953 2439 εὐεργέτα,
2982 2367 3070 2422 διὰ
3095 2368 3292 2442 πολλὴν
3319 2369 3747 2440 συγκατάσασιν.

2285 2545 2548 2618 ’Υψωσας
2581 2550 2728 2620 ἡμᾶς
2761 2551 3024 2616 πεσόντας
3045 2542 3126 2616 ε’ίς
3152 2553 3370 2622 κακίαν,
3390 2557 3456 2627 τῇ
3480 2557 3541 2610 ὲν
3565 2553 3782 2626 σταυρῷ

2213 2653 2305 2690 σου
2335 2637 2626 2708 ἀνυψώσει,
2651 2641 2874 2712 Χριστέ·
2897 2641 3018 2696 ὅθεν
3040 2641 3398 2716 όλισθήσαντα
3415 2646 3694 2717 ἁμαρτίας
3717 2661 3780 2716 με

2209 2729 2289 2792 εἰς
2325 2727 2592 2802 βάραθρα,
2621 2733 2862 2801 ἀνάγαγε
2896 2735 2989 2787 καὶ
3023 2735 3296 2806 στήριξον,
3325 2731 3502 2808 πέἳρα
3531 2737 3636 2810 τῆς
3683 2755 3781 2791 σω·

2207 2821 2429 2890 τηρίας,
2469 2822 2618 2886 ὅπως
2654 2822 2862 2889 δοξάζω
2901 2825 2960 2878 τὸ
2997 2827 3196 2896 κράτος
3234 2844 3350 2882 σου.
3770 2828 3774 2832 ’

2277 2914 2464 2988 Λόγχῃ
2486 2932 2600 2980 σου,
2624 2915 2844 2988 Χριστὲ,
2873 2915 3062 2972 παθῶν
3085 2917 3184 2990 τὴν
3211 2919 3474 2992 σηπεδόνα
3497 2920 3778 2978 ἀποκαθά-

2210 3021 2308 3075 ρας
2340 3007 2439 3074 τῆς
2467 3007 2695 3078 καρδίας
2731 3025 2835 3078 μου
2859 3048 2876 3073 ,
2906 3009 3026 3063 ὅλον
3075 3011 3432 3080 καθαγίασον,
3479 3013 3540 3070 ὃν
3585 3015 3618 3068 ὁ
3662 3013 3777 3083 ﬁet;

517 3101 660 3155 tilica
697 3101 840 3170 quod
875 3115 1102 3169 serpens
1147 3099 1452 3153 vulnerant
1486 3100 1746 3154 dentibus
1783 3101 2090 3156 venenatis:

2208 3097 2602 3168 ὲτραυμάτισεν
2627 3099 2836 3154 ὀδοῦσιν
2867 3101 3091 3167 ίοϐόλοις
3113 3118 3126 3133 ·
3155 3105 3248 3158 καὶ
3275 3104 3417 3160 δίδου
3447 3121 3539 3177 μοι
3566 3107 3776 3161 ἀκωλύ-

513 3200 569 3245 et
607 3189 846 3245 com-ede
900 3189 1032 3242 mihi
1083 3187 1288 3258 absque
1332 3189 1721 3260 impedimento
1770 3206 1866 3260 per
1895 3191 2106 3246 divinas

518 3281 638 3335 vias
669 3279 980 3336 ambulare.

585 3372 663 3426 'l‘e
693 3372 983 3442 fulgentem
1013 3371 1316 3442 lampadem
1344 3379 1397 3426 et
1427 3371 1846 3438 carbunculum,
1883 3374 1937 3427 in
1995 3387 2103 3444 qua

518 3463 660 3536 ignis
696 3463 1000 3520 divinitatis
1057 3461 1310 3520 residens
1346 3463 1671 3520 illuminavit
1701 3477 1992 3536 percussos
2023 3466 2106 3520 ni-

500 3571 612 3624 gra
671 3554 1057 3624 corruptione,
1101 3555 1444 3616 intemerata,
1507 3561 1843 3611 ‘veueramur
1896 3570 2101 3614 amnes

517 3645 940 3714 benedicentes,
973 3645 1260 3702 benedicta
1309 3654 1534 3716 propter
1585 3647 1826 3703 fructum
1885 3650 2098 3704 ventris

519 3737 622 3791 tui.
679 3765 695 3779 -

760 3900 774 3908 _
1037 3847 1250 3904 literni
1295 3851 1553 3922 parentis.

594 3940 730 3996 Cum
778 3939 1074 4012 splendore
1111 3947 1204 4014 qui
1236 3945 1408 4000 solem
1437 3954 1680 4016 superat.
1727 3945 1798 4000 ob
1827 3944 2098 4016 jejunium

513 4030 752 4101 fulgens,
785 4034 958 4103 gratia
991 4033 1402 4104 fulgentissima
1452 4036 1794 4108 evangelizat
1841 4037 2100 4093 omnibus

513 4124 704 4178 crucis
751 4123 953 4191 radios,
989 4133 1046 4180 et
1095 4140 1354 4182 auroram
1410 4129 1744 4184 venerabilis
1787 4127 2096 4200 passionis.

509 4223 566 4270 et
595 4215 1018 4272 resurrectionis
1044 4217 1186 4273 diem
1209 4218 1530 4274 salutarem.

591 4306 916 4362 Castitatem
972 4316 1245 4380 optemus,
1319 4295 2093 4383 impudicitiam‘fngiamus,

2205 3202 2314 3248 τως
2353 3187 2502 3250 θείας
2547 3188 2676 3261 πρὸς
2714 3189 2934 3260 τρίϐους
2971 3190 3320 3263 πορεύεσθαι.

2277 3369 2344 3422 Σὲ
2371 3369 2469 3441 τὴν
2498 3369 2723 3442 φαεινὴν
2751 3369 3009 3441 λαμπάδα
3041 3373 3135 3426 καὶ
3162 3373 3400 3446 λυχνίαν,
3432 3377 3490 3429 ιν
3581 3376 3646 3430 ea
3672 3373 3776 3447 πῦρ

2204 3457 2268 3511 τὸ
2313 3459 2411 3529 τῆς
2456 3459 2732 3531 θεότητος,
2763 3460 2990 3530 οίκῆσαν
3023 3461 3256 3532 ἐφώτισε
3311 3466 3440 3530 τούς
3481 3466 3778 3520 νυκτοειδεί

2206 3551 2566 3620 συσχεθέντας
2593 3551 2790 3626 φθορᾷ,
2841 3553 3096 3625 άμίαντε,
3143 3556 3491 3628 γεραίρωμεν
3539 3557 3774 3622 άπαντες

2204 3639 2575 3708 εὐλογοῦντες,
2615 3639 2956 3716 εὐλογημένη
2994 3643 3086 3698 τὸν
3122 3644 3282 3699 τόκον
3320 3659 3433 3699 σου.

2640 3839 2936 3912 Ἀνιίρχου
2977 3839 3352 3912 πεννήτορος.

2289 3928 2470 3983 Ἦλίου
2502 3931 2879 4004 φαιδρότερον,
2905 3931 3162 4004 νηστείας
3194 3930 3579 4002 ἀναλάμψασα,
3610 3935 3644 4005 ἡ
3679 3951 3773 3988 πο-

2200 4023 2445 4094 λύφωτος
2478 4025 2661 4096 χάρις,
2689 4024 3098 4094 εὐαγγελίζεται
3128 4027 3264 4080 πᾶσι
3291 4024 3386 4080 τοῦ
3419 4025 3654 4098 σταυροῦ
3676 4025 3772 4090 τὰς

2200 4116 2448 4182 ἀκτῖνας,
2484 4117 2580 4171 καὶ
2610 4117 2708 4181 τὰς
2745 4117 2920 4188 αὐγὰς
2951 4117 3046 4172 τοῦ
3076 4118 3262 4190 τιμίου
3291 4118 3518 4186 πάθους,
3551 4120 3646 4173 καὶ
3675 4117 3769 4188 τῆς

2203 4208 2557 4273 ἀναστάσεως
2594 4210 2694 4280 τὴν
2731 4209 2945 4281 ἡμέραν
2979 4209 3080 4280 τὴν
3119 4211 3413 4282 σωτήριον.

2280 4301 2534 4370 ’Λγνείαν
2561 4302 2890 4374 ποθήσωμεν
2911 4341 2927 4368 ,
2959 4301 3216 4372 πορνείαν
3242 4301 3646 4375 ἀποφύγωμεν,
3674 4303 3768 4372 τὴν

510 4398 912 4468 praecinganius
942 4413 1102 4454 renes
1133 4403 1516 4470 temperantia,
1555 4413 1615 4458 ιιι
1657 4403 1780 4474 puri
1825 4417 2130 4492 apparea-J

2205 4393 2368 4464 ὐσφύν
2433 4393 2758 4467 σοφρωσύνῃ
2818 4393 3296 4465 περιζωσώμεθα,
3349 4393 3498 4458 ὅπως
3543 4393 3770 4466 καθαροὶ

511 4504 636 4544 mus
666 4499 792 4543 ante
817 4505 1013 4560 purum
1049 4498 1102 4546 et
1124 4492 1466 4550 solummodo
1487 4495 1851 4566 requirentem
1879 4498 1949 4552 ab
1970 4513 2092 4553 om-
2115 4485 2130 4492 ’

2205 4487 2526 4560 ὲτεθείθθεῖιδίιιιεν
2574 4487 2654 4557 τῷ
2701 4486 2930 4558 καθαρῷ
2962 4489 3058 4542 καὶ
3091 4487 3251 4558 μόνον
3299 4489 3367 4542 ὲκ
3411 4487 3626 4540 πάντων
3672 4485 3766 4557 ζη-

510 4583 675 4637 nibus
709 4582 1024 4652 puritatem,
1049 4581 1386 4642 Salvatorctn
1411 4589 1721 4642 animarum
1753 4599 2088 4647 nostrarum.

582 4673 822 4738 Christe,
877 4675 1078 4730 timore
1137 4685 1232 4732 tuo
1270 4679 1481 4750 conlige
1521 4695 1719 4736 carnes
1754 4695 1950 4738 meas:
1996 4681 2092 4752 qui

507 4763 664 4821 cruci
711 4774 990 4836 peceatum
1035 4767 1224 4823 Adami
1285 4769 1581 4837 conlisisti,
1624 4771 1775 4826 solve
1821 4773 2089 4828 malorum

507 4873 753 4914 nieorum
775 4859 1080 4926 vinculum,
1109 4861 1237 4916 mali
1275 4860 1561 4932 confringe
1607 4863 1713 4919 tela
1751 4864 1940 4920 lancea
1972 4874 2084 4931 tua,

509 4948 757 5014 Domine,
782 4957 838 5004 et
862 4949 932 5004 ab
961 4949 1051 5004 illa
1079 4950 1392 5010 calamitate
1425 4953 1597 5008 libera
1622 4970 1728 5010 me.

572 5123 820 5181 Iudicem
859 5125 1239 5197 aequissimum
1270 5137 1325 5184 et
1359 5129 1537 5184 solum
1575 5131 2086 5200 clementissimum,

506 5216 690 5290 Virgo,
731 5233 852 5288 quae
879 5216 1116 5288 genuisti
1143 5219 1421 5276 Christum
1453 5221 1760 5290 Dominum,
1790 5223 1994 5290 Puella,
2030 5224 2090 5277 Ii-

499 5311 629 5366 hera
691 5323 776 5364 me
817 5323 848 5362 a
901 5308 1255 5366 damnatione
1320 5323 1374 5368 et
1411 5316 1537 5386 igne
1593 5329 1658 5370 ac
1707 5317 1966 5382 vindicta,
2026 5323 2084 5370 tu

498 5403 660 5474 cujus
691 5400 906 5457 fructus
929 5411 1154 5472 peccata
1188 5420 1306 5461 mea
1343 5409 1606 5479 suscepit.

1011 5491 1236 5563 Sapiens
1270 5498 1580 5568 ine/rabilis.
1753 5561 1757 5565 ,

569 5584 673 5651 Qui
721 5596 778 5640 ιιι
807 5592 955 5641 astra
1007 5586 1063 5640 in
1111 5602 1334 5660 apogzee
1371 5591 1671 5662 discipulos
1711 5592 1765 5646 in
1817 5591 2082 5664 praaliea-

504 5679 652 5732 tione
688 5679 1000 5747 ostendisti,
1035 5679 1271 5736 Verbum
1331 5682 1444 5750 Dei,
1495 5685 1658 5740 corda
1712 5694 1899 5741 nostra
1957 5685 2084 5740 illu-

2193 4581 2374 4637 τοῦντι
2409 4584 2510 4653 τὴν
2545 4580 2832 4652 κάθαρσιν,
2860 4579 2938 4652 τῷ
2959 4580 3174 4652 Σωτῆρι
3209 4580 3320 4634 τῶν
3354 4579 3542 4651 ψυχῶν
3579 4581 3757 4652 ἡμῶν.

2261 4672 2484 4744 Χριστδ,
2531 4674 2597 4727 ὲκ
2617 4671 2709 4726 τοῦ
2742 4671 2909 4742 φόδου
2953 4689 3045 4726 σου
3081 4670 3399 4743 καθήλωσον
3429 4672 3529 4737 τὰς
3561 4671 3765 4744 σάρκας

2194 4783 2334 4838 μουο
2388 4767 2418 4820 δ
2469 4763 2688 4836 σταυρῷ
2719 4762 3080 4836 προσηλώσας
3121 4763 3222 4836 τὴν
3262 4765 3538 4838 ἁμαρτίαν
3575 4766 3761 4836 Ἀδάμ,

2189 4857 2351 4910 λῦσον
2384 4855 2494 4910 τῶν
2523 4856 2710 4911 κακῶν
2742 4873 2844 4928 μου
2878 4856 2978 4926 τὴν
3023 4855 3190 4922 δέσιν,
3222 4855 3318 4910 τοῦ
3358 4855 3605 4928 Πονηροῦ
3644 4856 3765 4909 σύν-

2189 4948 2380 5020 τριψον
2407 4945 2474 5004 τὰ
2504 4948 2631 5020 βέλη
2662 4951 2728 5020 τῇ
2757 4947 2926 5020 λόγχη
2955 4965 3072 5016 σου,
3097 4949 3362 5015 Δέσποτα,
3393 4949 3610 5022 καὶτῆς
3639 4949 3761 5005 τούο

2188 5055 2282 5092 του
2321 5037 2523 5110 βλάϐης
2561 5039 2724 5109 ῥῦσαί
2763 5055 2854 5107 με.

2257 5131 2467 5204 Κριτὴν
2493 5131 2832 5188 δικαιότατον
2859 5131 2955 5186 καὶ
2985 5132 3149 5203 μόνον
3180 5130 3584 5197 εὐδιάλλακτον,
3613 5131 3646 5203 ἡ
3676 5120 3760 5182 τε·

2189 5223 2377 5288 κοῦσα,
2413 5222 2678 5294 Παρθένε,
2706 5223 2942 5295 Χριστὸν
2972 5224 3197 5296 Κύριον,
3225 5221 3388 5295 ῥῦσαί
3411 5239 3480 5294 με
3507 5222 3604 5296 τῆς
3646 5220 3759 5293 κρί-

2187 5331 2346 5380 σεως,
2381 5315 2556 5388 Κόρη,
2577 5316 2670 5370 καὶ
2695 5314 2788 5370 τοῦ
2815 5317 2988 5386 πυρὸς
3020 5316 3114 5370 καὶ
3137 5317 3236 5388 τῆς
3257 5317 3554 5388 τιμωρίας,
3573 5309 3640 5388 ἧς
3667 5329 3757 5386 μοι

2185 5407 2548 5480 προεξένησεν
2586 5408 2861 5481 ἁμαρτίας
2903 5410 2937 5479 ἠ
2975 5407 3297 5470 ἀπόλαυσις.

2591 5500 2646 5554 '9
2683 5503 2949 5571 σοφίσας
2977 5501 3131 5568 ὑπὲρ
3159 5501 3370 5569 ῥητόν.

2267 5591 2325 5642 '0
2351 5592 2646 5662 φωστῆρσς
2673 5593 2732 5646 ἐν
2758 5595 2867 5655 τοῖς
2893 5592 3091 5662 πέρασι
3117 5591 3241 5654 τούς
3271 5590 3519 5661 μαθητάς
3549 5586 3752 5646 ἀναδεί-

2187 5685 2281 5750 ξας
2337 5684 2414 5757 τῷ
2465 5685 2797 5757 κηρύγματι,
2824 5683 2958 5753 Aera
3009 5683 3166 5751 Θεοῦ,
3198 5683 3296 5747 τάς
3335 5681 3561 5753 καρδίας
3599 5678 3750 5753 ἡμῶν
