4036 6236
339 334 485 401 3845

1773 315 2177 379 TRIODIUM.

3437 295 3577 359 3316

339 444 574 514 φῶτισον
615 440 756 504 φωτὶ
790 439 1019 511 ἀρετῶν,
1052 436 1148 491 καὶ
1190 433 1413 506 νηστείᾳ
1460 431 1717 503 κάθαρον,
1750 428 1920 485 διδοὺς

2046 426 2166 477 uina
2214 424 2422 494 fulgore
2465 422 2746 481 virtutum,
2790 410 3079 487 otjﬁunio
3111 410 3582 484 puriﬁca,conce—

343 526 625 603 μετάνοιαν
657 531 991 601 ἐπιστροφῆς
1021 527 1137 589 τοῖς
1162 524 1372 586 δούλοις
1402 540 1521 583 σου,
1552 521 1630 583 είς
1662 519 1726 571 τὸ
1767 516 1919 579 δοξά-

340 627 453 687 ζειν
492 642 584 689 σε,
620 626 648 676 ὁ
689 623 848 694 μόνος
888 619 1169 688 ὑπάρχων,
1214 612 1552 683 ὑπεράγαθε.

730 730 1070 800 Ἐλήλυθας
1107 726 1175 780 ἐκ
1213 723 1542 793 Παρθένου.

413 825 767 898 Ἑγκρατείας
798 824 896 886 τὰς
924 820 1098 889 αὐγὰς
1129 816 1390 888 δεχομένη
1423 812 1793 885 ἀστράφθητι,
1820 812 1924 883 ψυ-

349 921 441 989 χὴ,
470 919 563 971 καὶ
592 917 842 985 ἀπόφυγε
890 914 991 983 τῆς
1038 908 1310 981 ἁμαρτίας
1341 906 1440 977 τὴν
1486 904 1745 974 ζόφωσιν,
1776 903 1923 966 ὅπως

344 1011 598 1080 ἀνατείλῃ
638 1025 722 1061 σοι
760 1008 794 1079 ἡ
831 1005 933 1076 τῆς
970 1003 1217 1074 ἀφέσεως
1253 999 1421 1067 αἴγλη
1457 997 1586 1066 θείῳ
1625 996 1922 1068 Πνεύματι.

415 1100 725 1167 ’Λγκίστρῳ
756 1112 821 1166 με
856 1093 1050 1166 ἡδονῆς
1093 1090 1350 1153 δελεάσας
1374 1090 1402 1141 ό
1431 1088 1601 1152 δόλιος
1640 1087 1925 1158 αἰχμάλω-

346 1205 436 1241 τον
470 1186 659 1240 ἔλασεν
681 1202 696 1215 ·
726 1184 845 1238 ἀλλ’
877 1184 928 1236 oi
960 1183 1055 1235 τὸν
1078 1181 1284 1250 κόσμον
1313 1177 1599 1233 ἀπόστολοι
1643 1178 1786 1248 λόγῳ
1829 1193 1927 1229 σα-

344 1278 730 1349 γηνεύσαντες,
749 1278 814 1329 ὲκ
830 1275 928 1346 τῆς
945 1272 1110 1328 αὐτοῦ
1133 1289 1199 1341 με
1221 1270 1419 1332 κακίας
1440 1266 1877 1339 ἐκλυτρὼσασθε.

413 1368 724 1438 Ἐδείχθητε
752 1365 846 1419 τοῦ
877 1365 1057 1417 Ἡλίου
1086 1363 1183 1433 τῆς
1211 1361 1368 1432 δόξης
1403 1360 1754 1429 αύτάσματα,
1793 1357 1928 1411 ἀπό-

348 1459 524 1513 στολοι
561 1457 761 1523 ἔνδοξοι
780 1497 795 1522 ,
841 1456 1051 1525 πλάνης
1080 1453 1249 1525 ἀχλὺν
1277 1452 1672 1515 ἀπελαύνοντες
1693 1466 1708 1480 ·
1743 1449 1839 1504 νῦν
1869 1449 1926 1503 δέ

350 1568 420 1624 με
457 1549 730 1620 φωτίσατε
782 1548 874 1603 τὸν
923 1546 1029 1602 ὑπὸ
1067 1547 1248 1618 πάσης
1286 1545 1487 1608 κακίας
1527 1541 1927 1614 σκοτιζόμενον.

316 1667 320 1696 :
419 1639 777 1713 Κεκράξομαι
808 1640 869 1693 ὲν
897 1639 1058 1694 νυκτὶ
1098 1638 1194 1693 καὶ
1237 1636 1423 1709 ἡμέρᾳ
1452 1636 1767 1707 θλιϐόμενος
1795 1633 1933 1704 πρὸς

350 1730 430 1794 σὲ,
460 1730 556 1784 καλ⁸
590 1730 964 1802 ρυσθήσομαι,
996 1730 1091 1783 καὶ
1140 1728 1344 1800 ἡδονῶν
1390 1727 1775 1799 ὑπερθήσομαι
1824 1722 1934 1776 τεί-

348 1838 509 1892 χους,
546 1822 644 1877 καὶ
678 1823 1028 1895 σωθήσομαι,
1060 1822 1129 1893 τῇ
1168 1818 1542 1892 σῇ,Πάρθενε,
1577 1817 1802 1888 δυνάμει
1821 1831 1932 1869 τει-

353 1915 661 1985 χιζόμενος.

708 2021 798 2090 Τῷ
838 2022 1085 2093 δόγματι
1122 2021 1203 2088 τῷ
1239 2016 1589 2091 rimari-tch).

421 2111 832 2184 Νηστεύσωμεν
862 2113 1044 2183 πάσης
1074 2110 1290 2182 ἡδονῆς,
1315 2108 1695 2181 πικραίνοντες
1721 2106 1818 2178 τὴν
1847 2106 1935 2161 αἷ-

355 2201 546 2274 σθησιν
572 2204 799 2276 νηστείᾳ
816 2243 832 2270 ,
874 2203 968 2257 καὶ
997 2201 1345 2269 κατανύξεως
1380 2200 1532 2270 πόμα
1558 2197 1777 2270 θερμῶς
1802 2197 1938 2250 πιώ-

358 2295 498 2367 μεθα
536 2295 849 2365 ιζάλλοντεςο
894 2295 1203 2364 Εὑλογεϊτε,
1240 2292 1310 2346 τὰ
1351 2292 1510 2363 ἔργα.

427 2386 543 2458 Τῆς
577 2387 821 2450 στάσεως
849 2386 945 2457 τῆς
985 2386 1050 2439 ἑκ
1078 2382 1271 2450 δεξιῶν
1299 2382 1550 2452 γενέσθαι
1585 2379 1843 2436 κοινωνόν
1870 2395 1938 2450 με

367 2478 696 2543 δυσωπεϊτε,
733 2477 811 2531 ὅτ’
833 2478 899 2531 ἂν
925 2476 1191 2545 καθίσητε
1215 2476 1397 2546 κρῖναι
1428 2472 1653 2546 βροτοὺς
1682 2473 1780 2526 σὺν
1807 2472 1942 2542 Χρι-

357 2570 491 2639 στῷ,
518 2570 825 2635 ἀπόστολοι,
850 2570 941 2623 τὸν
978 2568 1202 2631 πολλαῖς
1239 2566 1536 2638 ἁμαρτίαις
1570 2565 1803 2636 κρίσεως
1834 2564 1939 2617 ὑπο

354 2660 597 2717 εύθυνον.

426 2752 517 2805 Ἐν
563 2752 771 2824 ἅρματι
818 2749 979 2804 θείων
1026 2747 1508 2823 άρετῶν,νηστείᾳ
1553 2744 1940 2818 καθαρθέντες,

356 2841 663 2912 ὶπιόῶμεν,
688 2842 785 2894 καὶ⁸
809 2841 947 2913 πρὸς
980 2841 1222 2911 αἰθέριον
1251 2838 1386 2910 ὕψος
1410 2838 1502 2893 τὸν
1530 2836 1656 2892 νοῦν
1692 2835 1943 2892 πετάσθ-

360 2949 483 3005 μεν,
522 2932 816 3002 ψάλλοντες
831 2932 914 3000 τὸ,
940 2931 1249 3001 Εὐλογεῖτε,
1268 2929 1426 3000 ἔργα.

2019 519 2155 570 dens
2200 517 2571 585 paenitentiam
2612 523 2665 566 et
2705 514 3118 566 conversionem
3160 504 3334 560 servis
3374 498 3482 554 tuis
3516 502 3585 554 ad

2020 615 2073 661 te
2104 608 2538 677 gloriﬁcaudnm,
2571 606 2721 661 solus
2755 618 3006 672 supreme
3040 610 3091 654 et
3121 598 3346 670 Optime.

2499 720 2674 773 Natus
2700 734 2754 772 es
2783 732 2847 771 ex
2878 715 3112 785 Virgine.

2091 814 2450 870 Abstinentiae
2495 821 2720 883 accepto
2756 810 2986 880 fulgore,
3014 807 3345 871 illuminare,
3385 805 3586 866 anima,

2025 910 2078 957 et
2110 903 2234 973 fuge
2278 905 2485 970 peccati
2535 899 2949 962 obscuritatem,
2983 905 3042 949 ut
3080 895 3329 948 mittatur
3363 894 3460 947 tibi
3500 893 3588 946 in-

2034 990 2324 1062 dulgentia:
2356 990 2614 1060 splendor
2641 988 2824 1043 divino
2854 984 3082 1055 Spiritu.

2106 1080 2276 1135 llamo
2328 1095 2415 1134 me
2459 1078 2702 1134 libidinis
2741 1076 2953 1143 decepit
2984 1073 3209 1129 doiosus
3242 1072 3593 1143 vinctumque

2028 1169 2172 1238 cepit
2191 1186 2206 1222 :
2227 1183 2323 1223 vos
2340 1183 2491 1233 vero,
2508 1166 2775 1237 Apostoli,
2799 1168 2888 1233 qui
2905 1164 3208 1218 medicante
3230 1165 3414 1229 verbo,
3434 1178 3593 1216 tuum-

2028 1261 2155 1316 dttm
2178 1260 2388 1315 retibus
2406 1260 2727 1324 inclusistis,
2745 1259 2891 1311 illius
2911 1257 3113 1312 malitia
3136 1272 3221 1310 me
3244 1255 3539 1311 liberastis.

2098 1350 2370 1421 Apparetc
2424 1350 2556 1405 solis
2607 1350 2791 1420 gloriae
2838 1347 3018 1410 faces,
3057 1346 3300 1416 Apostoli
3360 1347 3594 1407 nobiles,

2030 1440 2378 1494 tenebrarum
2419 1439 2803 1494 obscuritatem
2837 1436 3170 1506 cxpelleutes
3200 1453 3214 1490 :
3242 1451 3387 1490 nunc
3417 1444 3597 1490 autem

2032 1534 2300 1588 illustratc
2328 1548 2415 1586 tne
2442 1547 2536 1601 per
2564 1547 2780 1585 onmem
2817 1530 3079 1584 malitiam
3107 1528 3482 1583 obscuratum.

2103 1623 2366 1678 Clamabo
2419 1639 2514 1692 per
2560 1632 2774 1677 noctem
2829 1630 2881 1675 et
2931 1620 3075 1676 diem
3126 1619 3361 1675 obtritus
3411 1619 3480 1674 ad
3526 1628 3598 1683 te,

2034 1722 2089 1772 et
2145 1713 2436 1779 liberabor,
2477 1721 2531 1767 et
2580 1713 2910 1781 voluptatum
2963 1711 3311 1780 pertransibo
3362 1725 3600 1775 murum,

2036 1815 2091 1862 et
2124 1805 2397 1870 salvabor,
2434 1813 2524 1858 tua
2563 1805 2823 1874 potentia,
2858 1800 3044 1875 Virgo,
3079 1801 3358 1858 defensus.

2568 2009 2783 2065 Decreto
2836 2009 3065 2066 Domini.

2107 2102 2519 2160 Abstine-bimus
2572 2102 2640 2157 ab
2694 2102 2840 2156 oumi
2895 2102 3209 2171 voluptate,
3265 2111 3606 2157 macerantes

2041 2196 2274 2250 mentem
2303 2195 2536 2265 jejunio.
2567 2203 2622 2249 et
2652 2195 3085 2264 rompunctionis
3112 2203 3300 2263 potum
3338 2192 3607 2249 ferventer

2039 2290 2291 2345 bibamus
2327 2288 2714 2344 citltarizantcs
2734 2303 2750 2340 :
2771 2285 3104 2350 Benedicite,
3135 2302 3320 2356 opera.

2112 2379 2316 2433 Eorum
2352 2378 2446 2449 qui
2492 2385 2640 2434 stant
2684 2392 2714 2431 a
2753 2377 2960 2433 dextris
3006 2376 3125 2432 ﬁeri
3172 2385 3483 2432 consortem
3513 2376 3609 2431 de-

2041 2470 2360 2538 precnmini,
2393 2470 2645 2539 apostoli,
2683 2481 2739 2524 ut
2769 2468 3041 2524 obtineant
3062 2510 3078 2536 ,
3109 2469 3325 2541 quando
3357 2468 3612 2523 sederitis

2042 2578 2165 2618 cum
2205 2563 2424 2619 Christo
2450 2562 2697 2635 judicare
2730 2562 2997 2630 homines,
3032 2563 3125 2633 qui
3158 2563 3225 2617 de
3256 2563 3443 2618 multis
3480 2576 3613 2632 pec-

2042 2656 2180 2709 catis
2211 2668 2339 2708 reus
2366 2669 2615 2708 accusor.
3544 2646 3547 2653 ⁴

2112 2742 2170 2798 in
2216 2760 2439 2798 currum
2487 2745 2795 2798 divinarum
2848 2743 3136 2810 virtutum,
3169 2742 3377 2812 jejunio
3428 2742 3610 2811 puriﬁ-

2041 2836 2151 2891 cati
2200 2836 2665 2903 conscendamus,
2709 2836 2777 2890 ad
2827 2837 3104 2891 caelestem
3159 2839 3415 2889 verticem
3463 2851 3616 2890 men-

2042 2937 2150 2984 tem
2202 2928 2589 2992 extendamus,
2626 2930 3014 2982 citltarizantes
3055 2928 3199 2982 hanc
3223 2927 3563 2981 altitudinem
3594 2940 3615 2980 :

2043 3019 2373 3087 Bcnedicite,
2409 3036 2595 3090 opera.

429 3115 717 3186 Διέμεινας
744 3114 1034 3185 άφλεκτος,
1060 3111 1124 3168 τδ
1142 3111 1253 3184 πῦρ
1275 3110 1513 3166 τεκοῦσα
1535 3112 1636 3183 τῆς
1664 3109 1938 3180 θεότητος,

2119 3111 2476 3166 Pernzansisti
2519 3110 2884 3176 incombusta,
2933 3126 3053 3179 qua:
3095 3110 3274 3181 ignem
3316 3109 3619 3165 divinitatis

360 3206 606 3279 Παρθένε
625 3221 639 3236 ⁶
669 3207 811 3262 ἀλλὰ
847 3205 1188 3276 κατάφλεξον
1228 3204 1378 3275 πάθη
1406 3203 1617 3275 ψυχῶν,
1639 3203 1748 3257 τῶν
1778 3201 1944 3274 βοῶν·

360 3315 471 3354 των
505 3299 759 3354 πάντοτε·
800 3297 1115 3367 Εὐλογείτε,
1152 3295 1222 3350 τὰ
1255 3296 1416 3367 ἔργα.

330 3388 335 3393 ’
408 3390 483 3446 Ἦ
512 3393 620 3446 τὸν
656 3390 969 3460 ἀχώρητον
1006 3389 1155 3445 Θεὸν
1190 3388 1261 3442 ἐν
1296 3386 1509 3461 γαστρὶ
1546 3386 1896 3457 χωρήσασα.

431 3483 748 3556 ’Δπερριμμ
758 3484 877 3545 ἐνος
898 3482 1105 3555 ἡδονῶν
1126 3483 1325 3554 ἀχανὲς
1349 3465 1430 3545 εἰς
1455 3481 1714 3550 πέλαγος,
1730 3479 1828 3552 τὴν
1847 3481 1946 3551 τῆς

364 3575 463 3645 σῆς
477 3574 880 3645 εὐσπλαγχνίας
911 3573 1148 3629 ἄϐυσσον
1169 3572 1578 3645 προσκαῗμοῦμαι
1595 3590 1609 3604 ·
1636 3571 1815 3625 Σῶσόν
1854 3588 1945 3642 με,

363 3665 715 3738 Κυδερνῆτα.

432 3758 546 3829 Τῆς
566 3756 969 3828 εὐσπλαγχνίας
983 3758 1017 3827 ἡ
1035 3756 1208 3826 πηγὴ,
1228 3757 1317 3819 δός
1342 3773 1434 3827 μοι
1460 3756 1802 3821 κατανύξεως
1825 3773 1948 3810 στα-

364 3848 600 3918 λαγμὸν,
626 3848 776 3909 ὅπως
824 3845 1262 3915 άποκλαύσωμαι
1317 3846 1425 3900 τῶν
1471 3845 1657 3899 κακῶν
1703 3864 1807 3916 μου
1851 3850 1949 3909 τὰς

366 3939 628 4010 ἀπείρους
663 3937 959 4001 θαλάσσας.

438 4031 562 4085 Τῶν
576 4028 835 4101 μαθητῶν
862 4045 979 4094 σου,
1004 4028 1204 4100 Ἰησοῦ,
1220 4029 1342 4092 ταῖς
1365 4029 1590 4091 σεπταῐς
1617 4027 1832 4104 δεήσεσι
1852 4025 1951 4098 τὴν

371 4122 577 4194 σεπτὴν
606 4120 752 4175 δίδου
784 4136 877 4189 μοι
900 4121 1216 4187 ἀνάστασιν,
1234 4120 1609 4191 προσυκνῆσαι
1633 4118 1812 4173 καὶτὰ
1832 4119 1953 4172 θεία

376 4233 471 4271 σου
511 4214 683 4286 πάθη.

453 4307 520 4361 Ἦ
551 4304 911 4381 ούρανιῖηασα
933 4302 1092 4375 ἡμῶν
1119 4301 1182 4358 τδ
1202 4302 1405 4372 γεῶδες
1431 4299 1681 4372 φύραμα,
1698 4301 1764 4372 τῇ
1786 4300 1844 4353 ὲν
1870 4299 1954 4352 σοὶ

371 4400 464 4454 τοῦ
493 4399 652 4466 Θεοῦ,
670 4399 998 4470 πανάμωμε,
1029 4397 1322 4465 ἐνοικήσει,
1350 4394 1513 4466 ῥῦσαι
1539 4393 1747 4456 πάντας
1772 4390 1952 4447 κινδύο

373 4510 479 4546 νων
485 4530 499 4545 ο

704 4602 771 4657 '0
813 4599 1126 4673 φωτισμὸς
1160 4597 1278 4654 τῶν
1312 4597 1382 4652 ἐν
1416 4599 1639 4653 σκότει.

449 4719 560 4788 Τὴν
595 4720 652 4773 ὲν
683 4717 808 4787 ἐμοὶ
836 4714 1087 4787 καθορῶν
1116 4713 1391 4787 ρᾳθυμίαν
1419 4715 1448 4768 ό
1475 4713 1769 4785 δολιόφρων
1792 4711 1958 4766 σπεύ-

377 4811 458 4865 δει
481 4811 577 4865 καὶ
597 4810 941 4881 συμπράττει
968 4811 1038 4881 τῇ
1067 4808 1346 4880 ἁμαρτίᾳο
1375 4808 1557 4880 χαίρει
1579 4808 1689 4878 γὰρ
1716 4801 1867 4872 οὗτος
1890 4808 1955 4878 τῇ

377 4902 485 4972 ἐμῇ
507 4900 765 4972 τιμωρίᾳ*
796 4899 932 4954 ἀλλὰ
952 4898 1015 4954 σύ
1045 4916 1135 4970 μοι
1155 4898 1299 4954 δίδου
1318 4899 1628 4974 διόρθωσιν,
1650 4898 1856 4970 Σῶτερ,
1879 4899 1960 4961 εἰς

381 4994 591 5046 ἐκείνου
609 4991 914 5064 ἀναίρεσιν,
952 4991 1166 5063 δέομαι.

460 5084 520 5139 '0
573 5085 673 5150 τάς
725 5085 900 5157 ἀρχὰς
957 5083 1339 5157 θριαμϐεύσας
1389 5082 1486 5137 τοῦ
1541 5083 1766 5147 σκότους
1797 5083 1854 5135 ὲν
1881 5081 1960 5152 τῷ

382 5176 598 5247 σταυρῷ
625 5193 741 5243 σου,
773 5177 981 5230 τούτων
1012 5174 1196 5242 ἐξελοῦ
1237 5173 1304 5247 με
1340 5174 1443 5245 τῆς
1481 5175 1838 5243 κακουργίας,
1868 5173 1960 5227 τὸν

381 5267 688 5339 ἐμπεσόντα
716 5270 797 5333 εἰς
827 5264 990 5340 βυθὸν
1023 5269 1302 5341 ἁμαρτίας
1321 5308 1337 5333 ,
1368 5269 1464 5323 καὶ
1498 5269 1579 5332 εἰς
1622 5267 1813 5338 βόθρον
1838 5266 1961 5319 ἀτό-

382 5375 500 5416 πων
537 5360 811 5432 πράξεων,
853 5360 947 5414 σοῦ
983 5359 1040 5413 δὲ
1076 5360 1155 5430 τῷ
1190 5359 1331 5413 ἐλέει
1371 5358 1612 5429 σωθῆναι
1650 5358 1958 5422 ἐλπίζοντα.

467 5452 526 5507 '0
558 5453 856 5524 νεκρωθεὶς
891 5454 949 5505 ὲν
995 5451 1215 5524 σταυρῷ
1242 5451 1590 5521 ἡπλωμένος,
1624 5449 1724 5520 τὴν
1756 5466 1962 5520 νεκρω-

383 5543 570 5599 θεῖσαν
606 5542 825 5606 ζώωσον
850 5541 1032 5614 ψυχήν
1062 5559 1164 5611 μου
1208 5545 1277 5612 τῇ
1312 5541 1580 5612 ἁμαρτίᾳ,
1611 5540 1706 5593 καὶ
1738 5539 1837 5609 τὴν
1870 5555 1959 5591 σε·

387 5637 528 5706 πτήν
545 5651 638 5687 σου
658 5633 1009 5699 ἐξανάστασιν
1031 5633 1231 5703 φθάσαι
1248 5635 1304 5686 ἐν
1321 5635 1532 5703 εἰρήνῃ,
1552 5631 1774 5700 Χριστὲ,
1799 5630 1961 5695 ἀξίω-

384 5724 475 5785 σον
519 5729 822 5801 πράττοντα
858 5726 925 5780 τὰ
966 5726 1032 5780 σὰ
1072 5724 1323 5798 ἐμμελῶς
1360 5721 1726 5797 δικαιώματα.

2052 3204 2310 3273 genuisti,
2347 3202 2505 3273 Virgo
2539 3221 2552 3256 :
2584 3204 2678 3258 sed
2707 3203 2971 3258 comburc
3002 3204 3257 3258 libidines
3286 3202 3618 3264 animarum,

1949 3298 1957 3307 '
2050 3293 2403 3348 clamantium
2431 3309 2646 3365 seraper
2676 3310 2691 3347 ε
2723 3291 3050 3359 Benedicite,
3080 3307 3265 3362 Opera.

2117 3383 2248 3449 Qua:
2281 3385 2593 3438 immensum
2624 3383 2787 3438 Deum
2820 3383 2874 3437 in
2912 3393 3056 3437 utero
3090 3380 3505 3436 circumdedisti.

2123 3475 2382 3546 Dt-jectus
2419 3476 2757 3547 voluptatum
2798 3476 2853 3530 in
2899 3490 3051 3531 mare
3092 3484 3328 3540 vastum,
3363 3475 3620 3545 abyssum

2055 3580 2160 3625 tua:
2191 3567 2583 3624 misericordia:
2611 3567 2819 3621 advoco
2845 3585 2860 3622 :
2888 3563 3047 3621 Salva
3080 3581 3186 3630 me,
3216 3562 3584 3619 Gubernator.

2128 3757 2515 3815 Misericordiae
2563 3756 2806 3819 fons.da
2853 3756 2987 3810 mihi
3027 3754 3467 3828 compunctionis
3504 3760 3627 3825 gut-

2059 3861 2191 3920 tam,
2221 3862 2281 3907 ut
2304 3852 2515 3924 lugeam
2548 3850 2816 3904 malorum
2844 3864 3091 3906 meorum
3121 3850 3330 3904 inﬁnita
3361 3850 3555 3904 maria.

2132 4014 2532 4085 Discipulorum
2565 4021 2809 4077 tuorum,
2837 4009 2990 4075 Iesu,
3018 4011 3122 4082 piis
3154 4010 3409 4081 precibus
3454 4025 3626 4082 augu-

2061 4117 2197 4162 stam
2231 4106 2472 4177 concede
2510 4105 2643 4159 mihi
2678 4104 3158 4168 resurrectionem,
3189 4104 3352 4173 atque
3381 4105 3627 4158 venerari

2060 4201 2275 4257 divinas
2309 4210 2432 4255 tuas
2465 4200 2769 4268 passiones.

2138 4291 2271 4359 Quae
2327 4294 2380 4346 in
2426 4291 2627 4345 caelum
2680 4287 3033 4345 introduxiin
3078 4297 3326 4344 nostrum
3364 4296 3522 4341 terrae
3561 4287 3628 4340 li-

2061 4401 2242 4448 mum,
2292 4400 2388 4455 per
2416 4381 2901 4437 commorationem
2949 4381 3040 4435 Dei
3076 4382 3131 4435 in
3171 4390 3243 4446 te,
3284 4380 3500 4452 penitus
3546 4377 3630 4432 in-

1978 4459 2034 4520 D
2064 4476 2284 4538 violata,
2315 4489 2584 4546 praeserva
2615 4488 2806 4529 omnes
2835 4489 2866 4529 a
2900 4473 3178 4545 periculis.

2225 4587 2551 4647 Hlunzinatio
2582 4588 2791 4643 illorum
2819 4586 2910 4659 qui
2936 4586 2988 4641 in
3020 4585 3242 4640 tenebris
3267 4584 3463 4640 sedent.

2129 4707 2425 4779 Segnitiem
2470 4721 2594 4777 quae
2644 4710 2730 4760 est
2765 4703 2819 4757 in
2874 4699 3365 4759 me'considerans
3409 4697 3634 4757 dolosus

2060 4799 2282 4856 festinat
2312 4805 2477 4866 atque
2496 4794 2720 4864 adjuvat
2747 4799 2971 4862 peccato
2999 4808 3013 4844 :
3048 4789 3136 4844 hic
3171 4788 3314 4845 enim
3357 4787 3636 4857 applaudit

2057 4907 2232 4962 poenae
2264 4905 2399 4945 meae
2433 4897 2526 4943 :tu
2560 4896 2741 4941 autem
2770 4884 2840 4940 da
2880 4882 3015 4939 mihi
3041 4881 3473 4947 conversionem,
3512 4876 3633 4932 Sal-

2059 4992 2237 5045 vator,
2268 4996 2366 5051 pro
2398 4979 2545 5033 illius
2579 4977 2759 5041 ruina,
2787 4989 2999 5044 precor.

2129 5075 2234 5142 Qui
2265 5074 2334 5130 de
2368 5070 2732 5142 potestatibus
2784 5068 3132 5122 tenebrarum
3182 5055 3532 5130 triumphasti
3577 5055 3630 5109 in

2059 5182 2226 5223 cruce
2276 5172 2390 5226 tua,
2420 5162 2610 5217 harum
2645 5158 2796 5228 eripe
2842 5171 2929 5212 me
2968 5154 3172 5208 malitia
3216 5149 3310 5220 qui
3357 5145 3531 5201 cecidi
3578 5143 3634 5198 in

2063 5257 2391 5330 profundum
2425 5253 2656 5325 peccati,
2686 5260 2739 5306 et
2771 5250 2824 5304 in
2854 5249 3063 5303 foveam
3098 5255 3387 5314 pravorum
3413 5246 3633 5294 actuum

2062 5329 2157 5406 sed
2191 5355 2502 5419 sperantem
2538 5359 2634 5415 per
2661 5337 3097 5411 compassioucm
3133 5342 3282 5387 tuam
3310 5329 3529 5386 salvari.

2133 5441 2236 5507 Qui
2270 5447 2522 5493 mortuus
2547 5451 2608 5491 es
2636 5431 2783 5487 cruci
2822 5429 3035 5493 aﬂixus,
3064 5432 3288 5496 peccato
3314 5421 3638 5477 morientem

2063 5534 2276 5589 viviﬁca
2304 5532 2540 5586 aninmm
2568 5541 2766 5590 meam,
2797 5535 2848 5580 et
2871 5519 3235 5577 venerabilem
3265 5526 3412 5571 tuam
3452 5524 3642 5568 resur-

2062 5627 2361 5683 rectionem
2388 5628 2707 5692 exspectare
2735 5617 2789 5671 in
2820 5630 2973 5686 pace,
3014 5612 3251 5679 Clu-iste,
3298 5608 3523 5679 dignare
3552 5600 3637 5657 fa-

2062 5721 2296 5778 cientem
2324 5721 2450 5769 tuas
2474 5709 2772 5782 composite
2796 5706 3053 5779 justitias.
