4036 6236
499 292 637 363 3847

503 503 700 558 eniture
734 496 1019 557 obsoletze,
1050 492 1203 547 salva
1232 506 1320 545 me
1354 489 1647 559 perditum,
1680 489 1853 554 silva,
1882 488 2088 557 puclla.

505 605 561 651 et
593 592 983 649 vestimentum
1029 582 1464 640 immortalitatis
1498 581 1664 637 indue
1705 595 1790 636 me
1818 588 1946 651 post
1980 576 2093 631 fon-

506 685 811 741 midolosos
841 678 1027 749 lapsus
1050 672 1401 747 poi-euntem.

985 771 1123 825 Eum
1157 770 1211 825 in
1239 770 1444 825 canzino
1474 770 1632 838 ignis.

580 868 684 934 Qui
742 863 1046 921 humiliain
1092 863 1350 931 teipsum,
1389 870 1608 917 erectus
1658 860 1711 914 in
1767 873 1951 921 crure,
1999 870 2095 925 per

1398 335 1452 351 ..
1484 286 1901 348 SOPHRONII
1966 284 2471 347 PATRIARCHE
2530 289 2931 351 HIEROSOL.

573 403 906 465 nitiminatio
963 415 1099 459 mea:
1150 398 1513 470 hupotentiar,
1551 398 1703 455 salus
1752 406 1902 451 casta
1956 400 2164 456 memA

3642 279 3800 352 .3343

2278 397 2335 450 '0
2369 400 2647 467 φωτισμδς
2680 402 2776 467 τῆς
2810 403 2951 471 ἐμῆς
2980 400 3294 469 ἀσθενείας,
3330 404 3364 474 ἡ
3393 400 3646 474 σωτηρία
3694 401 3804 469 τῆτ

2200 491 2653 561 ἀμαυρωθείσης,
2684 494 2847 564 ἁγνὴ,
2882 494 3060 564 ψυχῆς
3100 512 3226 564 μου,
3253 495 3431 549 σῶσόν
3478 512 3575 565 με,
3617 495 3803 547 σῶσον

2200 583 2592 653 ἀπολλύμενον,
2614 586 2804 657 Κόρη,
2838 589 2933 641 καὶ
2983 585 3185 656 χιτῶνα
3212 590 3311 658 τῆς
3352 588 3681 660 ἀφθαρσίας
3731 604 3803 651 με

2200 674 2417 729 ἑνδυσον
2458 675 2734 747 φθαρέντα
2770 676 2964 742 δεινοῖς
2999 678 3433 748 παραπτώμασι.

2562 768 2670 823 Τὸν
2706 769 2777 823 ἐν
2808 771 3036 839 καμίνῳ
3072 768 3179 825 τοῦ
3218 772 3428 839 πυρός.

2282 859 2343 911 Ὀ
2391 859 2736 924 ταπεινώσας
2785 861 3000 926 ἑαυτὸν,
3031 860 3322 931 mediam;
3347 864 3406 915 ὲν
3437 862 3691 933 σταυρῷ,
3725 862 3810 914 δι’

509 958 952 1015 misericordiam
1011 955 1233 1010 elevans
1278 953 1564 1009 cadentem
1601 952 1730 1005 olim
1773 950 1955 1004 fructu
2004 963 2096 1002 ar-

2234 949 2567 1017 ὑσπλαχνίαν
2597 948 2815 1020 ἀνυψῶν
2855 950 2945 1003 τὸν
2993 950 3228 1007 πεσόντα
3272 950 3473 1023 βρώσει
3499 953 3594 1006 τοῦ
3635 951 3806 1017 ξύλου

511 1050 664 1106 boris
723 1067 737 1103 :
785 1048 908 1103 ideo
960 1057 1032 1108 te,
1083 1046 1236 1099 solus
1287 1041 1770 1113 superlaudabilis,
1818 1037 2093 1109 gloriﬁca-

512 1154 629 1198 tum
661 1150 949 1195 cantamus
985 1153 1079 1205 per
1111 1137 1334 1192 smcula.

584 1234 706 1289 Prae
764 1233 992 1288 incuria:
1052 1244 1251 1299 sopore
1316 1227 1526 1298 peccati
1583 1222 1854 1295 profundo
1904 1234 2098 1276 somno

517 1326 786 1385 Succuhui
823 1344 838 1378 :
877 1333 934 1378 tu
971 1331 1159 1377 autem
1187 1321 1279 1389 qui
1318 1319 1569 1374 doiniisti
1600 1319 1656 1370 iu
1688 1330 1850 1370 cruce
1882 1323 2101 1384 propter

500 1431 628 1477 tne.
671 1414 893 1468 Christe
936 1414 1034 1475 mi,
1062 1410 1242 1467 excita
1294 1426 1378 1465 me
1424 1408 1814 1477 stupefactum,
1862 1420 1968 1458 non
2014 1417 2101 1459 me

517 1504 894 1572 deprehendat
921 1517 1026 1556 nox
1052 1501 1340 1557 libidinum
1373 1514 1641 1555 meorum.

590 1592 914 1650 Obczecatus
933 1591 1306 1661 voluptatibus
1328 1591 1642 1659 circumago
1662 1587 1896 1641 animam
1924 1598 2100 1641 meam

520 1686 874 1742 obscuratam
910 1702 924 1738 :
955 1689 1012 1738 et
1054 1682 1196 1737 ridet
1226 1681 1581 1736 considerans
1616 1694 1700 1732 me
1738 1677 1962 1732 dolosas
1994 1673 2102 1729 iui-

523 1776 702 1829 micus
734 1792 747 1828 :
783 1772 905 1828 ideo
949 1786 1036 1826 me
1080 1771 1358 1835 illmniua,
1396 1776 1453 1823 et
1493 1770 1663 1823 libera
1699 1765 1765 1819 de
1795 1761 1960 1833 hujus
1992 1776 2107 1817 ma-
2139 1762 2181 1817 Β

524 1866 661 1930 litia,
694 1864 937 1927 Christe,
976 1877 1072 1932 pet:
1102 1861 1323 1917 srecula.

596 1957 656 2010 ln
703 1954 935 2025 segnitia
983 1954 1153 2007 vitam
1191 1952 1510 2022 consumpsi
1547 1958 1707 2019 atque
1742 1961 1939 2017 soporo
1984 1959 2107 2015 pec-

523 2047 668 2114 cati;
702 2056 997 2117 aggravata
1029 2054 1113 2100 est
1154 2045 1334 2098 anima
1362 2057 1503 2107 mea,
1536 2042 1601 2096 ad
1650 2040 1926 2095 assiduam
1961 2046 2109 2091 tuam

525 2138 981 2194 intercessionem
1021 2151 1248 2191 recurro
1291 2154 1306 2191 :
1343 2152 1408 2188 ne
1442 2134 1727 2204 permittas
1760 2146 1843 2185 tne
1873 2126 2114 2196 dounire

460 2225 465 2233 ’
526 2243 721 2285 somno
751 2228 965 2295 mortis,
996 2226 1349 2281 immaculata
1387 2223 1568 2295 Virgo.

977 2320 1111 2387 Qua:
1147 2319 1286 2373 hunc
1326 2328 1447 2373 ante
1482 2318 1667 2373 solem.

595 2415 850 2470 Animam
883 2428 1057 2468 meam
1106 2412 1255 2483 lepra
1297 2421 1613 2482 conpertam
1655 2422 1751 2482 per
1784 2423 1981 2480 pravas
2018 2422 2114 2462 co-

528 2505 843 2577 gitationes,
884 2503 1203 2574 aspersione
1251 2503 1538 2573 sanguinis
1595 2503 1668 2555 tui
1724 2499 1971 2572 purifica,
2019 2496 2116 2553 Dei

527 2595 793 2664 Verbum,
828 2603 883 2650 ct
934 2603 1244 2650 consortem
1300 2604 1405 2649 tuae
1454 2595 1639 2665 glorie
1683 2593 1831 2648 ellice
1877 2607 1982 2660 me,
2024 2592 2117 2663 qui

530 2699 718 2760 proter
740 2701 827 2740 me
851 2686 1143 2755 ignobilem
1170 2686 1440 2740 sustulisti
1467 2685 1654 2740 volens
1683 2683 2113 2740 cruciiixiouem.

599 2773 774 2829 Totus
827 2772 903 2827 fui
955 2775 1249 2829 inclinatus
1307 2789 1473 2828 onere
1524 2788 1812 2844 pravorum
1872 2778 2116 2835 actuum,

533 2863 788 2922 Salvator
822 2882 836 2920 :
871 2873 942 2929 et,
982 2866 1124 2919 inter
1170 2865 1421 2920 homines
1474 2864 1686 2929 virens,
1718 2864 1893 2917 clamo
1935 2861 2000 2915 ad
2043 2869 2116 2926 te,

478 2944 487 2949 ’
535 2959 817 3014 hominum
872 2966 1106 3023 amator,
1140 2959 1337 3013 animm
1367 2974 1499 3012 mea:
1548 2957 1877 3012 ineurabiles
1921 2964 2121 3011 contu-

534 3042 722 3108 siones
756 3068 891 3106 cura
940 3068 1034 3123 per
1076 3065 1222 3107 tuam
1265 3052 1642 3107 lionorabilom
1678 3049 2114 3120 ﬂagellationem,

538 3157 597 3202 ut
623 3146 841 3201 laudem
876 3118 1027 3201 tuam
1060 3145 1424 3199 divinitatem.
1758 3118 1773 3120 ⁷
2142 3118 2188 3181 C

607 3235 909 3307 Iniquitate
957 3251 1190 3291 vescens
1239 3243 1293 3289 et
1344 3244 1537 3307 potans
1589 3235 1880 3301 incuriam,
1921 3248 2022 3304 ego
2066 3232 2153 3292 in.

478 3379 482 3382 .
537 3328 802 3383 omnibus
850 3342 1084 3382 manens
1123 3326 1563 3393 inemendabilis,
1609 3327 1993 3382 alimentorum
2025 3326 2124 3380 ab-

539 3420 807 3477 stinentia
866 3419 1244 3474 indesinenter
1291 3421 1500 3490 gaudeo
1554 3437 1568 3473 :
1621 3434 1730 3472 non
1779 3418 1924 3472 enim
1974 3400 2126 3471 hanc

543 3511 685 3569 dixit
717 3512 1105 3571 abstinentiam
1138 3513 1376 3567 tuturam
1408 3527 1528 3566 esse
1557 3510 1841 3565 Dominus.

615 3607 749 3670 Qua:
779 3605 967 3675 rigida:
991 3606 1193 3660 veteris
1242 3606 1612 3660 damnationis
1640 3605 1921 3675 abrogatio
1952 3602 2123 3668 fuisti,

543 3706 711 3768 atque
766 3701 903 3751 ariae
955 3695 1329 3756 reformati-ix.
1367 3712 1578 3753 necnon
1634 3697 1849 3765 generis
1903 3694 2126 3749 humani

542 3802 671 3843 cum
720 3787 833 3843 Deo
880 3803 1049 3842 causa
1099 3786 1579 3852 reconciliationis,
1613 3802 1859 3856 ponsque
1908 3786 2129 3841 uniouis

544 3895 668 3936 cum
699 3878 1064 3945 Creatorete,
1104 3878 1198 3935 Dei
1229 3879 1496 3947 Genitrix,
1535 3880 1966 3950 magniﬁcamus.

1041 3972 1341 4043 Optimates
1374 3981 1632 4044 potentes.

616 4066 720 4136 Qui
758 4068 913 4125 solus
961 4067 1142 4122 bonus
1190 4082 1271 4133 es,
1323 4068 1446 4121 l‘ons
1499 4064 1907 4127 misericordias,
1944 4063 2129 4133 Agnus
2195 4119 2206 4129 ,

546 4161 644 4218 Dei
678 4162 771 4230 qui
812 4161 966 4215 tollis
1004 4168 1262 4229 tanquam
1296 4159 1439 4214 Deus
1474 4169 1692 4229 peccata
1737 4158 1946 4223 mundi,
1974 4158 2130 4215 salva

547 4266 638 4309 me
669 4251 997 4308 delictorum
1042 4250 1300 4307 ﬂuctibus
1347 4251 1716 4318 submersum,
1753 4250 1819 4304 ad
1861 4250 2132 4323 peniten-

545 4344 639 4401 tia:
670 4352 887 4414 portum
920 4342 1163 4412 dirigens
1198 4358 1303 4399 me.

2205 1040 2370 1093 ποτέ’
2423 1040 2507 1094 διό
2560 1058 2642 1107 σε,
2692 1041 2821 1109 μόνε
2857 1042 3229 1114 ὑπερύμνητε,
3260 1042 3352 1098 τὸν
3404 1042 3808 1117 δεδοξασμένον

2206 1131 2374 1203 ὑμνοῦ
2383 1150 2481 1203 μεν
2516 1136 2594 1197 εἰς
2633 1133 2855 1198 αἰῶνας.

2278 1224 2636 1296 ’Δπροσεξίας
2686 1226 3006 1297 νυσταγμῷ,
3038 1227 3438 1301 ,ἁμαρτίαςςτὺν
3485 1227 3671 1300 βαρὺν
3698 1226 3811 1281 ὕπο

2207 1317 2371 1388 ἐστην
2403 1315 2605 1372 ὕπνον⁸
2639 1317 2777 1374 ἀλλὰ
2807 1320 2875 1374 σὺ
2909 1321 2938 1373 ό
2982 1319 3237 1383 ὑπνώσας
3289 1321 3382 1374 ἐπὶ
3430 1318 3681 1391 σταυροῦ
3729 1318 3812 1372 δι’

2207 1410 2328 1478 ἐμὲ,
2358 1411 2561 1480 Χριστέ
2596 1428 2721 1482 μου,
2747 1411 2960 1483 ἐγειρον
2988 1415 3273 1470 mortem
3305 1432 3396 1485 με,
3426 1418 3604 1486 μήιμε
3630 1430 3811 1483 κατα·

2208 1503 2346 1575 λάϐῃ
2385 1504 2418 1573 ἡ
2458 1502 2555 1570 νὺξ
2591 1507 2624 1575 ἡ
2665 1505 2773 1558 τῶν
2814 1505 3005 1560 παθῶν
3048 1524 3171 1575 μου.

2280 1587 2681 1668 Έκῒυφλωθεὶς
2719 1603 2840 1665 ταῖς
2877 1600 3093 1671 ἡδοναῖς
3138 1600 3421 1671 περιξέρω
3470 1600 3572 1670 τὴν
3612 1598 3808 1670 ,ψυχὴν

2211 1690 2635 1760 ὲσκοτισμὲνηνυ
2688 1691 2785 1745 καὶ
2835 1692 2972 1763 γελᾷ
3016 1690 3269 1763 καθορῶν
3300 1710 3372 1762 με
3421 1694 3451 1745 ό
3486 1691 3811 1762 δολιόφρων

2212 1779 2439 1849 ἐχθρός·
2474 1779 2555 1833 διό
2590 1798 2657 1850 με
2688 1779 2926 1851 φώτισον
2974 1782 3072 1835 καὶ
3127 1781 3404 1853 λύτρωβαι
3452 1779 3650 1837 τούτου
3704 1780 3810 1850 τῆς

2210 1872 2429 1935 κακίας,
2460 1872 2688 1942 Χριστὲ,
2720 1874 2798 1938 εἰς
2828 1874 2954 1937 τοὺς
2983 1866 3208 1937 αἰῶνας.

2280 1963 2373 2014 Ἐν
2404 1962 2634 2033 ἀμελείᾳ
2684 1962 2782 2034 τὴν
2832 1962 2978 2036 ζωὴν
3023 1965 3341 2036 δαπανήσας
3362 1963 3675 2035 νυσταγμῷ
3704 1963 3807 2035 τῆς

2212 2054 2510 2124 ἁμαρτίας,
2536 2056 2636 2123 τὴν
2685 2055 2861 2128 dux-ip;
2908 2057 3219 2130 ἐϐαρήθην·
3258 2061 3325 2130 τῇ
3362 2048 3660 2129 ἀκοιμήτῳ
3712 2070 3807 2110 σου

2212 2145 2269 2199 δὲ
2318 2148 2588 2218 ’πρεσϐείᾳ⁴
2638 2150 2960 2222 προστρὲχω
2984 2168 2998 2182 ’
3050 2152 3127 2222 μὴ
3166 2150 3307 2223 διξδης
3340 2166 3405 2221 με
3437 2153 3533 2223 εἰς,
3568 2149 3806 2207 θάνατον

2217 2241 2487 2309 ὑπνῶσαι,
2509 2244 2853 2316 πανάχραντε
2873 2248 3140 2319 Παρθένε.

2713 2336 2775 2392 Ἠ
2810 2339 2915 2394 τὸν
2952 2339 3067 2413 πρὸ
3104 2341 3311 2408 ἡλίου.

2290 2426 2402 2498 Τὴν
2433 2426 2857 2503 λελεπρωμένην
2890 2431 3068 2505 ψυχήν
3099 2449 3202 2504 μου
3244 2435 3357 2496 τοῖς
3397 2432 3623 2496 ἀτόποις
3654 2431 3807 2505 ἐνθυ-

2221 2520 2477 2591 μήμαπι,
2510 2521 2587 2591 τῷ
2630 2522 2915 2596 ῥαντισμιῖ)
2958 2524 3052 2580 τοῦ
3088 2524 3336 2596 ,αἵματός
3380 2542 3476 2579 σου
3521 2525 3802 2597 κάθαρον,

2219 2611 2355 2664 Θεοῦ
2375 2612 2539 2681 Λόγε,
2579 2615 2674 2667 καὶ
2698 2615 2953 2670 κοινωνὸν
2984 2617 3082 2686 τῆς
3114 2614 3270 2687 δόξης
3290 2615 3383 2671 σού
3410 2634 3476 2687 με
3501 2620 3754 2688 ποίησον,
3780 2618 3806 2668 ὀ

2222 2702 2287 2756 δι’
2312 2704 2414 2775 ἐμὲ
2444 2703 2541 2778 τὴν
2569 2705 2755 2772 ἄδοξον
2780 2707 3190 2779 καθυπομείνας
3218 2708 3390 2762 θάλων
3420 2709 3758 2780 σταύρωσιν.

2296 2797 2457 2860 ’Ὀλος
2489 2799 2886 2872 κατεκάμφθην
2912 2800 2989 2871 τῷ
3018 2800 3176 2875 βάρει
3193 2802 3300 2856 τῶν
3325 2802 3566 2869 ἀτόπων,
3586 2801 3804 2873 »Σῶτςρο

2223 2887 2496 2957 πράξεων·
2523 2890 2619 2941 καὶ
2650 2892 3064 2964 σκυθρωπάζων
3080 2894 3270 2964 κράζω
3294 2910 3399 2959 σοι,
3426 2893 3803 2964 φιλάνθρωπει

2222 2978 2324 3048 τῆς
2357 2978 2536 3051 ψυχῆς
2568 2998 2670 3052 μου
2700 2983 2829 3046 τοὺς
2873 2983 3128 3048 ἀνιάτους
3159 2982 3436 3055 μώλωπας
3466 2983 3803 3055 θεράπευσον

2223 3070 2301 3143 τῷ
2322 3071 2406 3143 σῷ
2428 3072 2597 3145 τιμίῳ
2628 3072 2881 3145 μώλωπι,
2918 3075 3006 3130 ἵνα
3033 3074 3190 3147 ὑμνῶ
3221 3093 3315 3130 σου
3334 3076 3441 3148 τὴν
3471 3075 3726 3148 θεότητα.

2296 3254 2502 3327 Βρῶμα
2522 3257 2621 3328 τὴν
2650 3244 2850 3313 κακίαν
2881 3259 3205 3332 ποιούμενος
3238 3261 3645 3332 καὶιπόμαετὴν
3671 3257 3801 3330 ἀμέσ-

2224 3345 2409 3413 λειαν,·
2429 3347 2457 3398 ό
2489 3348 2633 3402 κατὰ
2666 3348 2846 3403 πάντα
2866 3348 3050 3419 ,μένων
3071 3348 3423 3420 ἁδιόρθωτος,
3448 3347 3557 3403 τῶν
3590 3345 3803 3421 βρωμά-

2226 3456 2336 3494 των
2362 3443 2431 3521 τῇ
2455 3441 2636 3513 ἀποχῇ
2670 3441 2913 3515 ἀκαίρως
2942 3443 3355 3515 ὲπαγάλλομαι·
3390 3442 3454 3499 οὐ
3481 3441 3595 3514 γὰρ
3628 3437 3803 3496 rotati-

2226 3550 2327 3604 την
2357 3533 2528 3606 ἔφησε
2559 3535 2815 3605 νηστείαν
2843 3536 3067 3606 ἔσεσθαι
3092 3539 3121 3591 ὁ
3147 3536 3375 3609 Κύριος.

2300 3624 2411 3696 Τὴν
2436 3625 2533 3694 τῆς
2563 3626 2841 3697 ἀποτόμου
2877 3628 3116 3698 ἀρχαίας
3142 3628 3424 3698 ἀναίρεσιν
3452 3630 3798 3699 άποφάσεῳς.

2228 3718 2324 3771 καὶ
2351 3718 2450 3788 τῆς
2484 3718 2832 3790 προμήτορος
2872 3719 2973 3791 τὴν
3005 3720 3403 3790 ἐπανόρθωσιν,
3429 3722 3530 3792 τὴν
3581 3720 3677 3776 τοῦ
3720 3718 3801 3788 γέ-

2229 3824 2351 3870 νους
2381 3806 2482 3877 τῆς
2519 3808 2653 3881 πρὸς
2682 3808 2817 3862 Θεὸν
2849 3810 3026 3871 αἰτίαν
3056 3811 3407 3877 οίκειώσεως,
3436 3811 3536 3884 τὴν
3563 3812 3704 3884 πρὸς
3720 3809 3801 3862 τὸν

2229 3900 2473 3970 Κτίστην
2505 3900 2747 3970 γέφυράν
2773 3917 2854 3967 σε,
2886 3902 3573 3975 Θεοτόκεκμεγαλύνομεν.

2670 3991 2996 4060 Ἰριστάτας
3033 3996 3371 4064 κραταιούς.
3612 4054 3619 4060 ,

2317 4079 2375 4134 '0
2428 4081 2589 4151 μόνος
2635 4083 2861 4151 ἀγαθὸς,
2896 4086 2930 4155 ἡ
2965 4087 3119 4157 πηγὴ
3148 4086 3242 4140 τοῦ
3273 4086 3492 4152 ἐλέους,
3520 4089 3549 4142 ό
3586 4083 3799 4159 ἀμνὸςό

2231 4171 2327 4225 τοῦ
2356 4171 2490 4224 Θεοῦ
2514 4174 2542 4226 ὁ
2571 4174 2742 4243 αἴρων
2768 4174 2843 4238 ὼς
2871 4175 3003 4239 Θεὸς
3026 4176 3092 4230 τὰ
3112 4176 3205 4230 τοῦ
3229 4178 3437 4249 κόσμου
3460 4179 3798 4251 ἐγκλήματα.

2234 4260 2533 4339 σῶσόνιμε
2591 4265 3010 4337 ἁμαρτημάτων
3056 4269 3377 4340 τρικυμίαις
3426 4271 3796 4341 ποντούμενονι

2235 4351 2525 4421 μετανοίας
2559 4355 2694 4426 πρὸς
2724 4355 2892 4426 ὅρμον
2926 4356 3117 4412 ἰθύνων
3150 4377 3241 4429 με.

616 4433 968 4489 Abstinentia
996 4447 1155 4503 pura,
1178 4432 1361 4489 odium
1386 4433 1615 4504 peccati,
1648 4432 1906 4491 alienatio
1936 4448 1966 4488 a
2004 4430 2129 4487 libi-

2304 4444 2548 4515 Νηστεία
2575 4449 2793 4519 καθαρά
2823 4453 3149 4523 μακρυσμὺς
3192 4453 3487 4525 ἁμαρτίας,
3518 4453 3797 4526 ἀλλοτρίω-

547 4524 803 4589 diuibus,
859 4537 1014 4578 amor
1066 4524 1120 4578 in
1166 4522 1367 4591 Deum,
1414 4525 1709 4580 assiduitas
1753 4525 1808 4578 in
1857 4526 2127 4587 oratione.

549 4616 808 4684 lacrymae
857 4628 980 4667 cum
1031 4619 1473 4686 compunctionc,
1518 4631 1931 4687 pauperumquc
1972 4631 2128 4681 cura,

548 4718 611 4764 ut
637 4710 895 4766 Christus
926 4710 979 4764 in
1013 4709 1341 4781 Scripturis,
1372 4711 1611 4767 demissa
1646 4712 1885 4765 luerunt.

617 4802 976 4858 Vulneratam
1013 4804 1254 4857 animam
1291 4804 1500 4873 peccati
1547 4804 1757 4868 lancea,
1782 4813 1835 4857 et
1858 4802 2128 4869 incipien-

548 4904 660 4948 tem
686 4894 889 4949 ictibus
916 4894 1104 4950 multis
1124 4894 1315 4965 pungi,
1345 4894 1554 4949 medice
1581 4895 1886 4949 animarum
1913 4903 2131 4950 nostra-

550 5003 695 5054 rum,
719 5003 850 5043 cura
882 4996 943 5041 ut
968 4987 1306 5053 benefactor,
1329 4988 1685 5058 suppeditans
1719 4990 1849 5043 mihi
1889 4989 2129 5045 remedia

550 5089 911 5150 augustorum
930 5088 1328 5151 praceptorum
1349 5089 1588 5143 tuorum,
1603 5082 2125 5138 amatorhominum.

622 5169 1014 5225 lntemeratum
1059 5162 1502 5235 tabernaculum,
1543 5174 1888 5229 sanctissima
1938 5174 2126 5245 Virgo,

2236 4553 2318 4600 σις
2350 4537 2561 4606 παθῶν,
2593 4541 2782 4612 ἀγάπη
2814 4543 2948 4613 πρὸς
2982 4544 3139 4608 θεὸν,
3166 4546 3473 4618 προσευχῆς
3502 4548 3796 4619 ἐπιμέλεια,

2232 4628 2443 4700 δάκρυα
2474 4633 2570 4686 σὺν
2616 4633 2927 4702 κατανύξει,
2974 4636 3256 4710 προμηθία
3304 4641 3555 4711 πενήτων
3603 4657 3685 4705 τε,
3732 4637 3796 4699 ὡς

2231 4720 2470 4790 Χριστὸς
2503 4723 2560 4775 ἐν
2588 4722 2833 4794 Γραφαῖς
2857 4725 3179 4781 ἐνετείλατο.

2307 4813 2590 4885 Πληγέντα
2614 4816 2716 4886 τὴν
2746 4816 2923 4890 ψυχὴν
2953 4818 3232 4891 ἁμαρτίας
3266 4820 3515 4894 ῥομφαίᾳ
3535 4863 3549 4887 ,
3578 4823 3677 4878 καὶ
3715 4836 3799 4875 κα⁶

2230 4906 2520 4962 τάστικτον
2550 4907 2766 4974 πολλοῖς
2801 4911 3119 4982 ὑπάρχοντα
3149 4916 3362 4980 κακοῖς,
3401 4916 3552 4986 ίατρὲ
3574 4916 3685 4970 τῶν
3708 4915 3799 4983 ψυ-

2231 5001 2343 5070 χῶν
2372 5001 2552 5073 ἡμῶν,
2584 5004 2734 5056 ἴασαι
2765 5003 2841 5068 ὡς
2873 5005 3194 5079 εὐεργέτης,
3220 5008 3429 5072 ἐπιθείς
3462 5027 3550 5079 μοι
3576 5010 3645 5063 τὰ
3675 5010 3797 5079 φάρ-

2234 5110 2384 5163 μακα
2410 5094 2518 5148 τῶν
2548 5095 2763 5155 σεπτῶν
2792 5097 3022 5153 ἐντολῶν
3058 5115 3174 5164 σου,
3206 5101 3574 5174 φιλάνθρωπε.

2301 5183 2597 5254 Ἀμόλυντε
2620 5187 2816 5260 σκηνὴ,
2835 5188 3076 5258 παναγία
3100 5188 3362 5262 Ιῐαρθένε,
3391 5192 3717 5262 μολυνθὲντα
3737 5205 3794 5258 με

547 5265 899 5336 inquinatum
946 5279 1033 5320 me
1082 5264 1415 5320 horrendum
1468 5266 1523 5319 in
1575 5267 1794 5321 modum
1842 5267 2125 5322 libidinum

2232 5276 2414 5340 δεινῶς
2450 5277 2639 5334 παθῶν
2674 5280 3024 5349 ἐπαγωγαῖς,
3049 5284 3114 5354 τῇ
3149 5285 3299 5354 πηγῇ
3357 5283 3450 5338 τοῦ
3496 5284 3675 5348 ἐλέους
3713 5296 3793 5337 σου

548 5357 814 5423 motibus,
860 5356 1016 5412 fonte
1068 5355 1461 5414 misericordia:
1505 5360 1758 5429 puritiea,
1786 5369 1841 5415 et
1882 5363 1951 5416 da
1995 5361 2126 5416 mihi

546 5448 763 5518 pluvias
810 5447 1273 5520 compunctiouis,
1320 5448 1569 5515 Domina,
1615 5452 1820 5521 peceati
1870 5452 2126 5524 abyssum

546 5538 899 5595 inundantes.

1057 5637 1338 5694 Liberator
1377 5640 1633 5694 omnium.

622 5726 928 5797 Trajiricns
972 5733 1097 5789 vita:
1140 5734 1414 5799 instabile,
1448 5736 1501 5789 in
1552 5734 1731 5789 furum
1768 5734 2123 5791 Cavillationi-

2231 5371 2494 5444 κάθαρον,
2522 5375 2616 5428 καὶ
2641 5373 2729 5439 δός
2756 5374 3105 5447 μοιὸμόρους
3136 5377 3501 5446 κατανύξεως,
3518 5379 3791 5439 Δέσποινα,

2232 5466 2525 5537 ἁμαρτίας
2540 5465 2703 5536 βυθὸν
2735 5468 3194 5537 κατακλύζοντας.

2671 5656 2711 5707 Λ
2724 5656 2949 5723 υτρωτὰ
2988 5659 3093 5710 τοῦ
3133 5659 3379 5724 παντός.

2304 5743 2623 5815 Πλροόεὑων
2674 5746 2765 5799 τοῦ
2814 5747 2926 5817 βίον
2960 5748 3017 5803 τὸ
3047 5750 3296 5820 ἄστατον,
3319 5741 3636 5824 ’λῃστρικοῖς
3666 5752 3783 5819 λογι-
