3986 6236
412 246 546 314 8851

1310 248 1370 307 S-
1413 246 2364 313 ΞΟΡΗΒΟΝΙΙΡΑΤΒΙΛΒΟΙ-Ιιὶῖ
2405 244 2808 305 I-IIEROSOL.

3527 238 3687 305 3852

406 380 507 434 pro
539 363 762 419 Domino
789 378 802 416 :
841 370 894 417 et
916 362 1291 419 abstineamus
1316 379 1347 418 a
1387 365 1597 419 nocivis
1626 364 1969 432 cogitationi—
2003 383 2016 426 Α

2111 364 2291 433 ζυρίῳο
2342 363 2436 415 καὶ
2485 361 2764 431 βλαϐεριν
2818 358 3185 430 άποσχώμεθα
3228 358 3544 428 λογισμῶν,
3589 359 3687 410 ἶνα

407 459 532 519 bus,
568 467 624 511 ut
650 455 850 510 divinis
881 454 1094 511 deliciis
1114 454 1468 527 gaudeamus.

474 548 806 617 Angvlm-nm
832 546 986 601 chori
1046 555 1099 602 te
1131 547 1453 617 suppliciter
1474 554 1720 612 exorant,
1767 558 1983 617 aposto-

406 641 584 694 lorum
619 639 789 702 acies,
817 648 865 693 et
898 647 1199 710 martyrum
1233 639 1532 704 exercitus,
1582 638 1737 705 Jesu,
1782 640 1981 710 populo

408 738 504 785 tuo
530 729 921 799 indulgentiam
955 728 1218 784 tribuere.

478 819 713 874 Montem
733 819 942 888 absque
967 819 1169 889 lapide,
1206 819 1508 891 Virginem,
1529 818 1814 875 luciferam
1841 820 1979 873 lam-

406 912 623 980 padem,
666 911 1203 966 seatameonscensu
1268 910 1479 966 facilem
1543 911 1642 966 Dei
1701 925 1979 982 campum,

412 1000 599 1056 ﬁdeles
627 1001 838 1055 beatam
865 998 1141 1087 dicamus:

576 1131 978 1204 Manifestatum
1013 1134 1141 1188 olim
1179 1133 1234 1186 in
1269 1144 1442 1187 monte
1470 1132 1806 1213 Legislatori.

476 1267 768 1324 Pulchrum
809 1267 1079 1338 jejunium
1129 1266 1274 1336 quod
1320 1280 1415 1319 eor
1464 1263 1981 1335 saginat,divinitus

410 1361 684 1433 germinat
714 1359 921 1429 spicam
954 1358 1217 1412 virtutum
1252 1364 1544 1419 maturam,
1569 1368 1732 1424 quam
1768 1351 1981 1422 optabi-

411 1470 535 1510 mus
557 1455 609 1508 in
634 1455 841 1512 sanctis
863 1452 1080 1517 diebus,
1107 1449 1601 1506 sanctiticationem
1639 1461 1709 1503 ex
1741 1461 1806 1501 eo
1829 1445 1980 1537 acci-

450 1548 645 1602 ientes.

411 1564 645 1618 ptentes.

481 1638 566 1694 Me
590 1637 966 1706 contemplans
994 1636 1046 1690 in
1072 1634 1309 1705 peccatis
1337 1632 1522 1688 multis
1539 1631 1976 1702 coinquinatum,

2083 453 2233 515 θείας
2266 455 2479 521 τρυφῆς
2506 451 2874 522 ἐπιτύχωμεν.

2152 544 2217 595 Οἱ
2249 541 2357 595 τῶν
2386 541 2636 610 ἀγγέλων
2663 541 2813 610 χοροί
2841 557 2900 592 σε
2930 537 3263 604 δυσωποῦσι,
3285 539 3395 591 τῶν
3420 538 3688 591 ἀποστό-

2081 633 2187 687 λων
2215 633 2244 685 ὁ
2262 632 2454 703 δῆμος,
2487 634 2580 685 καὶ
2611 632 2719 685 τῶν
2745 630 3034 702 μαρτύρων
3061 629 3129 682 τά
3157 630 3440 699 τάγματα·
3459 628 3688 699 Ἰησοῦ,

2078 724 2158 796 τῷ
2187 725 2300 796 λαῷ
2330 743 2422 790 σου
2465 725 2811 795 συγχώρησιν
2839 723 3103 794 δὼρησαι.

2151 816 2226 870 Τὸ
2248 816 2589 885 ἀλατόμητον
2603 816 2749 885 ὅρος,
2782 816 2881 885 τὴν
2907 813 3206 884 Παρθένον,
3222 813 3320 884 τὴν
3341 812 3687 882 φωτοφὸρον

2078 908 2324 979 λυχνίαν,
2361 909 2456 978 τὴν
2486 907 3076 976 εὐδιάϐατον.κλίματα
3097 947 3112 972 ,
3140 906 3232 959 τοῦ
3267 907 3402 961 Θεοῦ
3447 907 3512 960 τὸ
3564 923 3687 976 χωο

1975 1046 1982 1060 ,
2084 1001 2220 1072 ρίον,
2251 1000 2460 1065 πιστοὶ,
2496 998 2917 1070 μακαρίσωμεν.

2199 1136 2312 1192 Τὸν
2349 1135 2815 1204 προδηλωθέντα
2849 1135 2919 1188 ἐν
2958 1134 3077 1202 ὄρει
3114 1133 3194 1199 τῷ
3230 1131 3549 1202 νομοθέτῃ.

2125 1294 2138 1317 ι
2165 1270 2229 1324 Ἦ
2261 1270 2402 1341 καλὴ
2449 1268 2674 1342 νηστεία
2724 1250 3012 1324 πιαίνουσα
3046 1268 3144 1339 τὴν
3174 1268 3424 1339 καρδίαν,
3456 1267 3688 1340 στάχυν

2080 1363 2290 1435 ἀρετῶν
2333 1363 2541 1433 ὥριμον
2591 1361 2790 1425 ἐνθέως
2823 1361 3201 1427 ἐκϐλαστάνει,
3236 1363 3302 1431 ἢν
3335 1361 3687 1432 ποθήσωμεν

2081 1457 2138 1509 ἐν
2166 1455 2348 1523 ἁγίαις
2370 1454 2625 1529 ἡμέραις,
2652 1453 2743 1507 τὸν
2776 1453 3048 1522 ἁγιασμὸν
3078 1452 3484 1522 ὑποδεχόμενοι.

2112 1592 2120 1599 .
2150 1630 2254 1682 Τὸν
2278 1630 2335 1682 ἐν
2359 1628 2653 1699 ἁμαρτίαις
2680 1627 2898 1691 πολλαῖς
2928 1626 3405 1697 κατεσπιλωμένον
3426 1644 3683 1697 τετραυ-

411 1731 760 1787 vulneratum
808 1738 863 1784 et
915 1727 1357 1791 condemnatum,
1399 1726 1641 1780 clemens
1690 1737 1788 1794 per
1828 1727 2016 1782 tuam]

2111 1720 2409 1789 ιατισμὲνον
2437 1718 2598 1790 ὁρῶν,
2632 1720 2726 1773 καλ⁸
2761 1719 3252 1789 κατακεκριμένον,
3303 1719 3559 1790 ἐλεήμων
3599 1720 3682 1789 τῷ

413 1824 849 1896 compassionem
906 1821 1186 1885 miserere,
1214 1820 1365 1874 salva
1395 1834 1481 1875 me
1506 1826 1730 1890 propter
1763 1816 1979 1888 suppli-

414 1916 660 1973 cationes
682 1921 993 1969 sanctorum
1026 1920 1273 1966 tuorum.

430 2040 433 2043 -
480 2006 597 2062 Heu
636 2004 796 2058 mihi!
827 2000 1134 2057 miserrima
1169 2001 1371 2066 anima,
1411 1998 1688 2070 quomodo
1707 1997 1980 2067 iustiﬁca-

411 2097 600 2153 bitur?
629 2097 754 2166 quis
789 2095 983 2149 horror
1005 2103 1056 2147 te
1085 2092 1328 2156 invadet,
1357 2092 1586 2147 sedente
1627 2091 1835 2161 judice,
1867 2090 1981 2145 cir-

412 2186 798 2243 cumdantihus
828 2184 1145 2254 angelorum
1172 2182 1553 2255 myriadibus?
1584 2180 1781 2238 festina
1815 2181 1982 2254 igitur

414 2281 679 2352 poenitere
712 2286 839 2332 ante
895 2275 1079 2332 linem.

484 2366 686 2437 Regale
728 2363 1063 2426 vehiculum,
1104 2360 1445 2432 splendidam
1486 2359 1708 2423 nubem,
1741 2366 1980 2415 montem

413 2447 801 2518 uberrimum,
839 2454 922 2508 lac
965 2462 1307 2515 concretum,
1352 2459 1407 2507 te
1451 2450 1770 2521 suppliciter
1794 2464 1981 2517 exoro,

414 2543 673 2599 inviolata
704 2538 890 2610 Virgo,
918 2548 978 2593 ut
1020 2553 1178 2593 cures
1217 2539 1445 2593 vulnera
1476 2539 1660 2595 cordis
1696 2540 1824 2594 mei.

859 2630 1207 2698 Confortetur
1235 2647 1327 2684 cor
1356 2647 1553 2688 meum.

431 2777 438 2787 ,
485 2722 653 2779 Cruci
682 2738 877 2779 manus
905 2720 1224 2785 extendisti,
1251 2722 1765 2792 tollenspeccatum
1796 2732 1985 2778 exten-

418 2835 493 2877 sae
525 2821 657 2876 olim
709 2818 900 2874 Adami
935 2802 1129 2871 manus
1162 2800 1230 2869 ad
1275 2816 1518 2872 scientia:
1568 2817 1840 2882 arborem,
1890 2832 1986 2887 per

416 2911 627 2967 viscera
664 2909 999 2971 misericors,
1030 2906 1266 2961 Verbum
1301 2906 1393 2963 Dei
1429 2907 1719 2977 optimum.

2086 1813 2164 1884 σῷ
2195 1812 2333 1867 ἐλέει
2359 1812 2652 1880 οἰκτείρας,
2668 1811 2841 1865 σῶσόν
2861 1829 2927 1882 με
2949 1812 3181 1874 ἱκεσίαις
3208 1810 3316 1864 τῶν
3345 1812 3517 1880 ἁγίων
3550 1829 3679 1868 σου.

2154 1903 2316 1972 Οίμοι
2338 1905 2351 1957 l
2394 1902 2664 1957 παναθλία
2687 1902 2853 1973 ψυχὴ,
2880 1902 2995 1964 πῶς
3018 1901 3360 1974 άπολογήσῃς
3387 1903 3514 1956 ποία
3540 1902 3680 1973 φρί-

2085 2010 2157 2065 κη
2188 2011 2247 2047 σε
2272 1994 2526 2065 λήψεται,
2555 1993 2745 2062 κριτοῦ
2776 1993 3167 2062 καθεζομένου,
3209 1993 3485 2064 μυριάδων
3518 2011 3680 2064 παρ-

2089 2086 2394 2156 ισταμένων
2423 2085 2701 2155 ἀγγέλωνς
2743 2083 2978 2137 σπεῦσον
3005 2080 3119 2149 οῦν,
3154 2084 3258 2155 πρὸ
3280 2084 3467 2149 τέλους
3496 2101 3679 2155 μετα-

2087 2177 2299 2248 νόησον.

2158 2360 2232 2413 Τὺ
2258 2359 2535 2430 βασιλικὸν
2558 2359 2656 2429 δχη
2667 2376 2763 2428 μα,
2792 2357 2889 2428 τὴν
2919 2357 3150 2429 φαιδρὰν
3175 2357 3425 2425 νεφέλην,
3456 2356 3590 2428 όρδν
3614 2355 3680 2407 τδ

2091 2450 2364 2513 πιότατον,
2396 2449 2519 2521 ὀρὸν
2535 2449 2928 2519 τετυρωμένον,
2955 2448 3318 2518 άπειρόγαμε,
3335 2446 3575 2501 δυσωπῶ
3589 2463 3675 2512 σε,

2076 2539 2355 2615 ηΠαρθένε,
2382 2541 2532 2595 ίασαι
2562 2541 2630 2593 τὰ
2663 2541 2809 2608 πάθη
2843 2539 2939 2610 τῆς
2971 2540 3202 2608 καρδίας
3232 2556 3355 2609 μου.

2441 2633 2820 2701 Στερεωθήτω
2857 2634 2895 2698 ἡ
2934 2633 3148 2701 καρδία
3169 2650 3309 2702 μου.

2162 2724 2387 2795 Σταυρῷ
2420 2725 3060 2795 παλάμαςὶξεπέτασας,
3090 2724 3190 2793 τῆς
3217 2721 3473 2795 ταθείσης
3497 2723 3676 2778 πάλαι

2093 2817 2275 2887 χειρὸς
2294 2817 2388 2870 τοῦ
2405 2816 2576 2887 ’Λδὰμ
2595 2816 2730 2886 πρὸς
2754 2819 2816 2869 τὸ
2842 2819 2939 2886 τῆς
2961 2814 3214 2885 γνώσεως
3237 2815 3404 2885 φυτὸν
3430 2815 3677 2889 ἀναιρῶν

2093 2909 2152 2962 τὸ
2196 2902 2523 2978 ἁμάρτημα,
2557 2909 2647 2962 διὰ
2670 2909 2977 2980 Δσπλάγχνα
3007 2908 3330 2980 οἰκτιρμῶν,
3365 2908 3508 2978 Λόγε
3530 2907 3675 2963 Θεοῦ

2096 2999 2434 3070 ὑπεράγαθε.

490 3096 753 3151 Conforta
784 3103 1020 3151 mentem
1054 3108 1228 3147 meam
1261 3090 1468 3146 invidia
1517 3094 1790 3162 serpentis
1833 3104 1885 3150 et
1916 3095 1988 3148 li-

2162 3091 2472 3164 Στερὲωσόν
2527 3109 2627 3161 μου
2677 3094 2775 3163 τὴν
2820 3092 3058 3148 διάνοιαν
3091 3094 3460 3167 κλονουμένην
3488 3093 3676 3164 φθόνῳ

421 3185 668 3238 bidinnm
748 3183 985 3238 motibus
1046 3181 1305 3250 jactatam
1343 3219 1358 3243 ,
1425 3196 1523 3249 per
1584 3183 1991 3253 tuampassio-

422 3282 804 3334 netn.amator
826 3275 1138 3339 hominum,
1183 3273 1273 3343 qui
1313 3288 1510 3344 passus
1536 3289 1617 3340 es,
1669 3281 1721 3329 et
1749 3275 1987 3344 quietem

424 3364 674 3421 ﬁdelibus
694 3367 1022 3420 concedens.
1058 3372 1065 3383 ‘

487 3456 691 3526 Jejunii
727 3458 903 3528 gratia
945 3460 1309 3530 resplenduit,
1363 3418 1799 3529 intemperantiae
1837 3467 1994 3515 tene-

422 3551 554 3606 bras
584 3551 863 3620 expellens
894 3569 909 3606 :
945 3568 1074 3607 ecce
1110 3553 1392 3622 jucundus
1450 3560 1504 3608 et
1533 3552 1791 3608 salutaris
1825 3552 1944 3608 dies
1974 3568 1990 3619 ;
2023 3582 2034 3593 ~

423 3643 758 3713 poenitentiae
796 3643 1150 3699 ostendamus
1182 3646 1414 3708 fructus.
1440 3654 1494 3699 et
1514 3645 1777 3700 vivemus.

493 3732 626 3800 Quae
646 3734 907 3790 cadentes
963 3735 1153 3804 erigis,
1205 3751 1292 3791 me
1335 3736 1671 3805 voluptatum
1711 3735 1764 3790 in
1797 3737 1994 3805 praeci-

422 3825 556 3894 Ditia
612 3824 917 3889 labentem,
977 3833 1030 3880 et
1088 3826 1144 3880 in
1208 3825 1510 3896 Ρτοτυηάοε
1561 3827 1766 3896 peccati
1831 3828 2026 3898 “hys”

423 3931 518 3972 sos
573 3916 890 3972 immersnm
957 3918 1270 3986 resuscita,
1330 3932 1518 3986 casm,
1562 3925 1620 3973 et
1690 3917 1757 3971 ad
1823 3919 1992 3972 vitam

426 4009 616 4064 indue.
1597 4014 1601 4018 “

707 4118 843 4175 Eum
870 4129 1114 4175 canentes
1144 4122 1363 4192 hymnos
1396 4124 1450 4177 in
1480 4122 1709 4176 camino.

1121 4202 1152 4232 Κ

491 4233 752 4303 Quicum
796 4235 976 4304 impiis
1033 4235 1275 4304 reputari
1319 4242 1539 4304 propter
1585 4232 1992 4287 multitudinem
2072 4240 2075 4243 ‘

424 4325 810 4383 misericordiae
831 4326 1086 4396 dignatus
1115 4343 1197 4388 es,
1243 4342 1359 4380 mea
1391 4335 1612 4395 peccata
1649 4323 1769 4378 dele
1795 4325 1848 4379 in
1889 4322 1995 4377 tide

425 4428 485 4475 ut
536 4428 591 4474 te
638 4418 958 4499 gloriﬁcent,
992 4418 1227 4483 Christe,
1265 4433 1359 4487 per
1393 4419 1618 4475 saecula.

491 4530 848 4586 Peccatorum
888 4546 1130 4584 meorum
1193 4532 1612 4601 chirographum
1670 4532 1857 4588 lancea
1895 4541 1986 4587 tua

426 4622 626 4683 lacera,
663 4627 718 4673 et
745 4620 926 4673 cordis
961 4620 1065 4673 mei
1104 4619 1321 4675 dolores
1366 4636 1520 4685 sana,
1570 4619 1815 4687 Dmnine,
1869 4636 1988 4690 per-

425 4696 589 4765 cussa
619 4705 726 4761 telo
758 4705 959 4761 malitia
995 4722 1286 4776 pravorum
1327 4708 1657 4761 daunonum.

497 4903 848 4975 Denigratum
904 4921 1002 4961 cor
1063 4913 1271 4975 peccati
1324 4920 1544 4966 cruore.
1606 4905 1723 4959 lava
1766 4907 1820 4961 in
1869 4923 1996 4961 san-

427 4998 590 5066 guine
620 4998 711 5069 qui
745 4997 861 5053 ﬂuit
892 5014 957 5053 ex
992 4999 1183 5063 latere,
1221 4999 1440 5052 Christe
1471 4999 1565 5061 mi,
1598 5006 1733 5053 ut‘te
1784 4999 1994 5071 gloriﬁ-

427 5103 543 5144 cem
584 5105 677 5160 per
703 5090 883 5145 omnia
917 5090 1136 5145 smcula.

498 5259 630 5324 Quae
661 5261 781 5315 sine
826 5263 1041 5315 cultura
1092 5262 1406 5332 germinasti
1454 5264 1731 5319 caelestem
1765 5266 1995 5335 spicam,

435 5345 624 5421 Virgo,
652 5350 815 5420 imple
843 5353 1177 5408 esurientem
1226 5354 1482 5408 humilem
1523 5354 1760 5409 animam
1795 5370 1993 5412 meam.

770 5540 1130 5612 Vivi/icanlem
1157 5546 1354 5615 {autem
1386 5563 1683 5615 perennem.

504 5626 798 5697 Postquam
833 5632 1158 5702 jejunasset,
1213 5637 1438 5707 Elisaeus
1493 5638 1782 5694 suscitavit
1835 5653 1986 5694 mor-

2091 3184 2185 3239 τοῦ
2204 3185 2379 3255 ὄφεως
2399 3201 2412 3215 ·
2437 3186 2556 3248 ταῖς
2581 3184 2690 3237 τῶν
2719 3183 2906 3238 παθῶν
2936 3187 3273 3255 ἐπαγωγαῖς,
3290 3185 3366 3256 τῷ
3386 3185 3463 3256 σῷ
3484 3184 3674 3250 πάθει,

2094 3277 2464 3349 φιλάνθρωπε,
2499 3278 2527 3331 ὁ
2560 3275 2746 3331 παθὼν
2769 3279 2865 3331 καὶ
2893 3278 2992 3349 τὴν
3027 3278 3297 3332 ἀπάθειαν
3327 3279 3543 3342 πιστοῖς
3569 3292 3672 3349 χα-

2096 3369 2404 3439 ρισάμενος.

2174 3460 2238 3514 Ἡ
2265 3461 2365 3531 τῆς
2396 3460 2647 3533 νηστείας
2672 3461 2833 3531 χάρις
2858 3460 3100 3531 ἔλαμψεν
3122 3502 3136 3524 ,
3167 3461 3441 3532 ἀκρασίας
3480 3463 3673 3526 σκότος

2091 3550 2392 3606 διώκουσαο
2433 3552 2542 3607 ἰδοὺ
2572 3552 2965 3623 εὐπρόσδεκτος
3008 3553 3102 3606 καὶ
3148 3552 3328 3624 ἡμέρα
3359 3555 3632 3626 σωτήριος
3655 3568 3670 3583 ·

2096 3644 2383 3716 μετανοίας
2415 3643 2777 3713 ἐνδειξώμεθα
2802 3646 3050 3715 καρποὺς
3077 3645 3172 3698 καὶ
3200 3644 3501 3716 ζησόμεθα.

2165 3734 2630 3788 Καταπιπτόντων
2643 3737 2669 3788 ἐ
2681 3734 3032 3805 πανόρθωσις,
3046 3735 3248 3805 ἡδονῶν
3258 3738 3523 3807 κρημνοῖς
3534 3754 3673 3806 συμ-

2096 3822 2381 3876 πτωθέντα
2422 3840 2509 3892 με,
2542 3824 2639 3878 καὶ
2673 3823 2947 3895 ἁμαρτίας
2990 3825 3202 3894 χαλεπὰ
3245 3826 3555 3896 ἐμπεσόντα
3590 3827 3668 3886 είς

2097 3913 2370 3986 βάραθρα,
2396 3913 2781 3986 ἐξανάστησον,
2804 3914 2963 3986 άγνὴ,
2990 3917 3085 3968 καὶ
3114 3916 3248 3987 πρὸς
3272 3916 3418 3989 ζωὴν
3441 3918 3672 3991 ποδηγη.
3696 3898 3701 3903 ’

2099 4022 2211 4060 σον.

2339 4118 2449 4171 Τὸν
2488 4118 2629 4183 τοὺς
2666 4120 3040 4188 ὐμνολόγους
3079 4122 3148 4175 ἐν
3185 4122 3432 4192 καμίνῳ.

2178 4229 2235 4284 Ὀ
2268 4229 2404 4299 μετὰ
2435 4232 2651 4303 ἀνόμων
2678 4232 2997 4301 λογισθῆναι
3026 4234 3115 4288 διὰ
3142 4234 3343 4304 πλῆθος
3368 4234 3549 4299 ἐλέους
3572 4252 3669 4288 κα·

2096 4322 2475 4393 ταδεξάμενος,
2493 4325 2589 4386 τὰς
2616 4325 2755 4394 ἐμὰς
2780 4325 3055 4394 ἁμαρτίας
3078 4324 3358 4398 ἐξάλειψον
3386 4328 3444 4381 ἐν
3467 4327 3665 4389 πίστει,

2030 4425 2072 4480 υ
2100 4416 2246 4478 ὅπως
2278 4433 2338 4492 σε
2373 4414 2600 4480 δοξάζω,
2632 4416 2858 4488 Χριστέ,
2899 4419 2977 4478 εἰς
3004 4418 3130 4481 τοὺς
3166 4417 3390 4482 αἰῶνας.

2162 4527 2284 4580 Τῶν
2318 4528 2602 4598 ἁμαρτιῶν
2631 4545 2732 4597 μου
2763 4528 2823 4581 τὸ
2855 4527 3238 4602 χειρόγραφον,
3263 4531 3328 4601 τῇ
3362 4533 3428 4601 σῇ
3451 4531 3646 4602 διάρῤη

2094 4618 2182 4683 ξον
2210 4618 2377 4690 λόγχῃ
2396 4636 2410 4649 ·
2443 4620 2654 4689 καὶτῆς
2682 4621 2910 4691 καρδίας
2935 4639 3034 4691 μου
3059 4623 3154 4685 τὰς
3185 4624 3378 4688 ὀδύνας
3404 4624 3667 4695 Θεράπευ-

2096 4728 2205 4771 σον,
2227 4712 2418 4782 Κύριε,
2441 4711 2742 4783 πληγείσης
2766 4711 2910 4781 βέλει
2934 4713 3032 4783 τῆς
3058 4714 3256 4779 κακίας
3285 4715 3394 4769 τῶν
3420 4719 3665 4788 πονηρῶν

2094 4802 2386 4873 δαιμόνων.

2172 4914 2652 4986 Μεμελανωμένην
2681 4918 2779 4987 τὴν
2813 4917 3038 4986 καρδίαν
3069 4921 3169 4988 τῆς
3195 4921 3466 4992 ἁμαρτίας
3486 4922 3564 4991 τῷ
3585 4921 3666 4975 λύ-

2102 5004 2237 5075 θρῳ,
2272 5004 2348 5074 τῷ
2380 5004 2454 5073 σῖ)
2484 5006 2796 5060 άπόπλυνον
2826 5008 2890 5061 ἐκ
2920 5007 3159 5078 πλευρᾶς
3191 5010 3557 5078 άποστάξαντι
3582 5010 3664 5065 at-

2102 5113 2254 5165 ματι,
2304 5096 2507 5167 Χριστέ
2541 5114 2663 5166 μου,
2697 5097 2784 5152 ἵνα
2819 5116 2877 5151 σε
2908 5098 3116 5164 δοξάζω
3168 5101 3248 5164 είς
3294 5102 3501 5165 πάντας
3544 5116 3664 5163 τους

2099 5204 2320 5250 αιωνας.

2187 5277 2249 5333 Ἦ
2274 5279 2641 5350 ἀγεωργήτως
2710 5280 3130 5351 ἐκϐλαστήσασα
3199 5283 3291 5336 τὸν
3348 5283 3662 5355 ἐπουράνιον

2101 5370 2322 5439 στάχυν,
2357 5369 2625 5440 Παρθένε,
2662 5370 2942 5442 ἔμπλησον
2981 5374 3250 5429 πεινῶσαν
3280 5374 3663 5447 τὴνταπεινὴν

2094 5458 2272 5532 ψυχήν
2304 5478 2430 5531 μουο
2610 5529 2619 5533 -

2327 5552 2447 5618 τὴν
2483 5551 2778 5622 ᾄυοδόχον
2815 5556 3021 5623 πηγὴν
3059 5555 3172 5624 τὴν
3205 5558 3447 5614 ἀέναον.

2160 5641 2551 5714 Νενηστευκὼς
2587 5644 2887 5708 Ἐλισσαῖος
2930 5647 3228 5719 άνέστησε·
3263 5654 3658 5724 νενεκμωρένιιν
