3986 6236
340 295 480 360 3853

1773 289 2160 355 TRIODIUM
2173 336 2191 353 .

3472 282 3616 349 885!

343 404 432 458 τὸν
475 404 665 471 παῖδα,
703 403 777 469 ὡς
825 405 1172 476 γέγραπται·
1227 406 1324 460 καὶ
1348 408 1509 478 ἡμεῖς
1557 408 1925 476 νηστεύοντες,

2048 416 2194 463 tuum
2224 420 2480 475 puerum,
2518 415 2576 459 ut
2605 404 2872 474 scriptum
2900 409 2987 458 est
3022 420 3036 456 :
3071 415 3174 457 nos
3225 415 3445 472 quinque
3475 403 3624 470 jeju-

343 499 584 569 σαρκικὰ
602 499 927 568 φρονήματα
942 498 1349 571 ἀπονεκρῶσαι,
1380 500 1585 565 πιστοὶ,
1626 516 1930 570 κατεπειχ-

348 590 553 660 θῶμεν,
582 592 669 643 ἴνα
693 590 840 660 ζωῆς
867 591 967 660 τῆς
1001 592 1119 645 ἐκεῖ
1141 592 1513 662 ὲπιτύχωμεν.

412 684 604 755 Οἴμοιί
636 683 806 753 ψυχὴ,
831 683 1063 754 φοϐερὸν
1087 684 1149 737 τὸ
1177 686 1483 757 κριτήριον,
1513 686 1604 740 καὶ
1626 692 1722 739 τοσ
1742 687 1928 758 κριτοῦ

341 777 375 847 ἡ
405 775 681 846 φρικώδης
702 776 982 844 ἀπόφασις
1001 792 1014 807 ·
1043 772 1301 840 σπεῦσον,
1324 774 1680 847 μετανόησον,
1700 776 1923 848 Χριστῷ

340 864 658 939 διαλλάγηθι
682 868 777 938 ,τῷ
811 868 901 922 διὰ
941 868 1001 921 σὲ
1043 870 1100 922 ὲν
1134 867 1354 939 σταυρῷ
1402 865 1802 939 ἀναρτηθέντι,
1838 868 1934 921 καὶ

344 959 634 1030 ῥυσαμένῳ
659 959 888 1022 πιστοὺς
916 958 1319 1029 κατακρίσεως.

409 1051 522 1122 Τῆς
553 1053 845 1123 μετανοίας
874 1071 966 1123 μοι
995 1051 1172 1118 πύλας
1190 1053 1589 1121 διάνοιξονθάς
1614 1052 1725 1107 τῶν
1747 1053 1949 1107 παθῶν·

344 1161 446 1213 μου
477 1144 716 1207 εἰσόδους
748 1144 1094 1218 ἀπόκλεισον,
1126 1147 1154 1198 ὁ
1186 1145 1356 1216 λῃστῇ
1383 1146 1485 1218 τὴν
1511 1145 1718 1202 εἴσοδον
1748 1146 1934 1211 δείξας

340 1234 666 1289 εὐεπίϐατον
691 1234 784 1289 τοῦ
808 1236 1166 1307 παραδείσου,
1184 1237 1412 1308 Χριστὲ,
1433 1241 1500 1310 τῇ
1517 1242 1583 1311 σῇ
1605 1240 1903 1311 σταυρώσε·
1920 1279 1932 1290 .

340 1328 430 1382 ἵνα
459 1327 668 1392 δοξάζω
691 1328 789 1398 τὴν
827 1328 928 1401 σὴν
951 1328 1289 1399 ἀγαθότητα.

411 1420 539 1474 Ὀτι
587 1422 666 1483 εἰς
718 1420 860 1491 βάθη
894 1421 1092 1485 κακίας
1118 1422 1494 1494 άπέῤῥιμμαι.
1524 1425 1620 1477 καὶ
1654 1412 1934 1494 λογισμοῖς

341 1510 604 1576 ἐναντίοις
638 1512 991 1583 χειμάζομαι,
1040 1512 1258 1584 δαίμοσι
1303 1514 1624 1586 πειθόμενος
1653 1557 1668 1579 ,
1720 1516 1933 1585 ἡδοναῖς

340 1601 719 1672 δουλούμενος·
737 1603 1134 1676 βοήθησόνμοι,
1159 1607 1298 1680 ἁγνὴ
1322 1608 1776 1681 Παρθενομῆτορ,
1798 1608 1934 1679 πρὸς

343 1696 615 1766 σωτηρίας
645 1696 763 1750 ὁδὸν
790 1697 1067 1767 ὁδηγοῦσά
1096 1716 1185 1767 με.

1954 1757 2002 1819 Β

2038 506 2257 561 nantes,
2299 496 2555 553 carnales
2599 495 2978 566 cogitationes
3046 492 3377 548 mortiiicare
3430 495 3621 548 lideles

2036 589 2385 650 festinemus,
2408 596 2466 641 ut
2496 587 2663 642 vitam
2693 600 2814 656 quae
2842 584 2913 639 ibi
2938 591 3025 639 est
3068 583 3449 639 obtineamus.

2039 744 2051 757 .
2110 679 2223 734 lleu
2274 680 2438 734 mihi!
2475 679 2681 741 anima,
2753 675 3161 729 formidandum
3210 674 3506 744 judicium,
3567 686 3623 727 et

2031 773 2238 843 judicis
2300 772 2539 826 terriiica
2608 770 2939 825 sententia:
2988 767 3210 830 festina,
3274 778 3619 829 convertere,

2034 861 2257 922 Christo
2292 864 2654 921 recmiciliare
2673 864 2766 933 qui
2792 870 3016 933 propter
3058 867 3112 915 te
3144 861 3198 913 in
3232 873 3455 913 erucem
3491 874 3617 914 sus-

2035 974 2241 1032 pensus
2267 958 2387 1021 fuit,
2421 965 2476 1013 et
2514 957 2770 1012 liberavit
2801 954 2988 1010 lideles
3027 968 3055 1007 a
3090 952 3475 1008 damnatione.
3526 994 3535 999 ,

2044 1094 2051 1099 .
2105 1049 2453 1106 Ptnuitentia:
2484 1051 2619 1104 mihi
2658 1050 2858 1118 januas
2904 1045 3079 1116 aperi,
3131 1044 3424 1098 libidinum
3462 1057 3614 1096 meu-

2035 1158 2156 1197 rum
2193 1137 2480 1196 introitum
2502 1141 2719 1202 claude.
2755 1139 2848 1210 qui
2881 1138 3080 1192 latroni
3106 1119 3391 1191 introitum
3424 1145 3617 1190 osten-

2035 1234 2164 1289 disti
2209 1233 2427 1289 facilem
2490 1230 2760 1302 paradisi,
2797 1229 3039 1291 Christe,
3086 1224 3204 1298 per'
3237 1234 3388 1281 tuam
3435 1228 3619 1280 cruci.

2036 1326 2318 1393 ﬂxionem,
2350 1323 2742 1397 ut‘gloriiicem
2785 1332 2934 1377 tuam
2970 1321 3294 1377 bonitatem.

2106 1416 2245 1471 Cum
2278 1417 2331 1470 in
2369 1416 2604 1486 ahyssos
2635 1413 2857 1468 malitiae
2885 1412 3222 1482 praacipilor,
3253 1420 3307 1469 et
3349 1413 3620 1485 oppositis

2036 1506 2678 1577 eogiwtionibusjactor
2712 1505 3057 1560 dannonibus
3103 1504 3387 1570 obediens,
3455 1507 3619 1561 volu-

2035 1600 2279 1669 ptatibus
2309 1599 2557 1653 serviens
2590 1614 2604 1651 :
2645 1598 2910 1652 auxiliare
2940 1596 3098 1659 mihi,
3122 1606 3274 1652 casta
3305 1595 3470 1667 Virgo
3505 1612 3621 1651 mas

2036 1700 2139 1756 ter,
2175 1691 2284 1745 duc
2312 1705 2397 1746 me
2427 1690 2492 1744 ad
2529 1690 2728 1746 salutis
2789 1690 2952 1745 viam.

339 1808 437 1877 Μὴ
465 1810 537 1863 ἐν
561 1810 849 1880 ποταμοῖς
891 1812 922 1864 ὁ
1000 1813 1180 1881 ισθῇς
1198 1854 1213 1878 ,
1246 1814 1442 1882 Κύριε,
1468 1816 1507 1884 ἢ
1540 1817 1612 1870 ἐν
1640 1815 1925 1887 ποταμοῖς

481 1883 515 1933 d
545 1880 732 1948 θυμός
759 1829 1083 1952 (ron/3‘s?
1113 1884 1398 1952 θαλάσσῃ
1431 1889 1497 1940 τὸ
1529 1886 1782 1952 ὅρμημα.

2048 1804 2163 1860 Non
2186 1808 2238 1859 in
2266 1804 2576 1875 ﬂuminibus
2608 1806 2867 1859 irascaris
2893 1845 2907 1867 ,
2939 1805 3068 1859 Dom
3082 1808 3180 1867 Tne,
3216 1807 3322 1862 sive
3354 1808 3407 1860 in
3431 1807 3618 1877 ﬂumi-

2211 1880 2367 1931 nibus
2400 1893 2492 1930 cor
2518 1887 2690 1940 tuum,
2716 1876 2827 1929 sive
2865 1877 2920 1928 in
2952 1879 3089 1928 mari
3126 1878 3440 1952 indignatio.

481 1883 515 1933 ό
545 1880 732 1948 θυμός
759 1896 907 1945 σου,
943 1880 981 1952 ἢ
1015 1883 1083 1936 ἐν
1113 1880 1398 1954 θαλάσσῃ
1431 1880 1503 1940 τό
1529 1886 1782 1958 ὅρμημα.

409 1970 596 2040 Μέθην
628 1972 830 2043 ἡδονῶν
855 1973 1219 2045 ψυχοφθόρων
1247 1975 1577 2045 σϐέσαντες,
1610 1980 1672 2034 τὸ
1697 1984 1797 2052 τῆς
1829 1998 1928 2036 κα-

338 2061 613 2125 τανύξεως
640 2063 790 2131 πόμα
821 2062 911 2117 διὰ
940 2064 1196 2135 νηστείας
1224 2067 1655 2140 ὲμφορηθῶμεν.

410 2239 744 2310 Νήστευσον,
795 2241 963 2312 ψυχὴ,
1000 2245 1270 2315 ἀκρασίας
1323 2245 1601 2318 βρώσεως,
1645 2247 1925 2320 τρύφησον

343 2329 523 2386 καλῶν
557 2332 835 2405 θεωρίαις,
864 2333 951 2388 ἵνα
974 2335 1072 2405 τῆς
1106 2336 1218 2390 ἄνω
1248 2337 1527 2409 τραπέζης
1555 2339 1743 2413 τύχῃς.

413 2508 719 2580 Ἅνθρακες
766 2512 936 2583 πυρὸς
981 2513 1074 2568 τοῦ
1127 2515 1294 2568 άΰλου
1348 2515 1637 2581 πέλοντες,
1695 2518 1925 2587 suam

339 2602 530 2655 παθῶν
564 2621 664 2673 μου
694 2604 792 2674 τὴν
824 2604 978 2677 ὓλην,
1010 2606 1144 2660 θεῖοι
1178 2607 1467 2663 ἀπόστολοι
1499 2609 1593 2663 τοῦ
1643 2611 1923 2682 Σωτῆρος.

410 2776 595 2846 Σάρκα
625 2777 703 2846 τῷ
733 2778 956 2849 Χριστῷ
1005 2782 1069 2834 ὲκ
1114 2785 1213 2852 τῆς
1246 2784 1343 2853 σῆς
1370 2783 1691 2849 δανείσασα,
1717 2786 1924 2857 νέκρω-

342 2884 433 2920 σον
462 2871 662 2947 σαρκός
693 2888 793 2941 μου
822 2872 892 2945 τὰ
921 2873 1064 2943 πάθη
1092 2913 1106 2937 ,
1138 2874 1460 2947 ζωοκυῆτορ
1493 2876 1633 2948 άγνὴ
1660 2879 1924 2951 Παρθένε.

486 3047 601 3103 Τὸν
636 3051 705 3104 ἐν
739 3052 918 3122 φλογὶ
955 3053 1081 3120 τοῖς
1109 3054 1283 3109 παισί
1322 3055 1441 3110 τῶν
1474 3057 1782 3126 Ἐϐραίων.

2211 1880 2367 1931 nibus
2400 1893 2492 1930 cor
2518 1887 2690 1940 tuum,
2716 1876 2827 1929 sive
2865 1877 2920 1928 in
2952 1879 3089 1928 mari
3126 1878 3440 1948 indignatio.

2105 1969 2438 2023 Ebrietatem
2480 1965 2768 2022 libidinum
2801 1982 2927 2036 quae
2958 1968 3115 2020 ruina
3145 1950 3275 2023 sunt
3306 1971 3616 2023 animarum

2034 2063 2472 2131 exstinguentes,
2504 2060 2947 2131 compunctionis
3004 2068 3135 2130 potu
3199 2077 3293 2129 per
3346 2061 3616 2131 jejunium

2037 2156 2381 2224 implcamur.
2834 2214 2841 2229 Χ

2103 2245 2358 2311 Abstine,
2423 2246 2629 2310 anima,
2695 2245 3131 2316 intemperantia:
3183 2247 3329 2313 cibo,
3387 2248 3618 2303 nutrite

2035 2341 2307 2394 bonorum
2340 2337 2933 2409 contemplationibus,
2976 2348 3036 2393 ut
3072 2354 3318 2395 mensam
3354 2355 3613 2411 superam
3690 2368 3695 2371 -

2034 2434 2315 2490 obtineas.

2103 2525 2382 2581 Carbones
2409 2523 2477 2579 ab
2508 2522 2632 2596 igne
2662 2514 3072 2593 supernaturali
3107 2524 3437 2590 candentes,
3463 2540 3616 2581 com-
3699 2590 3701 2592 η

2036 2618 2215 2672 burite
2236 2615 2523 2670 libidinum
2584 2632 2831 2670 mearum
2876 2616 3091 2683 silvam,
3132 2617 3301 2671 divini
3359 2618 3611 2687 apostoli

2037 2707 2355 2761 Salvatoris.

2106 2798 2238 2864 Quae
2266 2813 2487 2853 carnem
2515 2796 2738 2853 Christo
2769 2813 2836 2852 ex
2873 2808 2964 2852 tua
2996 2783 3385 2865 commodasti,
3417 2801 3616 2854 morti—
3662 2866 3665 2867 ν

2038 2891 2137 2946 (ica
2181 2891 2365 2946 carnis
2417 2905 2549 2945 mea:
2598 2890 2859 2959 libidines
2890 2931 2904 2952 ,
2968 2907 3093 2962 qua:
3130 2893 3395 2964 genuisti,
3450 2902 3607 2949 casta

2041 2980 2221 3053 Virgo.

2282 3069 2420 3124 lium
2452 3070 2504 3125 in
2541 3071 2763 3141 ﬂamma
2788 3073 2967 3141 pueris
2997 3071 3366 3129 Hebraeorum.

409 3141 750 3206 Θανατωθεὶς
774 3146 893 3206 ταῖς
927 3145 1152 3208 πολλαῖς
1182 3147 1502 3219 ἁμαρτίαις,
1525 3124 1726 3218 νεκρὰν
1757 3164 1925 3219 προσ-

2102 3164 2330 3220 Occisus
2359 3166 2542 3218 multis
2566 3166 2826 3234 peccatis.
2861 3174 3135 3219 mortuam
3163 3166 3332 3222 aliero
3362 3167 3607 3223 animam

340 3236 489 3306 φέρω
516 3236 612 3307 τὴν
640 3235 819 3306 ψυχὴν
846 3236 904 3288 ἐν
935 3235 1012 3307 τῷ
1044 3235 1145 3307 βίῳ
1169 3254 1182 3268 ·
1214 3238 1295 3291 διό
1328 3256 1395 3307 με
1424 3239 1732 3308 οἰκτείρατε
1784 3237 1930 3307 Cuiq-

341 3329 525 3398 φόροις
560 3330 883 3401 πρεσϐείαις
924 3332 1042 3394 ταῖς
1072 3330 1249 3400 ὑμῶν,
1295 3330 1523 3386 θεόπται
1556 3331 1800 3403 μαθηταὶ
1837 3330 1929 3384 τοῦ

341 3419 578 3490 Κυρίου.

413 3515 763 3586 Περισχεθεὶς
817 3500 1088 3588 άμῖκρτίας
1141 3516 1383 3591 ὁμίχλῃ,
1422 3519 1522 3591 ᾄδῃ
1575 3521 1929 3591 προσήγγισα

341 3604 703 3674 ἀπογνώσεως
728 3606 924 3671 ὅντως·
959 3608 1040 3662 διό
1069 3626 1136 3679 με
1162 3612 1459 3678 φωτίσατε,
1489 3608 1584 3663 τοῦ
1621 3611 1803 3665 Ἠλίου
1824 3611 1924 3680 τῆς

340 3696 496 3767 δόξης
537 3696 760 3767 μύσται,
797 3699 890 3751 καὶ
920 3698 1139 3761 ἀκτῖνες
1164 3701 1502 3771 ὑπάρχοντες
1531 3701 1779 3755 θεόπται.

423 3875 555 3928 Ἀπὸ
581 3876 768 3930 παθῶν
789 3879 1146 3948 ὲγκρατεύου,
1168 3880 1260 3933 καὶ
1286 3881 1459 3954 σώζῃ,
1482 3882 1627 3953 ψυχὴ
1650 3883 1926 3940 ταλαίπω-

344 3985 401 4036 ρε
422 3984 436 3999 ·
469 3968 645 4040 ἀποχὴ
676 3971 784 4040 γὰρ
816 3969 1120 4040 βρωμάτων
1145 3973 1389 4042 νηστεία,
1416 3975 1784 4044 ἁπρόσδεκτος
1815 3982 1928 4044 τοῖς

338 4060 518 4130 ὀρθῶς
562 4060 873 4132 ἐκζητοῦσι,
916 4064 965 4115 εί
998 4062 1073 4135 μὴ
1106 4066 1201 4119 καὶ
1251 4065 1592 4136 σφαλμάτων
1638 4067 1926 4139 διόρθωσις

340 4153 582 4224 ὑπάρχῃ.
1671 4188 1677 4199 ι

408 4243 577 4297 Βάτον
627 4245 761 4316 πυρὶ
806 4245 1101 4317 καιομένην
1143 4247 1351 4317 Μωσῆς
1396 4265 1455 4303 σε
1492 4247 1624 4320 πρὶν
1670 4251 1922 4322 ἐθεώρει,

338 4335 606 4408 θεομῆτορ
632 4338 875 4410 Παρθένε
894 4356 908 4370 ο
960 4340 1040 4393 διό
1091 4357 1193 4409 μου
1231 4342 1572 4397 κατάσϐεσον
1597 4344 1706 4397 τῶν
1732 4345 1922 4399 παθῶν

2035 3256 2087 3314 in
2121 3257 2230 3311 vita
2268 3272 2282 3308 :
2319 3255 2442 3308 ideo
2465 3250 2803 3310 miseremini
2842 3257 2972 3321 mei,
3003 3256 3074 3310 ob
3100 3258 3374 3314 salutares
3422 3274 3613 3327 preces

2034 3355 2287 3411 nostras,
2342 3346 2435 3402 Dei
2500 3345 2717 3402 visione
2793 3345 3100 3416 gaudentes
3169 3346 3429 3418 discipuli
3501 3345 3612 3402 Do-

2032 3440 2191 3496 mini.

2100 3532 2484 3588 (.Iircumdatus
2531 3533 2741 3603 peccati
2799 3532 3020 3596 nebula,
3076 3531 3480 3603 desperationis
3520 3531 3608 3585 in-

2032 3626 2190 3681 terno
2234 3640 2364 3679 vere
2403 3625 2840 3695 appropinquavi
2900 3642 2915 3680 :
2974 3624 3099 3679 ideo
3145 3641 3233 3681 me
3283 3625 3607 3686 illuminate,

2030 3717 2227 3771 initiati
2261 3716 2403 3771 Solis
2436 3717 2646 3787 gloriae,
2673 3723 2728 3772 et
2756 3717 2851 3787 qui
2878 3716 3235 3786 reperiuntur
3268 3716 3404 3770 radii
3436 3715 3606 3771 Deum

2029 3806 2271 3876 aspicien
2281 3816 2383 3862 tes.

2101 3896 2143 3950 Α
2173 3897 2490 3954 libidinibus
2522 3898 2755 3962 abstine,
2784 3904 2838 3952 et
2868 3897 3015 3952 salva
3040 3906 3113 3961 te,
3143 3898 3343 3954 misera
3369 3900 3551 3955 anima
3590 3920 3604 3955 :

2027 3990 2261 4061 privatio
2299 3990 2446 4044 enim
2480 3991 2870 4045 alimentorum
2896 3991 3173 4060 jejunium
3207 4006 3317 4046 non
3349 3994 3608 4047 convenit

2025 4089 2174 4136 recte
2229 4071 2604 4149 quaerentibus
2634 4123 2649 4149 ,
2721 4082 2833 4138 nisi
2886 4085 3144 4153 lapsuum
3192 4084 3466 4139 correctio
3509 4098 3608 4140 sn-

1924 4206 1927 4207 ν
2028 4179 2202 4241 peret.

2095 4260 2316 4317 Bubum
2383 4263 2508 4334 igne
2540 4265 2885 4322 combustam
2940 4264 3159 4338 Moyses
3197 4277 3247 4323 te
3280 4267 3410 4321 olim
3451 4268 3604 4323 vide-

2024 4354 2136 4419 bat,
2191 4353 2284 4419 Dei
2322 4352 2573 4411 Genitrix
2606 4355 2810 4429 Virgo:
2863 4357 2988 4413 ideo
3025 4358 3320 4415 libidinum
3354 4375 3605 4415 mearum

333 4427 432 4490 τὰς
459 4429 744 4501 καμίνους,
773 4431 866 4483 καὶ
884 4431 1053 4503 πυρὸς
1080 4431 1305 4503 γεέννης
1329 4432 1663 4506 ὲξάρπασον,
1691 4439 1785 4492 καὶ
1809 4438 1915 4492 σῶ-

2048 4464 2276 4505 ornaccs
2313 4451 2623 4521 exstinguc,
2654 4452 2807 4507 etab
2845 4452 2973 4523 igne
3014 4453 3280 4524 gehennae
3320 4454 3492 4510 evelle
3521 4464 3605 4508 at-

607 4613 712 4667 Ἐν
749 4614 965 4681 Σιναίῳ
1003 4614 1082 4682 τῷ
1121 4614 1242 4687 ὄρει
1282 4619 1512 4677 κατεῖδέ
1551 4637 1645 4675 σε.

405 4702 649 4771 Ποταμοῖ
678 4707 984 4774 γεγονότες,
1014 4708 1324 4775 ἀπόστολοι,
1345 4712 1445 4781 τῆς
1479 4714 1660 4784 πηγῆς
1680 4712 1781 4783 τῆς
1806 4730 1923 4784 νοη-

334 4792 455 4862 τῆς,
493 4795 585 4847 καὶ
630 4796 692 4848 τὸ
736 4793 880 4869 ὕδωρ
909 4799 970 4852 τὸ
1003 4799 1109 4865 ζῶν
1156 4802 1570 4873 εὐπορήσαντες
1620 4808 1678 4859 ἐν
1724 4807 1923 4877 καρδίᾳ

334 4885 575 4959 καθαρᾷ,
628 4888 728 4958 τῆς
780 4891 921 4961 ἐμῆς
974 4893 1251 4964 ἁμαρτίας
1302 4896 1370 4948 τὰ
1418 4896 1610 4967 ῥεῖθρα
1649 4896 1920 4969 ξηράνατε

330 4982 452 5041 ταῖς
481 4984 813 5052 προσευχαῖς
838 4984 1016 5055 ὑμῶν,
1048 4987 1141 5040 καὶ
1172 4987 1310 5058 πρὸς
1343 4992 1620 5061 σωτηρίας
1693 4991 1809 5043 ὁδὸν
1842 4991 1922 5044 ὁδ-

332 5073 440 5143 ηγή
451 5090 576 5126 σατε
585 5117 599 5132 .

412 5168 713 5238 ’Λμαρτίας
738 5171 989 5242 χειμάζει
1023 5171 1317 5227 κλυδώνιον
1341 5172 1440 5244 τὴν
1468 5173 1657 5228 ἀθλίαν
1687 5193 1787 5246 μου
1816 5173 1920 5245 diu.

331 5260 431 5329 χήν
456 5277 468 5290 θ
498 5263 676 5328 δεξιὰν
731 5264 806 5326 ὡς
854 5265 930 5335 τῷ
958 5266 1148 5337 Πέτρῳ
1183 5285 1272 5336 μοι
1306 5268 1569 5333 ἔκτεινον,
1610 5269 1919 5340 κυϐερνῆτα

331 5351 537 5419 ἀγαθὲο
578 5353 652 5425 μὴ
692 5354 850 5425 βυθός
900 5374 966 5427 με
1017 5359 1235 5432 καλύψῃ
1285 5362 1314 5413 ὁ
1358 5362 1462 5430 τῆς
1515 5362 1915 5431 ἀπογνώσεως’

333 5441 528 5510 βρῶμα
563 5444 639 5515 μὴ
665 5446 913 5516 γένωμαι
948 5451 1147 5520 κήτους
1174 5450 1547 5522 ψυχοιρθόρου,
1578 5452 1783 5524 Χριστὲ
1818 5470 1916 5505 πο-

331 5532 533 5587 λυέλεε.
934 5545 963 5569 ⁸

414 5627 752 5682 ’Λποστόλων
782 5630 942 5700 χορὸς
970 5630 1206 5685 ἱκετεύει
1235 5649 1318 5696 σε,
1336 5633 1511 5703 Ἰησοῦ
1539 5634 1915 5705 παμϐασιλεῦ·

328 5713 572 5774 δυσωπεῖ
606 5738 664 5773 σε
697 5723 947 5788 ἀγγέλων
967 5725 1033 5776 τὰ
1055 5724 1309 5792 τάγματα
1333 5743 1345 5756 ο
1368 5726 1455 5779 διὰ
1488 5726 1689 5797 πλῆθος
1717 5730 1920 5795 οἱκτιρτ

2024 4556 2133 4617 que
2158 4541 2329 4597 salva.

2448 4633 2515 4690 In
2540 4633 2679 4691 Sina
2718 4646 2893 4691 monte
2932 4637 3063 4709 uidit
3101 4648 3172 4693 te.

1986 4786 1989 4789 λ
2095 4725 2346 4780 Flumina
2375 4726 2527 4793 facti,
2581 4730 2840 4797 apostoli,
2878 4728 3050 4784 fontis
3088 4730 3512 4795 intellectualis,
3548 4741 3602 4785 et

2023 4832 2221 4887 aquam
2255 4818 2526 4873 viventem
2578 4819 2791 4874 fundite
2825 4820 2881 4874 in
2921 4822 3089 4876 corde
3118 4836 3275 4891 puro,
3324 4822 3431 4876 mei
3477 4835 3603 4892 pec-

2023 4909 2128 4962 cati
2164 4909 2367 4965 iluctus
2405 4910 2611 4967 siccate
2643 4926 2738 4981 per
2772 4925 2962 4983 preces
2991 4921 3229 4978 vestras,
3257 4924 3311 4968 et
3338 4915 3405 4967 ad
3453 4915 3601 4968 salu-

2022 4999 2094 5054 tis
2139 5000 2278 5053 viam
2315 5002 2523 5057 ducite.

2091 5182 2304 5238 Peccati
2412 5184 2551 5239 undae
2624 5188 2901 5257 exagitant
3004 5186 3262 5242 miseram
3358 5195 3595 5242 mentem

2022 5290 2243 5333 meam:
2277 5277 2581 5342 dexteram,
2632 5281 2774 5333 sicut
2806 5278 2986 5338 Petro,
3038 5279 3255 5348 porrige
3298 5279 3454 5344 mihi,
3502 5295 3599 5348 gu-

2021 5364 2281 5421 bernator
2301 5370 2439 5423 boue
2470 5387 2483 5422 :
2523 5385 2629 5423 non
2651 5370 2888 5440 abyssus
2912 5369 3321 5437 desperationis
3353 5385 3435 5424 mc
3466 5385 3599 5438 ope-

2021 5455 2170 5507 riat:
2220 5457 2378 5512 cibus
2429 5472 2536 5511 non
2573 5458 2695 5529 [iam
2741 5467 2845 5510 cett
2889 5456 2982 5525 qui
3041 5456 3256 5512 animus
3302 5457 3594 5528 dispertiit,

2020 5546 2241 5600 Christe
2264 5547 2808 5603 misericordissime.

2092 5638 2482 5705 Apostolorum
2536 5638 2742 5691 chorus
2780 5638 3013 5712 supplex
3067 5638 3287 5694 invocat
3343 5648 3413 5704 te,
3467 5637 3597 5694 JeSu
3678 5650 3685 5659 '

2021 5729 2266 5782 omnium
2317 5744 2461 5783 rex:
2515 5730 2839 5799 suppliciter
2900 5738 3133 5787 exorant
3179 5738 3234 5787 te
3276 5733 3603 5803 angeturum
