3986 6236
388 271 528 338 εδδδ

1255 274 1316 332 S.
1348 270 1768 333 SOPHRONII
1808 271 2315 332 PATRIARCH/E
2337 269 2746 355 HIEROSOL.

3534 271 3695 335 3858

383 390 719 439 exercitus:
788 393 887 451 per
953 365 1366 435 multitudinem
1447 381 1963 437 misericordiarum

2118 381 2190 434 ὦν
2219 381 2298 453 τῷ
2325 382 2438 454 λαῷ
2471 399 2564 437 σου
2589 383 2873 454 παράσχου
2900 383 3089 435 κακῶν
3116 380 3529 454 ἀπολύτρωσιν,
3557 382 3691 452 βίον

391 484 611 529 tuarum
645 471 845 545 populo
881 476 981 527 tuo
1026 470 1315 543 suppedita
1365 472 1744 527 liberationem
1793 489 1821 527 a
1857 487 1975 526 ma-

386 569 477 632 lis,
548 564 676 621 vita
733 562 1185 621 emendationem
1217 603 1233 632 ,
1285 572 1341 620 et
1392 564 1550 636 regni
1609 565 1688 621 tui
1748 579 1978 621 consor-

387 656 548 710 tiam.

462 744 773 817 Virginitas
807 753 862 802 et
904 757 1098 817 partus
1169 753 1540 802 occurrerunt
1577 754 1975 819 supernatura-

389 840 512 895 liter
556 841 609 895 in
647 849 722 905 te,
773 855 900 894 area
933 840 1262 895 venerabilis
1295 839 1371 894 rei
1401 854 1594 905 sacrae,
1628 850 1805 895 mater
1846 838 1976 895 Vir-

388 949 563 1005 goque
614 942 816 989 easta:
883 933 1007 988 ideo
1063 941 1290 1004 pr0pter
1350 932 1512 986 iidem
1556 933 1735 986 clamo
1776 932 1844 986 ad
1898 941 1972 998 te,

388 1035 562 1081 totum
595 1041 682 1081 me
717 1028 1018 1093 sanctiﬁca,
1054 1036 1225 1082 totum
1274 1027 1445 1082 libera
1493 1028 1564 1082 ab
1592 1029 1741 1082 omni
1791 1026 1974 1083 disso-

391 1116 598 1169 lutione
642 1113 937 1169 libidinum
981 1116 1358 1185 torquentium
1396 1132 1503 1171 me.

761 1192 771 1201 ’
870 1203 1033 1275 Impii
1073 1223 1177 1260 non
1207 1206 1475 1260 videbunt.

461 1296 711 1363 Domine,
760 1297 855 1366 qui
882 1298 1195 1351 voluntarie
1225 1300 1471 1352 elevatus
1512 1298 1662 1387 eain
1697 1313 1887 1364 cruce,
1916 1306 1975 1355 et

391 1388 685 1460 prostrasli
742 1387 1030 1441 inimicum
1072 1388 1383 1442 voluntarie
1423 1405 1437 1442 :
1479 1404 1628 1443 nunc
1664 1391 1973 1460 praecipita-

390 1490 504 1533 tum
548 1495 635 1534 me
679 1479 735 1533 in
781 1481 1123 1552 voluptatum
1159 1480 1413 1552 abyssos,
1462 1481 1842 1549 misericordia
1878 1492 1972 1538 tua

394 1571 633 1640 corrige.
1038 1551 1043 1565 ’

465 1660 772 1717 Obscuram
856 1660 1176 1716 libidinibus
1239 1664 1422 1734 pravis
1465 1665 1707 1719 animam
1763 1665 1971 1720 illumi-

2079 469 2366 542 διόρθωσιν
2384 514 2398 540 ,
2430 472 2527 527 καὶ
2551 471 2651 545 τῆς
2676 471 2960 545 βασιλείας
2988 472 3087 543 τῆς
3117 471 3343 549 σῆςτὴν
3367 473 3691 527 οἰκείωσιν.

2147 761 2426 835 Παρθενία
2453 761 2546 816 καὶ
2569 760 2727 824 τόκος
2749 759 3081 830 συνέδραμεν
3096 758 3236 830 ὑπὲρ
3259 756 3423 828 φύσιν
3442 757 3545 812 ἐπὶ
3571 758 3692 827 σοὶ,

2076 855 2276 910 κιὸωντὲ
2306 854 2400 908 τοῦ
2425 853 2622 908 σεπτοῦ
2650 854 3011 923 ἀγιάσματος,
3034 849 3469 924 Μητροπάρθενε
3487 851 3684 925 ἁγνή·

2075 950 2155 1003 διὸ
2173 949 2355 1003 πίστει
2385 947 2492 1019 βοῶ
2515 965 2618 1014 σοι,
2652 947 2773 999 ὅλον
2804 962 2870 1018 με
2895 945 3122 1017 ἁγίασον
3142 960 3156 974 ·
3179 946 3299 999 ὅλον
3326 944 3697 1016 ἔκλύτρωσαι

2076 1039 2256 1111 πάσης
2292 1036 2581 1109 ἀσελγείας
2611 1035 2801 1090 παθῶν
2831 1034 2942 1087 τῶν
2973 1033 3270 1088 θλιϐόντων
3303 1049 3392 1104 με.

2515 1212 2772 1280 Ἀσεϐεῖς
2809 1215 2921 1268 οὐκ
2962 1213 3241 1283 ὄψονται.
3541 1275 3550 1282 ν

2164 1305 2764 1383 Ἑκουσίως,Δέσποτα,
2783 1305 3006 1377 ύψώθης
3027 1307 3084 1359 ὲν
3100 1302 3340 1376 σταυρῷ,
3358 1303 3454 1358 καὶ
3470 1302 3620 1357 κατέ
3629 1305 3697 1376 ῤ-

2078 1398 2246 1470 ραξας
2267 1399 2358 1452 τὸν
2404 1398 2596 1469 ἐχθρὸν
2632 1398 2893 1461 ἑκουσίως
2916 1414 2930 1429 ·
2967 1398 3090 1450 ὅθεν
3117 1396 3584 1468 κατερραγμένον
3618 1410 3697 1463 με

2040 1551 2045 1559 ,
2075 1490 2281 1563 ἡδονῶν
2302 1492 2382 1555 είς
2409 1490 2685 1562 βάραθρα,
2711 1490 3088 1561 εὐσπλαγχνίᾳ
3120 1506 3213 1543 σου
3245 1486 3572 1560 διόρθωσον.

2147 1668 2510 1723 Σκοτισθέντα
2536 1668 2764 1723 πάθεσιν
2798 1667 3023 1731 ἀτόποις
3056 1664 3155 1735 τὴν
3175 1664 3379 1736 ψυχὴν,
3403 1661 3696 1734 φωταγώο

394 1769 463 1809 na
486 1795 501 1820 ,
532 1752 684 1819 Jesu,
716 1754 808 1824 qui
841 1754 1153 1810 obscurasti
1191 1756 1384 1823 solem,
1418 1757 1472 1815 in
1499 1774 1666 1819 cruce
1692 1769 1973 1827 extensus,

2118 1779 2270 1833 ησον,
2306 1760 2502 1831 Ἰησοῦ,
2530 1763 2558 1815 ὁ
2594 1760 2856 1824 σκοτίσας
2891 1759 3068 1830 ἥλιον,
3101 1755 3321 1830 σταυρῷ
3363 1757 3699 1827 στεινόμενος

393 1855 447 1900 ct
475 1846 815 1910 illuminasti,
859 1845 975 1910 Sol,
1014 1856 1172 1901 terra:
1205 1848 1620 1916 plenitudinem.

465 1940 794 1998 Sobrietatis
850 1956 1116 1996 oceanum
1181 1944 1442 2013 navigare
1509 1945 1697 2015 quiete
1753 1944 1981 2017 dignare

396 2052 502 2102 me,
535 2037 775 2099 Christe,
807 2052 1165 2108 compescens
1187 2037 1386 2099 ﬂuctus
1416 2040 1977 2112 intelligentiaamete:

393 2135 445 2182 et
486 2129 540 2182 in
581 2130 1013 2184 resurrectionis
1042 2138 1259 2200 portum
1308 2131 1585 2186 introduc.

466 2307 686 2364 Castam
740 2307 1021 2365 innocenti
1062 2317 1245 2363 mente
1296 2324 1666 2366 veneramur:
1732 2313 1981 2382 pulchri-

399 2399 639 2453 tudinem
675 2415 798 2470 quze
830 2414 896 2454 ex
925 2397 1095 2453 Jacoh
1128 2402 1476 2470 processisti,
1514 2419 1612 2473 per
1643 2413 1798 2458 artus
1837 2406 1980 2460 diri-

2080 1856 2176 1910 καὶ
2207 1856 2477 1926 φωτίσας,
2509 1856 2695 1923 ⁸Ἥλιε,
2733 1854 3062 1925 οἰκουμένης
3094 1852 3163 1907 τὰ
3190 1852 3573 1924 πληρώματα.

2151 1946 2226 2000 Τὸ
2247 1946 2505 2018 νηστείας
2527 1946 2764 2015 πέλαγος
2793 1944 3093 1999 ἐκπλεῦσαι
3118 1941 3373 2014 γαληνῶς
3403 1940 3694 2009 καταξιω-

2081 2038 2173 2092 σόν
2210 2054 2301 2109 με,
2339 2038 2576 2108 Χριστὲ,
2625 2034 2980 2112 κατευσνάξων
3026 2034 3248 2107 κύματα
3280 2033 3381 2106 τῆς
3431 2032 3693 2095 διανοίας

2085 2149 2186 2202 μου
2209 2146 2224 2162 ⁸
2260 2130 2355 2185 καὶ
2386 2131 2482 2202 τῆς
2516 2130 2867 2194 ἀναστάσεως
2922 2131 3004 2192 εἰς
3052 2128 3249 2200 λιμένα
3285 2143 3355 2198 με
3404 2125 3694 2201 καθόρμι-

2083 2240 2199 2278 σον.

2156 2317 2268 2389 Τὴν
2291 2318 2462 2390 ἁγνὴν
2488 2318 2772 2387 ἀγνεύοντι
2794 2318 3116 2387 τιμήσωμεν
3139 2314 3220 2369 νοτ
3245 2331 3261 2346 ο
3296 2312 3569 2386 καλλονὴν
3586 2311 3692 2383 τὴν

2082 2411 2176 2463 τοῦ
2224 2408 2418 2464 Ἰακὼϐ
2456 2412 2577 2474 ταῖς
2617 2409 2824 2472 ἐνθέοις
2866 2409 3100 2481 πράξεσι
3138 2407 3557 2479 καλλυνόμενοι,
3595 2409 3694 2473 εύ-

401 2494 550 2548 uitus
582 2493 880 2563 inspiratus
910 2492 1178 2559 decorati,
1227 2494 1314 2564 pie
1339 2496 1683 2553 cantabimus
1720 2506 1980 2568 tanquam

2120 2498 2257 2564 εὸὦς
2294 2500 2651 2572 ύμνήσωμεν,
2681 2500 2757 2565 ὡς
2784 2500 3012 2573 Μητέρα
3045 2499 3140 2554 τοῦ
3164 2500 3301 2554 Θεοῦ
3330 2500 3514 2572 ἡμῶν.

400 2583 733 2645 Genitricem
767 2582 858 2638 Dei
893 2584 1096 2639 nostri.

743 2674 940 2730 Pueros
980 2675 1283 2731 innocentes
1316 2680 1371 2732 in
1404 2681 1637 2734 camino.

358 2843 364 2848 .
474 2769 647 2827 Cruxi
694 2768 890 2823 alIixus
940 2783 1036 2839 per
1070 2770 1529 2841 misericordiam,
1578 2776 1774 2829 latroni
1822 2792 1985 2846 para-

403 2860 587 2919 disum
655 2862 920 2931 aperuisti
970 2879 984 2916 :

405 2957 632 3022 astutia,
659 2966 713 3011 et
743 2956 796 3010 in
818 2958 1018 3010 anima
1044 2957 1392 3012 vulneratum
1427 2959 1653 3011 vnlno-re
1695 2959 1986 3027 immenso,

406 3063 543 3103 sana
572 3064 675 3114 me,
714 3052 972 3119 aperiens
1025 3050 1158 3103 mihi
1221 3050 1424 3121 januas
1478 3053 1821 3122 paenitentia:
1878 3070 1990 3126 prae

413 3150 510 3197 tuo
536 3155 662 3209 erga
707 3140 959 3197 homines
991 3157 1202 3197 amore.

477 3229 700 3301 Jejunio
738 3240 1104 3289 extenuemus
1158 3248 1406 3300 carnem,
1450 3234 1690 3287 animam
1729 3235 1988 3306 precibus

413 3322 766 3392 saginemus,
801 3338 1072 3394 pauperes
1123 3325 1456 3388 nutriamus,
1511 3325 1831 3380 thesaurum
1878 3343 1988 3382 non

407 3413 828 3469 deiicientemin
852 3415 1008 3471 caelis
1045 3424 1315 3479 ementes,
1347 3424 1402 3469 et
1431 3417 1842 3472 exclamantes:
1881 3417 1990 3473 Do-

410 3507 619 3562 minum
656 3505 898 3573 laudate,
934 3522 1124 3576 opera,
1155 3518 1210 3560 et
1245 3508 1673 3577 superexaltate.

480 3597 745 3653 Passione
772 3607 866 3653 tua
911 3598 1132 3652 turbata
1185 3608 1272 3653 est
1325 3610 1602 3664 creatura,
1635 3601 1787 3655 cruci
1828 3611 1878 3656 te
1906 3602 1993 3658 vi-

410 3687 553 3768 dens.
597 3686 842 3750 anisum.
895 3687 1151 3743 Salvator
1203 3690 1450 3760 optime:
1492 3690 1622 3746 hinc
1673 3694 1996 3763 suppliciter

348 3846 351 3847 ν
410 3796 510 3835 oro
543 3789 597 3834 te
629 3780 925 3850 impetibus
958 3783 1234 3852 serpentis
1282 3797 1502 3852 semper
1525 3784 1821 3854 jactatum,
1859 3803 1996 3843 con-

413 3871 554 3928 forta
607 3882 845 3930 mentem
884 3890 1088 3940 meam,
1148 3876 1488 3944 misericors,
1543 3878 1599 3933 in
1649 3881 1993 3938 voluntatum

414 3973 632 4023 tuarum
668 3965 913 4021 inereata
950 3976 1131 4036 petra.
1519 3987 1522 3990 ’

482 4053 659 4115 .lanua
695 4054 786 4111 Dei
826 4058 1038 4123 clausa,
1069 4074 1234 4130 quam
1276 4061 1429 4117 solus
1457 4062 1675 4133 trajecit
1710 4064 1996 4134 Dominus,

415 4146 593 4218 dirige
633 4164 720 4204 me
754 4151 809 4204 in
849 4151 1077 4207 semitas
1122 4152 1364 4221 divinas,
1407 4162 1461 4210 et
1492 4157 1640 4226 aperi
1689 4157 1883 4213 salutis
1908 4160 2001 4228 ja-

418 4254 558 4297 nuas
593 4242 749 4307 mihi,
804 4244 980 4314 gratia
1016 4242 1112 4299 Dei
1154 4246 1364 4314 plena:
1414 4248 1619 4302 etenim
1662 4247 1729 4301 ad
1766 4256 1819 4304 te
1863 4264 2001 4306 con-

422 4335 594 4408 lusio,
635 4332 830 4406 Virgo,
870 4336 1049 4391 solum
1086 4337 1354 4392 auxilium
1393 4340 1611 4407 generis
1646 4338 1892 4394 humani.

421 4537 599 4612 Lapis.
639 4552 747 4590 non
803 4552 965 4589 manu
1013 4536 1254 4612 sculptus
1311 4537 1506 4612 montis
1559 4554 1662 4592 non
1717 4526 1997 4608 compositi

916 4622 983 4663 ea:
1004 4607 1272 4678 lapidibus
1299 4608 1505 4679 politis.

494 4700 715 4762 Petram
769 4701 1041 4771 sculptam
1078 4702 1282 4757 montis
1329 4711 1383 4757 te
1429 4701 1683 4773 praevidit
1734 4702 2002 4757 orientem

426 4808 493 4849 ex
527 4791 765 4863 Virgine,
788 4793 1059 4858 Salvator,
1085 4794 1422 4863 frangentem
1449 4801 1631 4861 petras
1665 4793 1719 4847 in
1752 4801 1846 4847 tua
1878 4808 2009 4848 crue

426 4883 686 4943 ciﬁtione
729 4902 744 4940 :
805 4883 926 4940 ideo
974 4889 1267 4956 gravatum
1327 4882 1506 4953 lapide
1563 4882 1779 4937 duritia:
1834 4884 2004 4937 libera

426 4993 533 5043 me,
570 4976 907 5034 misericors.

499 5070 734 5125 Abstine
786 5083 816 5123 a
863 5066 1094 5134 malitia,
1152 5064 1337 5121 anima
1387 5079 1530 5128 mea,
1585 5064 1771 5119 divino
1823 5080 2011 5122 amore

426 5162 705 5218 luxuriata
739 5177 753 5214 :
792 5161 993 5230 ianuas
1018 5157 1242 5228 adaperi
1275 5156 1532 5211 erunibus
1560 5156 1830 5210 bonorum
1855 5157 2008 5227 cogi-

425 5255 771 5316 tationibus,
847 5252 1114 5311 claudens
1175 5250 1461 5321 pravitatis
1521 5249 1852 5316 introitum,

427 5348 848 5418 temperantiam
878 5355 932 5400 et
963 5345 1294 5400 orationem.

498 5443 940 5503 Condemnatum
990 5441 1142 5499 salva
1199 5455 1308 5503 me,
1372 5441 1468 5511 qui
1513 5439 1787 5495 damnasti
1847 5453 2015 5495 cruce

432 5547 547 5599 tua.
605 5537 834 5592 Domine
890 5535 1164 5599 Salvator,
1232 5533 1511 5588 inimicam
1550 5547 1724 5587 meam
1756 5549 1794 5605 ι¹
1827 5541 1883 5587 et
1944 5548 2015 5588 ne

432 5629 696 5700 gehennae
725 5629 987 5685 ostendas
1035 5627 1345 5698 subjectum
1382 5627 1620 5695 aliquem
1669 5624 2013 5680 vulneratum

438 5718 779 5785 libidinibus,
835 5732 889 5776 ut
935 5721 1173 5791 peccatis
1218 5719 1583 5774 debilitatum.

1915 5264 2014 5320 per

2399 2673 2627 2741 Παῖδας
2659 2674 2898 2746 εὐαγεῖς
2922 2674 2992 2729 ἐν
3016 2645 3091 2745 τῇ
3112 2675 3366 2744 καμίνῳ.

2158 2763 2386 2836 Σταυρῷ
2429 2768 2771 2837 προσ-παγεὶς
2798 2766 2865 2819 δι’
2900 2767 3326 2837 εὐσπλαγχνίαν,
3374 2765 3550 2839 λῃστῇ
3595 2765 3693 2819 τὸν

1034 2878 1181 2917 nune
1236 2878 1322 2918 me
1374 2865 1666 2933 spoliatum
1722 2866 1987 2922 mentonis

2118 2858 2421 2929 ειράδεισον
2480 2858 2762 2929 ἀνέῳξας·
2814 2857 2907 2911 νῦν
2942 2858 2999 2912 δὲ
3032 2858 3402 2931 λῃστευθέντα
3444 2877 3539 2928 με,
3571 2857 3691 2911 δαί-

2092 2969 2251 3021 μονος
2278 2951 2546 3021 δεινότητι
2571 2953 2664 3005 καὶ
2692 2957 2763 3025 τῇ
2796 2955 2943 3024 ψυχῇ
2976 2953 3255 3025 ὁλόσωμον
3280 2953 3495 3025 πληγὴν
3526 2954 3689 3019 δεξά-

2095 3058 2278 3113 μενον,
2313 3044 2594 3114 ίάτρευσον
2624 3044 2848 3109 ἀνοίξας
2903 3061 2994 3114 μοι
3042 3045 3219 3110 πύλας
3247 3046 3346 3110 τὰς
3377 3048 3477 3118 τῆς
3510 3062 3689 3118 μετα-

2093 3132 2242 3197 νοίας
2272 3135 2339 3204 τῇ
2375 3136 2444 3207 σῇ
2474 3134 2879 3207 φιλανθρωπίᾳ.

2162 3223 2402 3297 Νηστείᾳ
2426 3224 2781 3295 λεπτύνωμεν
2803 3225 2903 3296 τὴν
2926 3224 3127 3296 σάρκα,
3151 3225 3330 3298 ψυχὴν
3355 3226 3691 3297 προσευχαῖς

2093 3313 2540 3384 καταπιάνωμεν,
2560 3315 2800 3386 πένητας
2833 3316 3214 3388 ὲκθρέψωμεν,
3236 3317 3466 3370 πλοῦτον
3499 3318 3579 3388 μὴ
3599 3333 3691 3370 κε-

2093 3405 2355 3477 νούμενον
2382 3410 2439 3460 ὲν
2468 3407 2720 3478 οὐρανοῖς
2761 3407 3083 3479 ὠνούμενοι,
3132 3409 3226 3462 καὶ
3255 3409 3690 3476 ἀνακράζοντεςο

2094 3497 2202 3551 Τὸν
2228 3497 2432 3570 Κύριον
2467 3501 2712 3571 ὑμνεῖτε,
2753 3503 2821 3555 τὰ
2860 3500 3020 3572 ἔργα,
3052 3501 3147 3554 καὶ
3177 3501 3545 3573 ύπερυψοῦτε.

2167 3592 2259 3664 Τῷ
2291 3591 2453 3647 πάθει
2486 3610 2581 3647 σου
2620 3594 2800 3659 κτίσις
2826 3595 3116 3665 ἐκλονήθη,
3149 3593 3368 3665 σταυρῷ
3396 3611 3454 3646 σε
3489 3592 3694 3647 θεασα-

2100 3686 2238 3758 μένη
2269 3686 2682 3759 καθηλωμένον,
2716 3687 2902 3757 Σῶτερ
2928 3686 3266 3758 ύπεράγαθεο
3298 3687 3421 3739 ὅθεν
3450 3684 3686 3740 ἱκετεύω

2100 3800 2183 3849 σε,
2211 3786 2332 3846 ταῖς
2351 3780 2683 3853 προσϐολαῖς
2706 3779 3066 3850 κλονούμενον
3095 3780 3183 3832 ἀεὶ
3211 3778 3306 3832 τοῦ
3340 3779 3538 3848 ὄφεως,
3572 3794 3689 3830 στε-

2102 3873 2307 3945 ρέωσον
2325 3873 2417 3925 τὸν
2439 3870 2563 3925 νοῦν
2594 3887 2718 3942 μου,
2751 3871 3074 3942 οἰκτίρμων,
3107 3869 3342 3929 σοῦμτῶν
3367 3868 3711 3940 θελημάτωνν

2101 3966 2159 4016 ὲν
2184 3966 2420 4036 ἀρραγεί
2451 3966 2515 4035 τῇ
2553 3967 2756 4036 πέτρα.

2187 4055 2252 4109 Ἣ
2287 4056 2436 4127 πύλη
2465 4055 2599 4110 θεοῦ
2638 4057 2671 4127 η
2699 4054 3088 4125 κεκλεισμένη,
3113 4056 3178 4126 ἣν
3219 4055 3375 4124 μόνος
3406 4052 3695 4108 διώδευσεν

2102 4152 2131 4202 ό
2161 4149 2389 4221 Κύριος,
2418 4150 2596 4203 ἴθυνον
2626 4147 2762 4220 πρὸς
2781 4148 3004 4218 τρίϐους
3041 4165 3110 4219 με
3144 4147 3316 4214 θείας,
3357 4148 3451 4200 καὶ
3487 4146 3693 4200 διάνοια

2107 4245 2194 4311 ξον
2223 4245 2323 4316 τῆς
2355 4244 2630 4314 σωτηρίας
2670 4243 2844 4307 πύλας
2883 4259 2996 4312 μοι,
3041 4240 3440 4312 θεοχαρίτωτεο
3469 4239 3608 4310 πρὸς
3637 4236 3694 4297 σὲ

2106 4336 2217 4406 γὰρ
2248 4335 2606 4403 καταφεύγω,
2638 4333 2908 4406 Παρθένε,
2957 4333 3095 4403 μόνη
3135 4332 3444 4405 προστασία
3473 4330 3568 4385 τοῦ
3607 4330 3694 4399 γέ-

2037 4442 2078 4496 ι)
2106 4448 2229 4493 νους
2251 4430 2364 4483 τῶν
2391 4427 2718 4500 ἀνθρώπων.

2236 4541 2414 4604 Λίθος
2439 4539 2865 4610 ἀχειρότμιιτος
2897 4539 3076 4609 ὄρους
3103 4540 3173 4606 ἐξ
3209 4541 3572 4610 ﬁdissimo.

2187 4701 2350 4755 Λίθον
2401 4718 2462 4754 σε
2503 4700 2785 4771 τμηθέντα
2833 4700 3084 4772 προεῖδεν
3134 4700 3293 4772 ὅρους
3322 4704 3612 4772 προφήτης
3638 4702 3699 4754 ὲκ

2119 4790 2434 4861 Παρθένου,
2465 4789 2674 4862 Σῶτερ,
2707 4774 3082 4865 διαρῤήξάντα
3116 4793 3321 4865 πέτρας
3349 4795 3416 4864 τῇ
3450 4795 3516 4865 σῇ
3548 4808 3691 4845 σταυ-

2124 4888 2287 4959 ρώσει
2309 4905 2322 4918 ·
2348 4885 2427 4938 διὸ
2451 4885 2785 4956 βαρούμενον
2809 4885 3169 4956 ἀναισθησίας
3194 4886 3326 4957 λίθῳ
3356 4904 3443 4958 με,
3470 4887 3544 4951 ὡς
3566 4903 3682 4939 παν·

2121 4982 2258 5034 οικτί
2267 4998 2296 5051 ρ
2304 4998 2439 5049 μων,
2473 4969 2861 5050 ὲλευθέρωσον.

2192 5072 2510 5143 Νήστευσον
2540 5072 2759 5138 κακίας,
2792 5071 2939 5143 ψυχή
2989 5089 3114 5143 μου,
3146 5071 3268 5144 θείᾳ
3293 5071 3486 5145 ἀγάπῃ
3514 5072 3698 5139 ἐντρυυ

2124 5164 2317 5234 φῶσα’
2350 5164 2522 5236 θύρας
2583 5146 2927 5219 ἀνάπὲτασον
2978 5164 3182 5228 πάσαις
3246 5164 3429 5219 καλῶν
3489 5163 3698 5222 είδέαις,

2127 5258 2609 5327 ἑναποφράττουσα
2631 5257 2730 5327 τῆς
2759 5258 3025 5329 πονηρίας
3052 5259 3277 5325 εῐσοδον,
3296 5258 3362 5311 δι’
3384 5255 3698 5328 ἐγκρατείας,

2127 5351 2223 5403 καί⁸
2256 5349 2516 5418 δεήσεως.

2220 5439 2352 5511 Ἐμὲ
2386 5440 2475 5492 τὸν
2514 5440 2845 5508 κατάκριτον
2904 5439 3099 5507 σῶσον,
3158 5442 3185 5494 ό
3249 5440 3585 5511 κατακρίνας
3630 5452 3700 5503 τῳ

2129 5531 2348 5603 σταυρῷ
2378 5548 2497 5599 σου,
2526 5532 2776 5586 Δέσποτα
2831 5531 3038 5604 Σῶτερ,
3077 5512 3180 5605 μοῦ
3212 5540 3310 5602 τὴν
3353 5533 3586 5605 ἔχθρανο
3616 5526 3700 5582 καὶ

2131 5622 2205 5694 μὴ
2231 5622 2428 5695 γεέννῃ
2454 5623 2634 5694 δείςῃς
2660 5622 2964 5677 ὑπεύθυνον
2984 5623 3076 5676 τὸν
3108 5624 3467 5695 πληγωθέντα
3492 5623 3700 5685 πάθεσι,

2128 5717 2224 5768 καὶ
2259 5713 2555 5786 ἁμαρτίαις
2584 5713 3021 5788 ἀμαυρούμενον.
3578 5729 3590 5739 '
