3986 6236
323 416 458 483 3861

715 533 818 585 ’ον
865 531 1223 602 φρίττουσιν
1250 528 1527 601 ἅγγελΟα

390 622 589 693 Θρηνῶ
643 622 737 676 καὶ
783 623 1068 696 ὀδύρομαι,
1123 624 1225 697 τὴν
1268 625 1420 699 ὤραν
1461 622 1660 678 ἐννοῶν
1696 612 1908 695 καθ’ἥν

323 718 741 788 παραστήσομαι
762 716 839 787 τῷ
869 717 1046 788 θρόνῳ
1068 717 1143 789 τῷ
1177 719 1413 790 φρικτῷ,
1440 716 1671 781 εὐθύνας
1694 716 1907 786 ὑφέξων

318 810 428 861 τῶν
454 808 665 863 πνιλλῶν
710 826 813 880 μου
874 809 1083 875 κακῶν,
1115 804 1302 883 ὦνπερ
1349 812 1408 864 ἐν
1445 809 1639 881 ἀγνοίᾳ
1684 808 1909 863 ἐτέλεσα.

322 907 414 959 καὶ
453 905 673 972 γνώσει.

323 1013 328 1018 ’
394 996 655 1066 Μωύσῆί,
684 996 1061 1068 καθαρτήριον
1114 997 1369 1065 νηστείαν
1428 996 1721 1068 εὑρηκὼς,
1773 996 1906 1049 Θεὸν

317 1088 615 1158 κατενόησε
668 1092 760 1141 τὸν
789 1089 951 1159 μόνον
985 1089 1259 1159 καθαρόν·
1323 1089 1468 1159 ψυχή
1512 1107 1636 1160 μου,
1681 1089 1906 1160 νηστείᾳ.

324 1180 704 1251 καθαρίσθητι,
724 1182 810 1234 ἵνα
838 1181 1146 1254 πλησιάσῃς
1165 1180 1390 1252 Χριστῷ
1411 1180 1488 1252 τῷ
1516 1180 1903 1252 φιλανθρώπῳ.

396 1272 667 1341 Νηστείαν
694 1274 1023 1344 ποθὴσωμεν
1052 1273 1267 1343 μητέρα
1290 1272 1500 1342 ἀρετῶν
1518 1289 1532 1304 ·
1558 1271 1767 1344 τρυςιὴν
1796 1273 1908 1343 βδε-

321 1358 612 1432 λαξώμεθα
634 1366 960 1435 γεννήτριαν
989 1364 1179 1419 παθῶν
1199 1381 1212 1393 ·
1255 1365 1348 1418 καὶ
1379 1364 1693 1439 κράξωμεν,
1727 1366 1906 1436 Πάτερ

323 1456 350 1506 6
378 1455 433 1505 ὲν
458 1456 568 1516 τοῖς
603 1455 875 1525 ούρανοῖς,
930 1453 1105 1508 σῶσον
1145 1457 1317 1525 ἡμᾶς,
1358 1456 1527 1509 σῶσον
1559 1455 1746 1526 εὐχαῖς
1799 1455 1907 1508 τῶν

328 1548 437 1599 σῶν
464 1548 657 1615 ἁγίων.

397 1637 605 1712 κριτὴν
638 1641 696 1694 δν
731 1640 1048 1711 ἐγέννησας,
1068 1639 1315 1709 Παρθένε
1339 1639 1593 1710 Μαριάμ,
1626 1638 1865 1693 δυσὼπει
1886 1682 1901 1707 ,

327 1733 385 1783 ἒν
405 1731 522 1804 ὥρᾳ
547 1750 613 1802 με
633 1731 736 1803 τῆς
755 1732 1013 1804 κρίσεως,
1043 1732 1200 1802 ἁγνὴ,
1222 1732 1491 1803 οἰκτεῖραι
1516 1734 1602 1785 καὶ
1631 1731 1799 1785 σῶσαι
1819 1731 1911 1783 τὸν

327 1825 683 1892 κατάκριτον,
717 1824 850 1896 μόνη
877 1824 1187 1896 προστασία
1214 1823 1307 1876 τοῦ
1337 1824 1529 1890 γένους
1571 1821 1674 1875 τῶν
1703 1821 1910 1892 ἀνθρὼ-

328 1934 466 1971 πων.

709 2008 826 2077 Τὴν
854 2008 1207 2078 φωτοφόιων
1246 2006 1528 2075 νεφέλην.

402 2098 493 2163 Εἰς
525 2100 801 2171 ἁμαρτίας
832 2100 1065 2172 πελάγη.
1112 2102 1192 2163 εἰς
1241 2098 1600 2166 ἀπογνώσεως
1633 2097 1794 2168 βάθη.
1831 2099 1910 2161 εἷς

329 2196 625 2263 τρικυμίας
651 2194 950 2265 λογισμῶν,
973 2194 1068 2248 καὶ
1092 2190 1278 2245 παθῶν
1315 2191 1635 2256 καταιγίδας
1679 2207 1912 2262 περιπεο

331 2278 440 2333 σὼν
463 2280 698 2342 ἀναδοῶ,
722 2282 907 2345 ἐλέους
930 2284 962 2352 ή
995 2281 1255 2344 ἇὸυσσος,
1284 2278 1470 2351 βοήθει
1502 2297 1612 2352 μοι,
1638 2282 1731 2335 καὶ
1749 2283 1816 2353 τῇ
1845 2281 1911 2353 σῇ

332 2369 708 2444 εύσπλαγχνίᾳ
733 2371 998 2447 ὄμϐρισόν
1028 2390 1117 2445 μοι
1137 2372 1361 2443 ἱλασμὸν
1394 2371 1698 2446 ἁμαρτιῶν.

402 2558 499 2611 Διὰ
528 2559 784 2627 νηστείας
813 2559 874 2612 τὸ
899 2559 1083 2631 σῶμα,
1119 2558 1186 2613 δι’
1213 2560 1544 2632 ἐγκρατείας
1576 2561 1635 2616 τὸ
1671 2560 1910 2632 πνεῦμα,

330 2647 415 2702 διὰ
437 2646 685 2719 δακρύων
728 2647 824 2720 τὴν
851 2647 1053 2719 ψυχὴν,
1097 2648 1521 2720 ὲκκαθάρωμεν,
1575 2648 1778 2715 πιστοὶ,
1816 2649 1910 2703 καὶ

332 2740 564 2812 καθαροὶ
589 2740 668 2812 τῷ
692 2741 916 2813 καθαρῷ
949 2742 1218 2813 λαμπρῶς
1252 2743 1674 2814 ύπαντήσωμεν,
1709 2742 1913 2814 ὀψόμε-

331 2851 411 2887 νοι
440 2835 509 2887 τά
543 2836 787 2905 σωτήρια
812 2833 981 2906 πάθη,
1013 2833 1049 2890 ἃ
1078 2835 1288 2905 ὑπέστη
1321 2836 1389 2889 δι’
1424 2836 1616 2907 ήμᾶςό
1647 2837 1883 2907 ἀπαθής.

410 2926 500 2990 Ὠς
527 2928 556 2979 6
584 2926 822 2997 τελώνης
856 2927 1123 2994 στενάζω,
1174 2927 1366 2999 ὥσπερ
1392 2930 1424 3000 ἡ
1456 2929 1632 3000 πόρνη
1663 2928 1909 3001 δακρύω,

328 3017 404 3073 ὡς
436 3020 465 3073 6
495 3017 697 3092 λῃστὴς
730 3019 968 3083 ἀναϐοῶ,
996 3020 1282 3093 Μνήσθητί
1307 3038 1430 3092 μου,
1473 3021 1773 3093 οἰκτίρμων
1792 3039 1806 3055 ο
1837 3022 1914 3086 ὼς

328 3108 357 3163 6
380 3107 599 3177 τυφλὸς,
628 3108 724 3161 Υἱὲ
749 3108 933 3172 Δαὸὶδ,
954 3108 1253 3180 κραυγάζω
1318 3126 1420 3172 σοι,
1450 3107 1658 3173 ἄνοιξον
1691 3108 1788 3177 τῆς
1815 3109 1914 3176 ψυ-

329 3200 432 3272 κῆς
468 3216 569 3271 μου
595 3199 909 3271 ὀφθαλμοὺς
937 3200 1294 3272 πηρωθέντας
1312 3202 1380 3272 τῇ
1409 3200 1577 3272 κακίᾳ
1610 3200 1702 3253 τοῦ
1738 3199 1914 3253 δολίου

331 3310 430 3348 πτε
439 3290 675 3364 ρνιστοῦ.

402 3386 477 3440 T6
513 3385 858 3457 ἀλατόμητον
908 3384 1054 3457 δρος,
1091 3383 1190 3456 τὴν
1237 3385 1543 3439 άδιόδευτον
1581 3383 1776 3455 πύλην,
1813 3383 1912 3453 τὴν

329 3479 606 3552 ἀνωτέραν
638 3480 883 3552 οὐρανῶν
910 3479 1005 3533 καὶ
1038 3479 1138 3548 τῆς
1169 3477 1401 3542 κτίσεως
1428 3477 1631 3549 πάσης,
1662 3477 1762 3549 τὴν
1786 3477 1916 3533 καλ-

330 3569 489 3641 λονὴν
518 3568 612 3623 τοῦ
653 3568 867 3637 Ἰακὼϐ,
899 3569 999 3641 τὴν
1021 3570 1259 3639 στάμνον
1301 3568 1401 3641 τὴν
1442 3568 1780 3641 πάγχρυσον,
1820 3571 1916 3624 καὶ

331 3661 576 3734 γέφυραν
628 3663 719 3716 καὶ
746 3661 976 3733 Μητέρα
1024 3660 1120 3714 τοῦ
1154 3660 1430 3725 Κτίστου,
1494 3660 1592 3731 τὴν
1639 3660 1916 3732 Παρθένον

337 3752 751 3824 μακαρίσωμεν,
778 3752 916 3806 λαοί.

501 3840 579 3895 Τὸ
604 3840 908 3910 στερέωμα
936 3839 1050 3894 τῶν
1072 3841 1172 3895 ἐπὶ
1212 3842 1310 3896 σοὶ
1355 3842 1747 3896 πεποιθότων.

290 3998 297 4005 ε
402 3930 873 4003 Συσταυρούμενοι
896 3931 974 4005 τῷ
994 3932 1062 3987 δι’
1095 3934 1246 4004 ἡμᾶς
1279 3931 1670 4003 σταυρωθέντι,
1710 3934 1920 4006 νεκρώ-

335 4043 517 4097 σωμεν
556 4024 774 4080 ἅπαντα
804 4027 1008 4098 σαρκὸς
1035 4024 1104 4080 τά
1139 4026 1277 4098 μέλη
1306 4026 1363 4079 ὲν
1393 4024 1672 4098 νηστείαις
1701 4025 1797 4081 καὶ
1824 4026 1918 4081 εὑ-

336 4112 457 4187 (at;
479 4118 573 4173 καὶ
604 4118 877 4190 δεήσεσιν.

322 4246 327 4251 η
416 4209 474 4264 '0
503 4210 601 4281 τὴν
639 4209 884 4273 ἄκανθαν
910 4210 1010 4280 τῆς
1041 4210 1315 4281 ἁμαρτίας
1337 4208 1576 4275 ὲκτίλας,
1608 4210 1916 4283 σταυρώσει

339 4318 451 4367 σου,
493 4301 686 4372 Κύριε,
722 4301 850 4366 τοὺς
875 4299 1211 4369 ἀκανθώδεις
1234 4300 1528 4374 λογισμοὺς
1554 4301 1650 4370 τῆς
1680 4302 1918 4368 διανοίας

335 4411 436 4465 μου
476 4392 707 4450 ἔκτιλον.

403 4484 844 4549 Καθοπλίσαντες
886 4483 985 4549 τὰς
1035 4482 1276 4547 διανοίας
1303 4483 1546 4554 νηστείᾳ,
1587 4484 1917 4556 τρεψώμεθα

1748 420 2134 483 TRIODIUM
2144 468 2158 482 .

1932 537 1984 593 Α

3449 419 3590 484 38θὲ

2421 532 2588 600 Quem
2628 531 2936 588 horrescunt
2979 533 3170 605 angeli.

2084 620 2377 677 Lamentor
2427 632 2483 677 et
2535 622 2723 694 ploro,
2802 625 2942 678 hanc
3011 622 3325 694 recogitans
3392 622 3586 678 ituram

1998 710 2118 783 'qua
2152 716 2458 769 c0nstituar
2484 726 2610 771 ante
2652 716 2911 770 thronum
2956 716 3279 781 terribilem,
3321 717 3387 770 ad
3427 716 3582 787 judi-

2011 807 2152 855 cium
2217 804 2562 859 subeundum
2616 806 2801 862 multis
2849 805 2917 862 de
2966 807 3100 863 meis
3161 809 3402 877 peccatis
3459 824 3584 879 qua:

2011 895 2270 966 ignorans
2298 906 2392 950 ant
2422 899 2604 952 sciens
2642 897 2766 953 feci.

2079 988 2310 1059 Moyses,
2362 992 2585 1047 inventa
2626 993 2679 1047 in
2706 992 2921 1063 jejunio
2960 992 3360 1063 puriﬁcatione.
3421 993 3586 1049 Deum

2010 1080 2185 1133 solum
2218 1096 2412 1149 purum
2443 1083 2830 1138 animadvertit
2859 1103 2871 1140 :
2909 1086 3221 1156 puriﬁcare,
3241 1087 3421 1140 anima
3448 1103 3587 1151 Inen,

2009 1177 2063 1224 In
2087 1170 2404 1239 jejunio,ut
2438 1174 2676 1243 benigno
2709 1175 2931 1230 Christo
2972 1178 3403 1248 appropinques.
3568 1164 3577 1175 ’

2079 1262 2357 1331 Jt-junium
2395 1282 2666 1330 amemus,
2710 1283 2773 1321 ex
2814 1283 2925 1337 quo
2970 1281 3271 1324 nascuntur
3306 1271 3582 1337 virtutes;

2011 1355 2234 1410 delicias
2264 1374 2635 1423 exsecrentur,
2662 1361 2865 1430 quibus
2894 1371 3228 1431 generantur
3258 1363 3545 1431 cupidines
3574 1381 3588 1427 ;

2010 1448 2311 1505 clamemus
2338 1470 2350 1505 :
2380 1451 2561 1516 Pater,
2587 1454 2679 1524 qui
2706 1469 2765 1509 es
2792 1454 2845 1508 in
2888 1454 3067 1519 cmlis,
3094 1454 3244 1510 salva
3277 1471 3403 1517 nos,
3437 1457 3589 1508 salta

2012 1557 2108 1610 per
2138 1558 2324 1610 preces
2354 1556 2672 1601 sanctorum
2695 1555 2938 1620 tuorum.

2084 1631 2332 1687 Judiccm
2369 1653 2527 1704 quem
2557 1639 2816 1707 genuisti,
2858 1636 3024 1710 Virgo
3074 1638 3264 1703 Maria,
3296 1638 3527 1691 obset't‘ft
3557 1653 3571 1699 ;

2014 1725 2067 1779 in
2101 1726 2231 1778 hora
2261 1723 2473 1791 judicii,
2510 1728 2835 1797 purissima,
2871 1730 3133 1785 miserere
3162 1729 3291 1796 mei,
3323 1728 3589 1797 salraipte

2014 1817 2359 1880 damnatum,
2398 1817 2512 1871 sola
2542 1818 2712 1874 tutela
2744 1819 2969 1873 humani
3002 1821 3238 1892 generis.

2533 1995 2739 2051 Nubem
2770 1996 3069 2067 luciferam.
3220 2004 3223 2005 ⁷
3400 2066 3416 2079 ι

2086 2087 2141 2140 lu
2178 2098 2529 2158 peccaturum
2564 2091 2809 2161 pelagus,
2853 2092 2905 2145 in
2936 2090 3340 2162 desperationis
3370 2092 3598 2162 profun-

2014 2177 2166 2239 dum,
2193 2189 2247 2234 et
2284 2181 2906 2251 cogitationumﬂuctus
2931 2193 2985 2237 et
3027 2183 3345 2255 passionum
3391 2193 3597 2254 tempe-

2017 2277 2195 2325 states
2223 2270 2408 2342 lapsus
2433 2273 2682 2328 exclamo
2707 2291 2720 2328 :
2751 2273 3142 2329 miScricordim
3161 2274 3594 2347 abyssus,auxi-
3644 2309 3650 2319 ι

2016 2359 2148 2414 liare
2174 2361 2325 2427 mihi,
2347 2371 2400 2416 et
2423 2370 2513 2417 tua
2537 2364 2889 2421 miseratione
2919 2365 3082 2437 irriga
3110 2381 3214 2432 me,
3237 2366 3591 2438 prepitiatio-

2016 2463 2139 2504 nem
2174 2452 2418 2520 peccatis
2456 2452 2749 2508 adhibens.

2083 2538 2302 2612 .Iejunio
2335 2558 2558 2615 corpus,
2615 2547 2951 2603 abstinentia
3003 2542 3284 2619 spiritum,
3329 2548 3589 2621 laerymis

2015 2635 2255 2690 animam
2284 2638 2670 2704 emundemus,
2691 2639 2901 2706 ﬁdeles,
2935 2641 3197 2696 etmundi
3223 2640 3593 2696 mundissimo
3658 2710 3665 2715 1

2015 2726 2300 2797 splendide
2330 2743 2707 2798 occurramus,
2765 2741 2825 2787 ut
2857 2733 3132 2789 salutares
3155 2734 3444 2788 videamus
3472 2748 3600 2802 pas-

2014 2819 2218 2885 siones,
2255 2836 2393 2892 qnas
2423 2836 2523 2893 pro
2557 2823 2719 2880 nobis
2744 2825 2970 2880 sustulit
2993 2824 3373 2897 impassibilis.
3634 2898 3639 2903 θ

2086 2909 2241 2965 Sicut
2291 2913 2619 2982 publicanus
2656 2915 2980 2986 ingemisco.
3026 2916 3171 2972 sicut
3213 2918 3473 2972 meretrix
3516 2914 3597 2971 la-

1986 3013 2255 3071 .crymor,
2289 3002 2433 3058 sicut
2466 3004 2608 3059 latro
2635 3005 2887 3060 exclamo
2918 3024 2932 3061 :
2960 3005 3231 3062 Memento
3269 3007 3396 3071 mei,
3435 3006 3600 3062 mise-

2018 3093 2408 3149 ricorszsicut
2442 3111 2621 3153 cmcus
2662 3097 2729 3152 ad
2773 3107 2825 3153 te
2861 3097 3132 3155 vociferor
3174 3116 3188 3154 :
3240 3097 3340 3153 Fili
3395 3098 3598 3163 David,

2017 3186 2164 3254 aperi
2200 3186 2390 3243 oculos
2419 3189 2616 3245 anima:
2653 3204 2803 3263 meae,
2828 3200 3131 3248 excaecatos
3162 3192 3370 3247 malitia
3420 3191 3595 3246 dolosi

2018 3276 2338 3333 adversarii.
2942 3272 2960 3292 '

2088 3367 2324 3426 Montem
2372 3385 2480 3425 non
2520 3369 2780 3439 incisum,
2830 3370 3059 3443 januam
3097 3371 3599 3442 impcnctrabilem,

2018 3464 2519 3533 supereminentem
2547 3464 2719 3521 caalos
2747 3473 2801 3520 et
2826 3479 3043 3520 omnem
3077 3474 3412 3528 creaturam,
3433 3461 3602 3525 Jacob

2019 3562 2507 3632 pulchritudinem,
2529 3578 2723 3618 urnam
2755 3579 3000 3627 auream,
3054 3562 3257 3618 lentem
3291 3570 3345 3616 et
3371 3559 3599 3615 Matrem

2018 3654 2302 3711 Creatoris
2331 3654 2616 3728 Virginem
2643 3658 2861 3714 beatam
2893 3656 3163 3721 dicamus,
3202 3656 3408 3729 populi.

2325 3835 2750 3893 Firmamentum
2775 3838 3107 3907 sperantium
3138 3838 3189 3891 in
3223 3845 3292 3891 te.

2092 3928 2306 3986 (ἰοειίὶιί
2346 3931 2501 3986 cruci
2547 3946 2672 3987 cum
2716 3930 2811 3984 illo
2851 3930 2945 4001 qui
2969 3944 3069 4000 pro
3113 3916 3275 3984 nobis
3302 3928 3606 3984 cruciﬁxus

2021 4028 2126 4086 est,
2174 4021 2361 4076 omnia
2403 4006 2589 4077 carnis
2628 4020 3026 4077 mortiﬁcemus
3060 4020 3327 4085 membra,
3374 4019 3428 4075 in
3457 4018 3604 4091 jeju-

2020 4113 2129 4169 niis
2159 4121 2213 4169 et
2242 4113 2498 4184 precibus
2520 4120 2575 4169 et
2607 4113 3125 4185 supplicationibus.

2093 4204 2196 4272 Qui
2254 4205 2464 4277 peccati
2524 4206 2741 4276 spinam
2804 4205 3036 4261 cvellisti
3084 4204 3442 4263 cruciilxione
3484 4213 3602 4270 tua,

2026 4297 2254 4353 Domine
2278 4336 2294 4363 ,
2334 4297 2596 4370 spinosas
2628 4301 2828 4354 mentis
2858 4313 2992 4354 mea:
3016 4297 3379 4370 cogitationes
3408 4299 3601 4353 evelle.

2100 4474 2336 4532 Mentem
2390 4477 2706 4534 muniamus
2734 4475 2967 4552 jejunio,
3001 4477 3369 4550 inimicasquc
3404 4478 3609 4545 daemo:

332 4574 540 4643 ἔκφυλα
597 4575 869 4647 δαιμόνων
919 4574 1105 4648 στίφη,
1141 4579 1209 4648 τῇ
1265 4575 1492 4648 δυνάμει
1521 4575 1628 4648 ,τοῦ
1684 4578 1911 4651 σταυροῦ

2038 4585 2157 4625 num
2188 4568 2446 4642 ingenuus
2470 4571 2687 4638 turbas,
2722 4572 2910 4628 crucis
2942 4571 3142 4629 lirmati
3173 4572 3392 4628 virtute.

328 4666 712 4738 τειχιζόμενοι.

401 4758 829 4831 Σωματούμενος
859 4762 923 4815 ἐκ
960 4761 1054 4815 σοῦ
1096 4761 1366 4834 προῆλθεν
1410 4764 1439 4817 6
1469 4763 1666 4833 Λόγος,
1698 4763 1797 4836 τὴν
1824 4766 1919 4821 ἔκ-

332 4865 559 4914 πτωσιν,
595 4848 855 4921 άχραντε,
894 4850 1003 4905 τῶν
1026 4850 1389 4924 προπατόρων
1415 4850 1503 4905 διά
1525 4850 1813 4925 σπλάγχνα
1844 4856 1919 4908 oi-

330 4938 579 5011 κτιρμῶν
602 4937 1022 5011 ἀνορθούμενος.

713 5030 1002 5100 Ἁστέκτῳ
1032 5033 1176 5103 πυρὶ
1208 5031 1549 5099 ἐνωθέντες.

400 5123 626 5196 Σταυρῷ
652 5125 753 5189 τὰς
775 5125 953 5198 ἀρχὰς
982 5125 1381 5199 θριαμϐεύσας,
1409 5126 1504 5181 καὶ
1534 5126 1631 5189 τάς
1667 5123 1916 5193 ἐξουσίας

208 5251 220 5265 .
328 5215 427 5280 τὰς
464 5217 556 5272 τοῦ
586 5218 834 5284 σκότους,
871 5217 1172 5290 φωτοδότα,
1206 5219 1283 5273 ὅτ’
1332 5217 1399 5273 ἂν
1429 5218 1590 5291 ἔλθῃς
1618 5219 1735 5290 μετ’
1766 5218 1917 5284 ἐξου-

330 5309 451 5374 σίας
473 5314 653 5383 κρῖναι
680 5312 883 5384 κόσμον
913 5313 1153 5377 ἅπαντα,
1176 5311 1252 5385 μὴ
1273 5311 1342 5366 τά
1367 5312 1499 5384 ἐμά,
1518 5313 1684 5382 Λόγε,
1716 5312 1917 5385 θριαμ-

330 5401 528 5475 ϐεύσῃς
550 5403 779 5475 κρύφια,
805 5404 894 5459 ἵνα
917 5404 1016 5477 τὴν
1044 5405 1247 5478 πολλήν
1282 5422 1374 5459 σου
1398 5404 1608 5471 δοξάζω
1635 5404 1914 5472 εὐσπλαγ-

329 5510 508 5565 γνεαν.
746 5514 755 5521 ·

403 5587 602 5659 Κριτὸς
639 5590 667 5641 ό
691 5589 905 5662 κριτὴς,
936 5590 1042 5663 πρὸ
1086 5590 1348 5664 βημάτων
1377 5589 1539 5662 ἔστης
1572 5592 1915 5663 κατακρίνων

328 5678 426 5749 τὴν
459 5678 658 5752 ἔχθραν
690 5681 770 5754 τῷ
802 5681 1021 5753 σταυρῷ
1045 5699 1161 5747 σου,
1196 5681 1518 5755 μακρόθυμε
1548 5682 1908 5753 δικαιοκρίτκο

327 5772 405 5822 διὸ
437 5773 816 5842 κατακρίσεως
842 5776 1063 5829 αἰωνίου
1101 5774 1263 5846 ῥῦσαι
1314 5775 1441 5838 τοὺς
1483 5775 1633 5844 φόίίῳ
1668 5777 1914 5848 κραυγά-

329 5860 551 5929 ξονταςο
578 5866 635 5920 σὲ
666 5867 1076 5941 ὑπερυψοῦμεν,
1110 5866 1331 5939 Χριστὲ,
1368 5868 1446 5931 εἰς
1474 5869 1641 5933 τέλος.

2091 4754 2443 4812 lncarnatum
2468 4771 2536 4812 ex
2568 4764 2621 4813 te
2646 4756 2853 4828 prodiit
2896 4754 3139 4813 Verbum
3170 4799 3185 4823 ,
3238 4759 3608 4826 immaculata,

2021 4846 2234 4918 lapsum
2279 4850 2770 4922 protoplastorum,
2814 4864 2912 4922 per
2967 4849 3181 4907 viscera
3213 4850 3611 4907 misericordia:

2020 4941 2264 5013 erigens.

2335 5033 2405 5090 In
2427 5036 2600 5108 ignem
2628 5034 3016 5091 intolerabilem
3036 5035 3290 5107 protrusi.

2093 5125 2198 5194 Qui
2227 5142 2396 5185 cruce
2414 5128 2482 5185 de
2505 5129 2911 5201 principatibus
2939 5122 3318 5198 triumphastl,
3368 5132 3423 5180 et
3456 5131 3611 5195 pote-

2021 5232 2196 5278 states
2226 5221 2579 5278 tenebrarum
2608 5221 2956 5285 illuminasti,
2978 5219 3201 5291 quando
3236 5219 3453 5274 veneris
3484 5231 3607 5271 cum

2020 5321 2294 5384 potestate
2321 5313 2574 5383 judicare
2597 5314 2863 5370 mundum
2901 5312 3242 5376 universum,
3276 5309 3386 5363 noli
3413 5310 3610 5364 trimu—

2021 5404 2211 5474 phare,
2246 5404 2505 5471 Verbum,
2541 5404 2610 5458 de
2635 5405 2773 5459 meis
2804 5402 3061 5465 occultis,
3108 5411 3167 5455 ut
3198 5402 3424 5455 multam
3458 5406 3607 5453 tuam
3650 5434 3659 5479 ἐ

2020 5499 2460 5555 misericordiam
2495 5497 2817 5569 gloriﬁcem.
3538 5510 3547 5519 δ
3656 5482 3660 5487 ’

2095 5595 2315 5651 Electus
2354 5595 2545 5666 judex.
2599 5609 2697 5664 pro
2749 5591 3010 5647 tribunali
3058 5588 3281 5651 stetisti,
3339 5586 3606 5642 damnans

2019 5703 2184 5743 cruce
2233 5698 2323 5742 tua
2376 5687 2688 5750 inimicam,
2739 5681 3073 5755 longanimis
3115 5689 3169 5735 rt
3209 5680 3359 5751 juste
3395 5678 3603 5749 judvx;

2022 5790 2312 5852 propterea
2353 5778 2418 5831 ab
2461 5787 2665 5831 {Blcl'tla
2702 5775 3059 5830 damnatione
3095 5774 3267 5828 libera
3296 5772 3386 5843 qui
3438 5772 3609 5825 territi

2020 5874 2259 5929 clamant
2285 5892 2296 5929 :
2327 5870 2862 5946 supercxaltabimus
2895 5878 2967 5939 te,
2994 5867 3232 5935 Christe,
3272 5866 3325 5921 in
3352 5864 3538 5920 tinent.
