3986 6236
469 373 613 438 38η)

471 576 744 635 flammam
778 579 968 637 divino
1001 597 1125 638 rore
1153 583 1554 649 exstinxerunt;
1592 601 1721 652 vere
1761 597 1814 641 et
1857 589 2062 656 nosje-

470 671 716 743 jnnando
765 673 1047 732 fornacem
1077 677 1324 732 omnium
1349 676 1714 748 cupiditatum
1745 681 2062 752 exstingua-

333 752 338 762 ’
431 792 437 798 ·
475 781 620 834 inus,
645 774 705 822 ut
741 766 1008 840 gehennae
1037 767 1358 842 effugiamus
1386 772 1680 828 ﬂammam.

545 945 619 1002 Ex
651 955 704 1002 te
731 948 824 1004 Dei
856 949 1126 1019 sapientia
1152 950 1255 1006 sibi
1275 947 1498 1005 domum
1526 951 1806 1007 :ediiicans
1832 965 2053 1006 carnem

469 1041 727 1110 stltnpsit,
775 1041 1039 1096 ineﬂ'ahili
1083 1043 1483 1110 condescensu,
1537 1046 1719 1115 puella
1767 1046 2052 1116 innupta:

295 1169 302 1176 -
372 1191 388 1211 κ
466 1135 582 1190 sola
635 1133 780 1188 enim
831 1143 890 1188 tu
926 1136 1344 1204 generaliauum
1389 1137 1636 1190 omnium
1679 1137 1850 1192 electa
1884 1153 1944 1192 es
1971 1139 2054 1193 in-

466 1233 732 1294 corrupta
768 1225 1070 1296 incorrupti
1105 1237 1163 1280 Ill
1195 1226 1394 1281 domus
1423 1225 1612 1282 Verbi.

541 1313 605 1367 In
640 1316 768 1385 legis
803 1316 990 1370 umbra
1017 1327 1064 1370 et
1097 1319 1278 1372 littera
1311 1329 1494 1388 typum
1522 1321 1812 1374 videamus.

535 1403 854 1471 Serpentem
899 1403 1109 1477 Moyses
1157 1409 1208 1460 in
1255 1407 1402 1476 ligno
1429 1409 1690 1465 extollens
1721 1419 1772 1464 te
1801 1411 2049 1482 praeﬁgu-

463 1493 625 1557 rat-it,
667 1491 922 1558 ChriSte,
968 1495 1058 1565 qui
1113 1511 1278 1552 cruce
1322 1497 1559 1554 libenter
1597 1500 1845 1556 sublatus
1892 1517 1951 1556 es
1997 1511 2050 1556 et

467 1583 694 1652 maligni
740 1585 1002 1640 malitiam
1051 1604 1320 1642 venenum
1362 1589 1700 1660 jaculantem
1735 1592 2046 1663 dissipasti.

462 1685 626 1746 atque
665 1676 732 1732 ad
761 1687 826 1732 te
857 1679 1118 1735 mortales
1141 1682 1437 1744 attraxisti.
1473 1686 1726 1754 benigne.

535 1765 660 1837 Igne
693 1781 777 1826 me
805 1770 1030 1839 puriﬁea
1069 1769 1146 1824 tui
1181 1772 1415 1840 timoris,
1450 1777 1757 1834 accendens
1785 1778 1839 1832 in
1860 1778 2042 1833 anima

463 1875 580 1914 mea
615 1860 858 1915 divinum
897 1863 974 1916 ttti
1022 1878 1288 1930 amorem,
1323 1875 1525 1937 tuaque
1572 1883 1740 1924 cruce
1783 1886 1870 1926 me
1916 1888 2038 1926 mu-
2076 1853 2118 1910 Β

461 1951 614 2006 niens
657 1967 820 2022 quem
875 1953 1002 2008 dolo
1049 1955 1270 2012 seduxit
1326 1967 1482 2012 vetus
1525 1959 1806 2028 inimicus,
1863 1977 2036 2016 meam

459 2043 847 2112 voluptatibus.
883 2044 1118 2110 Christe.
1151 2059 1384 2104 mentem
1413 2050 1770 2106 oli‘useando:

526 2131 792 2207 Turpium
832 2139 1266 2210 cogitationum,
1313 2143 1699 2214 actionumth
1748 2159 2037 2216 pravarum

452 2226 790 2298 jejunemus,
835 2229 1073 2300 fratres;
1127 2231 1482 2302 purificemus
1538 2249 1666 2300 cor,
1729 2235 2041 2304 divinisque

455 2317 756 2375 virtutibus
797 2337 1082 2378 sumamus
1117 2325 1278 2390 alas,
1325 2340 1490 2394 atque
1541 2325 1772 2382 humilis
1821 2327 2041 2383 inaditiae

333 2464 348 2476 κ
457 2415 692 2480 impetus
717 2411 976 2482 vitemus,
1013 2429 1070 2470 ut
1097 2416 1300 2472 Pascha
1341 2434 1598 2488 tnagnum
1631 2419 1932 2488 splendidis
1965 2420 2041 2475 in-

456 2503 570 2558 duti
593 2505 1048 2575 Contemplemur.

529 2596 605 2652 Ex
641 2607 696 2654 te
741 2609 1009 2666 nostram,
1041 2600 1229 2673 Virgo,
1273 2611 1650 2673 paupertatem
1703 2603 1846 2659 ferre
1870 2603 2044 2659 voluit

456 2695 550 2764 qui
585 2704 780 2749 natura
821 2695 976 2749 dives
1019 2705 1169 2760 erat;
1222 2698 1460 2752 visibilis
1498 2707 1683 2754 autem
1737 2697 1917 2755 factus
1955 2707 2044 2755 est

455 2786 618 2842 nobis
670 2787 1095 2842 invisibiliter'a
1147 2789 1414 2845 coriorum
1456 2791 1642 2848 choris
1695 2793 2040 2859 celebratus,

455 2879 678 2948 quando
727 2879 1068 2936 contractam
1128 2881 1420 2955 imaginem
1483 2899 1582 2940 sua
1660 2885 1905 2942 bonitate
1951 2901 2040 2942 re—

454 2973 749 3027 stauravit.

613 3055 861 3116 Christus
891 3051 1151 3134 fortitudo
1182 3082 1324 3132 mea,
1355 3066 1490 3122 Deus
1515 3075 1565 3122 et
1599 3067 1882 3126 Dominus.
1909 3129 1914 3134 _

1389 379 1450 442 S.
1487 378 1901 444 SOPHRONH
1929 381 2432 446 PATRIAHCIIE
2471 389 2873 453 lIlEROSOL.

535 485 746 560 .lejunii
796 486 925 558 igne
970 486 1252 554 indurati,
1307 489 1382 561 pii
1435 492 1586 561 pueri
1637 503 1878 548 erectam
1929 495 2058 548 olim
2091 506 2132 558 Α

3615 396 3759 461 3864

2236 499 2507 570 Νηστείας
2542 505 2674 574 πυρὶ
2722 505 3094 575 στομωθέντες
3125 513 3312 580 παῖδες
3341 515 3618 579 εὐσεϐεῖς,
3651 517 3757 589 τὴν

2165 587 2484 664 ἐπηρμένην
2517 593 2678 648 πάλαι
2710 595 2885 666 φλόγα
2912 598 3034 672 θεία
3081 602 3258 674 δρόσῳ
3292 606 3554 662 ἔσϐεσαν·
3584 587 3760 671 ὅντως

2163 682 2260 734 καὶ
2289 683 2450 754 ἡμεῖς
2481 685 2830 756 νηστεύοντες
2868 689 2968 756 τὰς
2998 695 3263 764 καμίνους
3307 699 3523 754 πάντων
3563 699 3760 753 παθῶν

2163 771 2609 846 κατασϐέσωμεν,
2661 777 2810 844 ὅπως
2849 781 2947 850 τῆς
2995 785 3220 858 γεέννης
3275 789 3616 860 ὲκφύγωμεν
3658 789 3758 861 τὴν

2161 865 2360 934 φλόγα.

2242 959 2336 1012 Ἐκ
2361 959 2452 1012 σοῦ
2478 959 2571 1016 τοῦ
2603 962 2738 1017 Θεοῦ
2760 966 2794 1037 ἡ
2823 967 3004 1036 σοφία,
3025 963 3170 1024 οἶκον
3200 973 3364 1044 ἑαυτῇ
3386 975 3756 1045 δομησαμένη

2157 1049 2469 1124 ὲσαρκώθη,
2526 1055 2828 1129 ἀπορρήτῳ
2880 1063 3308 1128 συγκαταϐάσει,
3350 1063 3488 1136 κόρη
3517 1067 3754 1136 ἀπειρό-

2156 1157 2300 1210 γαμε
2324 1159 2337 1170 ·
2359 1145 2420 1196 σὺ
2447 1145 2556 1216 γὰρ
2584 1147 2719 1218 μόνη
2749 1149 2966 1205 πάντων
2984 1153 3186 1222 γενεῶν
3201 1155 3500 1224 ὲκλὲλεξαι,
3526 1156 3749 1229 ἄφθαρ-

2161 1249 2252 1296 τος
2281 1233 2559 1306 ἀφθάρτου
2589 1241 2668 1302 είς
2697 1243 2986 1297 κατοικίαν
3014 1245 3210 1314 Λόγου.

2198 1325 2301 1378 Ἐν
2320 1327 2508 1396 νόμου
2539 1329 2682 1400 σκιᾷ
2711 1333 2808 1386 καὶ
2853 1337 3144 1406 redimam
3167 1331 3360 1394 τῦπον
3388 1342 3754 1411 κατίδωμεν.

2223 1415 2326 1469 Τὸν
2354 1417 2475 1488 ὅφιν
2507 1421 2748 1491 Μωῦσῆς
2779 1427 2837 1477 ἐν
2867 1426 3010 1498 ξύλῳ
3042 1429 3281 1500 ἀνυψῶν,
3313 1433 3372 1484 σὲ
3403 1433 3750 1502 προετύπου,

2151 1509 2372 1580 Χριστὲ,
2415 1513 2632 1584 σταυρῷ
2663 1515 2984 1581 ἐθελουσίως
3005 1519 3310 1590 ύψωθέντα,
3360 1524 3466 1577 καλ(
3504 1524 3604 1578 τοῦ
3641 1527 3748 1580 Πο-

2151 1602 2314 1672 νηροῦ
2339 1605 2437 1672 τὴν
2475 1607 2679 1661 ἰοϐόλον
2707 1611 2904 1664 κακίαν
2931 1615 3410 1687 ἀπορραπίσαντα,
3454 1619 3597 1689 πρὸς
3619 1621 3753 1673 ἑαυ-

2149 1692 2240 1748 τὸν
2267 1695 2324 1749 δὲ
2349 1697 2475 1761 τοὺς
2509 1697 2738 1768 βροτοὺς
2763 1702 3156 1772 ἀνελκύσαντα,
3182 1707 3561 1781 φιλάνθρωπε.

2220 1789 2362 1858 Πυρί
2388 1807 2453 1861 με
2483 1791 2578 1844 τοῦ
2617 1793 2708 1846 σοῦ
2738 1795 3040 1865 καθάρισον
3081 1799 3246 1866 φόϐου
3272 1841 3288 1867 ,
3327 1803 3591 1858 ἀνάπτων
3643 1821 3745 1874 μου

2143 1885 2209 1954 τῇ
2241 1881 2387 1954 ψυχῇ
2419 1887 2518 1948 τὴν
2544 1883 2694 1939 θείαν
2713 1905 2806 1940 σου
2835 1889 3080 1962 ἀγάπην,
3105 1895 3201 1946 καὶ
3229 1895 3450 1966 σταυρῷ
3479 1881 3742 1969 τειχίζων

2143 1989 2210 2042 με
2236 1973 2314 2040 τῷ
2347 1973 2444 2043 σῷ,
2475 1974 2534 2026 ὃν
2554 1975 2860 2049 ἐξηπάτησε
2889 1979 3028 2053 δόλῳ
3055 1985 3084 2036 ὁ
3122 1985 3348 2050 παλαιὸς
3383 1987 3738 2059 πτερνιστὴς,

2141 2065 2259 2127 ταῖς
2291 2065 2507 2136 ἡδοναῖς
2547 2069 2884 2139 ἀμαυρώσας
2907 2071 3007 2144 τὴν
3037 2075 3200 2146 ἐμὴν,
3219 2077 3444 2149 Χριστὲ,
3467 2078 3737 2134 διάνοιαν.

2211 2157 2461 2228 Αἰσχρῶν
2485 2157 2762 2230 λογισμῶν
2804 2163 2901 2216 καὶ
2929 2165 3183 2237 πράξεων
3233 2169 3455 2236 φαύλων
3501 2170 3740 2240 νηστεύ-

2144 2265 2348 2320 σωμεν,
2403 2250 2664 2320 ἀδελφοί·
2701 2254 3016 2327 ἀγνίσωμεν
3065 2260 3319 2330 καρδίαν,
3357 2263 3736 2334 τετερωθῶμεν

2142 2342 2315 2405 θείαις
2346 2343 2590 2415 ἀρεταῖς,
2617 2345 2710 2400 καὶ
2733 2349 3074 2420 χαμαιζήλου
3099 2352 3302 2416 κακίας
3329 2355 3511 2425 ὁρμὰς
3546 2355 3736 2410 ἐκκλί-

2141 2449 2343 2502 νωμεν,
2381 2432 2468 2486 ἵνα
2492 2436 2554 2490 τὸ
2588 2436 2782 2508 Πάσχα
2812 2439 2874 2490 τὺ
2901 2439 3046 2510 μέγα
3089 2441 3474 2516 λαμπροφόροι
3517 2427 3736 2500 θεασώ-

2145 2525 2306 2596 μεθα,

2226 2617 2322 2674 Ἐκ
2377 2613 2472 2676 σοῢ
2532 2621 2630 2695 τὴν
2685 2621 2842 2694 ἡμῶν
2899 2626 3196 2697 πτωχείαν,
3241 2627 3509 2697 Παρθένε,
3561 2627 3734 2682 θέλων

2143 2711 2404 2779 ὲφόρεσεν
2436 2717 2482 2768 .ό
2521 2715 2776 2780 πλούσιος
2808 2721 2876 2788 τῇ
2908 2719 3069 2789 φύσει
3092 2737 3106 2752 ’
3169 2721 3365 2791 ὁρατὸς
3397 2722 3456 2777 δὲ
3503 2723 3733 2792 γέγονεν

2141 2803 2273 2872 ἡμῖν
2306 2805 2335 2856 ὁ
2378 2803 2625 2876 ἀοράτως
2678 2809 2792 2871 τοῖς
2837 2807 2948 2860 ἀνω
2987 2813 3168 2881 χοροῖς
3216 2811 3588 2882 ὑμνούμενος,
3635 2810 3732 2883 τὴν

2145 2892 2524 2964 συντριϐεῖσαν
2545 2896 2732 2952 εἰκόνα
2762 2899 3120 2954 ἀναπλάττων
3159 2903 3476 2974 ἀγαθότητι.

2286 3070 2541 3140 Χριστός
2571 3093 2692 3144 μου
2729 3076 3004 3149 δύναμις,
3035 3056 3180 3147 Θεὸς
3216 3078 3316 3136 καὶ
3355 3083 3592 3150 Κύριος.

521 3151 822 3222 Jejunium.
859 3158 1151 3228 lacrymas,
1172 3175 1384 3228 preces,
1407 3163 1871 3234 compassibnem,
1893 3180 2042 3220 com-

2217 3165 2488 3234 Νηστείαν
2507 3209 2521 3234 ,
2559 3169 2768 3240 δάκρυα
2789 3210 2805 3235 ,
2836 3171 3003 3242 εύχάς
3027 3211 3044 3237 ,
3081 3171 3456 3242 συμπάθειαν,
3489 3173 3728 3230 εὐκατά-

455 3232 710 3314 punetam
745 3245 1006 3316 indolem,
1045 3251 1382 3306 sententiam
1427 3232 1672 3316 rectam,
1729 3256 1853 3312 vitae
1893 3259 2037 3330 puri-

457 3344 620 3392 tatem
652 3340 1030 3404 ostendamus,
1067 3340 1275 3406 fideles,
1309 3350 1366 3398 ut
1390 3343 1564 3410 gloria
1595 3344 1862 3402 fruamur.

527 3426 681 3484 Sicut
711 3430 1006 3484 luminaria
1051 3430 1322 3500 fulgentes
1357 3435 1410 3487 in
1451 3435 1796 3492 [irritamento
1833 3448 2040 3494 sancta:

453 3515 712 3578 Ecclesia;
743 3523 1032 3594 splendide
1058 3526 1419 3594 appar-histis,
1471 3529 1748 3597 aposmli;
1799 3545 2042 3604 quapro-

335 3637 347 3654 κ
451 3626 572 3685 pter
593 3615 896 3670 illuminate
927 3615 1092 3670 corda
1125 3626 1309 3672 nostra
1341 3619 1526 3675 divino
1556 3619 1785 3688 Spiritu.

526 3707 682 3761 Sient
727 3706 898 3762 divini
953 3709 1226 3764 carbones
1267 3710 1478 3764 incensi
1517 3713 2036 3782 igneimmateriali.

452 3799 838 3868 cupidinosatn
874 3799 1122 3854 eordimn
1149 3810 1469 3857 nostrorum
1502 3804 1787 3859 materiatn
1807 3806 2039 3862 combu-

455 3891 580 3952 rite.
613 3893 890 3963 sapientes
923 3893 1014 3948 Dei
1046 3895 1218 3950 nostri
1251 3897 1509 3962 apostoli.

523 3985 929 4040 Candelabrum
957 3987 1408 4058 inexstinguibile
1441 4029 1456 4053 ,
1491 3991 1764 4046 thalamus
1785 3991 2040 4063 splende-

454 4091 637 4140 scens,
671 4077 958 4148 Seraphim
991 4083 1264 4151 superior,
1294 4081 1609 4154 Cherubinr
1631 4101 1851 4150 currus,
1881 4101 2040 4155 pror-

454 4185 550 4225 sus
591 4169 1116 4240 irreprehensibilis,
1165 4188 1194 4228 a
1255 4172 1515 4246 gravibus
1563 4191 1650 4233 tne
1689 4178 1936 4248 peccatis
1982 4189 2038 4236 et

453 4263 716 4334 periculis
741 4263 936 4320 libera.

642 4353 651 4363 '
893 4347 977 4409 Ea:
1004 4357 1228 4426 ﬂamma
1256 4359 1326 4413 ad
1353 4368 1589 4415 sanctos.

521 4445 746 4520 Moysen
799 4447 1069 4520 jejunium
1104 4449 1196 4505 Dei
1225 4453 1713 4522 contemplatorem
1740 4451 1945 4520 effecit,
1983 4462 2038 4510 et

2143 3274 2334 3312 νυκτον
2375 3255 2526 3330 ἦθος,
2561 3261 2787 3333 γνώμην
2812 3264 2976 3334 ὀρθὴν
3002 3305 3017 3329 ,
3067 3263 3184 3334 βίου
3231 3264 3582 3336 καθαρότητα
3614 3267 3730 3320 ἐπι-

2141 3348 2684 3419 δειξώμεθα,πιστο“ι,
2717 3355 2866 3418 ὅπως
2895 3354 3054 3426 δόξης
3085 3357 3507 3428 ἀπολαύσωμεν.

2209 3441 2500 3511 Φωστῆρες
2550 3442 2830 3511 φαίνοντες
2875 3442 2954 3516 τῷ
2999 3447 3340 3519 στερεώματι
3377 3452 3481 3518 τῆς
3520 3448 3725 3519 σεπτῆς

2153 3529 2478 3603 Ἐκκλησίας
2501 3535 2817 3606 περιφανῶς
2845 3536 3086 3608 ὥφθητε,
3113 3539 3398 3596 ἀπόστολοι
3415 3557 3428 3572 ⁸
3456 3536 3539 3596 διδ
3565 3537 3726 3614 φωτί·

2141 3643 2274 3680 σατε
2299 3627 2456 3697 ἡμῶν
2485 3627 2584 3690 τάς
2614 3629 2842 3700 καρδίας
2877 3630 3008 3700 θείῳ
3038 3629 3336 3704 Πνεύματι.

2223 3715 2313 3795 Ὣς
2347 3719 2480 3772 θεῖοι
2510 3719 2780 3789 ἄνθρακες
2813 3724 3322 3794 προσαναπτόμενοι
3362 3722 3438 3795 τῷ
3480 3723 3619 3793 πυρὶ
3648 3720 3724 3792 τῷ

2138 3793 2288 3880 ἀύλῳ
2315 3811 2412 3874 τὰς
2443 3811 2710 3880 ἐμπαθεῖς
2742 3812 2876 3878 ὔλας
2907 3793 3284 3883 καταφλέξατε
3328 3793 3436 3870 τῶν
3488 3815 3721 3888 καρδιῶν

2140 3901 2323 3972 ἡμῶν,
2350 3903 2503 3971 σοφοὶ¹
2527 3903 2620 3957 τοῦ
2652 3903 2786 3958 Θεοῦ
2821 3905 2982 3976 ἡμῶν
3012 3907 3326 3962 ἀπόστολοι.

2207 3995 2414 4065 Λυχνία
2444 3995 2698 4064 ἀσϐεστε,
2725 3997 2952 4068 νυμφῶν
2979 3999 3238 4068 όλόφωτε,
3278 3999 3528 4071 Σεραφ¹ιμ
3555 4000 3719 4067 ὑπερ·

2137 4087 2293 4156 τέρα,
2325 4088 2658 4158 Χερουϐικὸν
2693 4089 2896 4160 ὄχημα,
2944 4090 3284 4162 πανάμωμε.
3319 4091 3604 4162 ἁμαρτιῶν
3655 4101 3720 4160 με

2139 4175 2395 4248 χαλεπῶν
2422 4178 2516 4231 καὶ
2545 4178 2819 4233 κινδύνων
2852 4179 3240 4250 ὲ).ευθέρωσον.

2545 4357 2646 4414 Ἐκ
2683 4361 2910 4430 φλογὸς
2945 4333 3072 4424 τοῖς
3110 4355 3324 4426 ὁσίοις.

2211 4451 2454 4521 Μωῦσῆν
2487 4453 2522 4524 ή
2555 4452 2778 4522 νηστεία
2809 4453 3040 4522 θεόπτην
3067 4451 3256 4519 ἔδειξε,
3283 4449 3376 4505 καὶ
3403 4451 3592 4506 Ἠλίαν
3619 4468 3716 4506 πυ·-

456 4538 625 4593 Eliam
659 4542 817 4612 igneo
842 4557 1012 4597 curru
1043 4541 1304 4612 sustulit;
1345 4545 1547 4603 festina
1589 4547 1876 4601 noxiarum
1897 4563 2034 4602 con—

2170 4543 2274 4614 ιίνῳ
2317 4538 2510 4596 ἔλαϐεν
2557 4541 2765 4612 ἅρματι
2789 4559 2803 4574 ·
2839 4541 3074 4595 σπεῦσον
3115 4538 3394 4613 λογισμῶν
3441 4539 3716 4614 βλαϐερῶν

453 4632 636 4687 tinens
663 4648 787 4688 esse
829 4635 1242 4704 cogitationum,
1269 4639 1474 4701 anima,
1523 4647 1583 4692 ιιι
1626 4639 1696 4694 ab
1743 4639 1934 4693 humili
1970 4640 2035 4693 li-

449 4722 664 4780 bereris
695 4725 1039 4783 seductione.

386 4886 392 4893 Ι
523 4815 820 4875 Prolabeus
865 4819 933 4875 ad
969 4819 1243 4876 deteriora
1279 4821 1602 4892 progredior
1651 4833 1704 4877 et
1755 4821 2034 4876 cicatrici-

451 4909 555 4964 bus
599 4924 736 4963 nova
783 4927 1000 4982 semper
1030 4913 1236 4984 adjicio
1267 4914 1498 4967 vulnera
1535 4931 1548 4967 :
1579 4927 1738 4978 sana,
1785 4913 2028 4983 Christe,

449 5001 723 5072 lapideam
766 5019 940 5060 meam
985 5006 1290 5060 caecitatem
1325 5019 1424 5075 per
1467 5005 1829 5076 benignorum
1867 5006 2036 5061 inter-

448 5077 766 5150 cessionem.
797 5096 1192 5166 apostolorum.

521 5181 708 5240 Mundi
748 5185 956 5241 lumina
985 5187 1173 5244 divine
1204 5181 1634 5259 fulgentissima,
1661 5192 2028 5261 cupiditatum

451 5282 766 5331 nostrarum
813 5276 1044 5333 nebulas
1093 5277 1381 5350 dissipate,
1399 5291 1453 5335 et
1495 5283 1846 5351 proscenium
1875 5283 2035 5338 inha-

451 5367 692 5430 bitantes
767 5373 1022 5440 gloriosae
1081 5375 1505 5430 resurrectionis
1556 5377 1870 5442 ostendite,
1937 5377 2032 5450 qui

451 5465 670 5534 hymnis
706 5463 884 5517 Solem
917 5464 1106 5535 gloriae
1135 5465 1438 5520 celebrant.
1737 5514 1752 5524 .

520 5553 920 5612 Generaliones
940 5559 1346 5626 generationnm
1369 5568 1440 5626 te,
1466 5574 1630 5630 quam
1658 5560 1868 5616 beatam
1893 5561 2035 5618 Deus

450 5649 784 5718 praedicavit,
809 5651 1019 5706 beatam
1042 5651 1365 5721 jamdudum
1399 5654 1716 5722 pra-dicant.
1748 5661 1806 5708 ut
1838 5655 2035 5726 pracdi-

449 5740 578 5794 xisli
613 5758 628 5794 :
665 5739 781 5796 sola
836 5743 980 5796 enim
1015 5743 1342 5800 mortalibus
1373 5744 1592 5800 beatum
1623 5747 1860 5816 genuisti
1897 5743 2032 5804 Ver-

449 5833 579 5886 bum
611 5829 958 5891 ineffabiliter
997 5853 1061 5890 ex
1096 5847 1146 5894 te
1183 5836 1553 5894 ineat-natum.
2003 5826 2010 5838 ’

2137 4633 2646 4703 ἐγκρατεύσασθαι,
2697 4634 2844 4696 ὅπως
2887 4631 3251 4704 χαμαιζήλου,
3293 4632 3464 4705 ψυχὴ,
3515 4629 3715 4704 ῥυσθῇς

2137 4724 2377 4796 ἀπάτης.

2207 4815 3458 4890 ὐλισθαίνωντοῖςχείρουσιπροσεπεκτείνομαι
3475 4857 3490 4884 ,
3523 4817 3620 4870 καὶ
3643 4809 3717 4882 τῷ

2139 4911 2368 4984 μώλωπι
2389 4913 2616 4984 τραῦμα
2645 4913 2734 4966 ἀεὶ
2767 4907 3138 4982 προστίθημι·
3172 4907 3590 4980 ἴασαι,Χριστὲ,
3622 4905 3716 4970 τὴν

2135 5004 2335 5075 λιθώδη
2367 5022 2469 5074 μου
2490 5003 2749 5076 πώρωσιν
2789 5005 2908 5066 ταῖς
2925 5002 3034 5058 τῶν
3052 5001 3391 5069 ἀποστόλων,
3419 4999 3712 5072 οἰκτίρμον,

2141 5113 2208 5166 με
2219 5095 2470 5160 σιτείαις.
2895 5101 2905 5111 ’

2208 5191 2270 5242 Οἱ
2303 5188 2395 5242 τοῦ
2424 5184 2630 5258 κόσμου
2661 5183 2948 5257 φωστῆρες
2973 5185 3023 5240 οι
3056 5180 3466 5256 θεαυγέστατοι,
3488 5183 3598 5238 τῶν
3619 5197 3716 5235 τια-
3789 5249 3803 5266 ⁸

2138 5281 2248 5337 θῶν
2279 5281 2435 5354 ήμῶν
2465 5265 2600 5352 νέφη
2633 5279 3024 5334 διασκεδάσατε
3047 5320 3061 5342 ,
3093 5280 3189 5334 καὶ
3217 5277 3600 5350 προσκηνητάς
3625 5273 3714 5342 τῆς

2137 5371 2397 5446 λαμπρᾶς
2427 5373 2775 5438 ἀναστάσεως
2815 5369 3047 5440 δείξατε,
3078 5369 3382 5442 ὑμνοῦντας
3411 5371 3503 5424 τὸν
3533 5369 3712 5424 Ἥλιον

2071 5463 2084 5474 ’
2136 5468 2237 5540 τῆς
2273 5465 2456 5536 δόξης.

2209 5559 2398 5614 Γενεαὶ
2427 5559 2628 5629 γενεῶν
2651 5577 2730 5626 σε,
2751 5559 3174 5632 θεομακάριστε,
3201 5557 3586 5630 μακαρίζουσι,
3616 5549 3711 5604 πάν

2136 5651 2226 5706 λαι
2251 5649 2325 5716 ὡς
2357 5651 2800 5724 προεφήτευσας·
2839 5651 2976 5722 μόνη
3007 5651 3118 5724 γάρ
3146 5651 3358 5723 βροτοῖς
3406 5649 3496 5702 τδν
3545 5649 3711 5716 μακά·

2141 5762 2256 5816 ριον
2301 5744 2530 5810 τέτοκας
2581 5743 2754 5815 Λόγον
2813 5741 3137 5817 ἀποῤῥὴτως
3199 5741 3264 5799 ἑκ
3311 5739 3403 5798 σοῦ
3457 5752 3708 5812 σώματω-

2141 5835 2321 5892 θέντα.
