3986 6236
298 379 444 444 2865
1739 374 1871 435 TR!

2020 373 2156 434 ΠΜ.
3444 366 3583 430 3966

560 454 713 553 Θεὸκ
745 495 1080 564 ἀνθρώποις
1120 493 1271 549 Mair
1308 492 1636 549 ἀδύνατον.
1911 497 1959 552 Α

1911 497 1959 552 Α
2226 485 2390 540 Deam
2420 484 2724 539 hominibus
2764 484 2941 539 sidere
2975 484 3323 553 impossibile.

361 589 433 647 Ὅ
463 584 562 646 Θεὲ
588 592 683 646 καὶ
711 590 882 662 Κύριε
912 590 1172 643 πολυέλεε
1192 630 1206 654 ,
1237 588 1307 643 τά
1333 588 1431 659 τῆς
1481 588 1621 659 ἐμῆς
1650 583 1880 656 καρδίας

2064 578 2108 632 0
2134 577 2299 645 Deus,
2336 587 2392 633 et
2429 576 2655 632 Domine
2688 578 2919 631 multum
2947 577 3287 639 misericors,
3320 571 3425 630 mei
3456 590 3581 629 cor-

295 686 648 756 ἀτοςάθαρον
673 683 982 754 τραύματα,
1015 681 1303 753 μετανοίας
1341 679 1741 753 προσπλάττων
1790 693 1869 749 μα

2006 671 2079 725 iis
2107 671 2270 726 ablue
2305 670 2554 731 vulnera.
2596 671 2937 740 pauitantia:
2969 669 3432 724 medicamentum
3483 683 3580 739 ap-

296 777 563 843 φᾶιρμακα
586 788 604 805 ·
652 772 897 844 ἦμαρτόν
951 788 1055 831 σοι,
1085 772 1387 840 οἶκτειρον,
1418 769 1591 822 σῶσόν
1639 785 1731 837 με.
1762 768 1870 830 ταῖς

2011 761 2243 817 )licans:
2272 763 2492 831 peccavi
2517 762 2640 826 tibi,
2673 764 2957 827 miserere,
3004 762 3152 814 salva
3189 776 3295 822 me,
3337 776 3432 830 per
3464 770 3585 814 tuo-

300 867 405 920 τῶν
434 865 749 941 ἀποστόλων
784 881 877 918 σου
906 864 1118 935 εὐχαῖς,
1149 863 1222 928 ὡς
1253 862 1567 926 πολυέλεος.

2008 870 2113 907 ’11111
2157 854 2531 923 apostolorum
2574 868 2783 924 preces,
2819 863 3079 924 tanquam
3132 854 3365 907 multum
3412 852 3582 909 mise-

1993 961 2200 1002 I'ICOI'S.

378 1036 607 1116 ⁶υρμαίς
638 1042 859 1106 ἀτόποις
887 1039 1295 1112 ὲξηκολούθησα
1336 1037 1757 1111 φρενοϐλαόὦς,
1790 1038 1885 1091 καὶ

2062 1039 2294 1096 Insanos
2322 1051 2547 1096 secutus
2584 1056 2706 1096 sum
2741 1039 3003 1109 impetus,
3037 1036 3359 1105 desipiens!
3387 1045 3440 1090 et
3458 1050 3581 1089 om-

297 1136 415 1199 ὅλος
443 1134 681 1205 ἐμαυτοῦ
710 1132 815 1198 ἔξω
836 1133 1058 1200 γέγονα,
1082 1130 1283 1201 ἡδονῶν
1311 1129 1373 1183 τὸ
1401 1128 1576 1201 τραχὺ
1606 1127 1871 1196 σιτιζόμε·

2008 1130 2123 1183 1ino
2147 1132 2326 1200 impos
2360 1133 2463 1186 mei
2491 1132 2668 1187 factus
2692 1146 2835 1195 sum,
2875 1147 3075 1201 aspero
3110 1133 3450 1199 voluptatum
3497 1146 3582 1183 me

296 1246 388 1292 νος
405 1246 421 1262 ο
446 1230 540 1283 καὶ
569 1229 667 1298 τῆς
691 1225 1065 1297 σωτηριώὸους
1091 1222 1603 1293 καθυστερουμένας
1629 1220 1870 1292 βρώσεως

2004 1224 2243 1278 nutriens
2294 1234 2349 1278 et
2409 1226 2642 1280 salutari
2697 1224 2930 1279 inferior
2979 1226 3143 1289 cibo,
3202 1224 3521 1279 luxurlosus
3565 1242 3578 1278 :

283 1328 327 1382 .6
360 1326 605 1387 ἄσωτος’
640 1322 846 1393 Χριστὲ
871 1321 1162 1390 οἴκτειρον,
1197 1316 1369 1370 σῶσόν
1404 1333 1495 1387 με.

1312 1317 1369 1369 όν
1404 1333 1495 1387 με.
1992 1312 2214 1370 Christe
2245 1316 2558 1381 miserator,
2587 1318 2739 1370 salva
2777 1332 2883 1372 me.

370 1419 531 1489 Ψυχὴ
561 1418 758 1480 κακίας
792 1415 868 1487 μὴ
895 1413 1295 1483 καθαρεύουσα,
1328 1412 1423 1464 καὶ
1455 1408 1658 1480 ἡδονῶν
1684 1405 1884 1476 σαυτὴν

2062 1409 2259 1461 Anima
2310 1426 2434 1478 qua:
2467 1422 2616 1463 tuam
2644 1426 2755 1464 non
2789 1424 2993 1478 purgas
3018 1409 3285 1460 malitiam
3314 1416 3369 1462 et
3410 1423 3439 1461 a
3483 1421 3582 1459 vo-

301 1510 647 1580 tpeoponou'bv
685 1508 761 1580 μὴ
810 1506 1153 1579 μακρύνασα,
1186 1505 1238 1558 τί
1268 1503 1513 1574 ἀκαίρως
1544 1500 1754 1570 ἀγάλλῃ
1790 1517 1875 1569 νη-

2007 1502 2304 1571 luptatibus
2333 1518 2440 1556 non
2487 1503 2646 1570 longe
2684 1510 2741 1557 te
2793 1502 3089 1556 submoves
3123 1499 3415 1561 lcthiferis,
3457 1514 3581 1552 cum

301 1601 599 1666 στεύουσας
638 1598 856 1671 Ταυτὴν
886 1599 997 1668 γάρ
1036 1596 1133 1668 τὴν
1178 1596 1434 1667 νηστείαν
1468 1594 1570 1647 οὐκ
1609 1589 1875 1659 ὲξελέξατε

2011 1595 2387 1664 intempestive
2413 1596 2654 1649 exsultat
2673 1594 3002 1664 jeiunando‘!
3024 1594 3135 1647 lloc
3160 1593 3305 1648 enim
3336 1606 3442 1646 non
3469 1591 3585 1646 εἰοι-

301 1696 525 1767 Κύριος,
550 1696 578 1748 6
606 1693 765 1765 μόνος
797 1691 895 1765 τὴν
925 1690 1081 1762 ήμῶν
1109 1689 1278 1746 θέλων
1310 1686 1622 1759 διόρθωσιν.

2010 1686 2077 1741 tit
2138 1686 2404 1741 Dominus
2465 1688 2770 1756 jejunium,
2811 1689 2907 1757 qui
2967 1689 3120 1743 solus
3175 1695 3425 1741 nostram
3468 1684 3584 1741 vult

1997 1778 2466 1833 etttendationem.

364 1874 508 1928 Φωτὶ
538 1872 615 1943 τῷ
645 1872 774 1943 θείῳ
801 1887 870 1943 με
894 1868 1324 1939 φωταγώγησον,
1343 1868 1375 1936 ἡ
1392 1862 1493 1946 τού
1515 1862 1717 1932 φωτὸς,
1744 1861 1891 1931 Παρ-
1917 1855 1938 1914 1

2066 1869 2267 1924 Divina
2295 1871 2503 1925 lumine
2535 1870 2751 1926 illustra
2779 1888 2888 1937 me,
2925 1871 3109 1944 Virgo
3133 1874 3226 1929 Dei
3266 1873 3470 1935 Mater.
3500 1873 3585 1928 Iu-

297 1959 416 2021 θένε
446 1954 700 2031 Θεοτὸκε,
731 1962 1024 2035 λοχεύτρια
1050 1979 1065 1994 ⁸
1094 1963 1186 2013 καὶ
1219 1958 1399 2028 ψυχῆς
1435 1974 1536 2027 μου
1584 1955 1675 2009 τὸν
1722 1954 1871 2022 ζόφοι

2008 1964 2153 2018 ninis
2177 1960 2448 2027 Genitrix,
2480 1972 2534 2018 et
2561 1963 2629 2017 ab
2661 1964 2846 2018 anima
2881 1979 2996 2019 mea
3022 1966 3237 2035 expelle
3269 1966 3582 2035 caliginem.

296 2059 588 2120 άτὲἐλασον,
625 2059 775 2120 ὅπως
804 2073 862 2109 σε
892 2052 1203 2125 μακαρίζω,
1226 2053 1291 2122 ἣν
1319 2046 1685 2120 μακαρίζουσι
1712 2046 1870 2100 addat

2012 2064 2049 2112 tt
2106 2064 2161 2112 te
2220 2056 2437 2112 beatam
2481 2055 2791 2127 praedicem,
2834 2073 3001 2126 quam
3055 2058 3586 2128 beatampraidicant

294 2150 402 2204 τῶν
431 2147 737 2218 ἀνθρώπων
760 2146 968 2214 γενεαὶ,
1000 2144 1076 2206 ὡς
1109 2141 1548 2211 προεφήτευσας.

1987 2165 2178 2205 omnes
2210 2148 2490 2202 hominum
2523 2149 2932 2226 generationes,
2969 2150 3113 2204 sicut
3145 2150 3476 2220 prmdixisti.

513 2241 575 2293 '0
613 2239 1106 2306 ἀναϐαλλόμενος
1143 2230 1270 2303 φῶς
1307 2233 1388 2297 ὡς
1426 2228 1679 2300 ἱμάτιον.
1786 2270 1789 2273 -

1786 2270 1789 2273 -
2287 2239 2516 2295 Lumine
2544 2242 2771 2296 amictus
2794 2243 2929 2294 sicut
2957 2243 3283 2297 vestinieuto.

370 2333 549 2387 Ίασαί
583 2350 671 2399 με,
702 2330 898 2402 Κύριε,
935 2322 1029 2382 καὶ
1061 2327 1380 2396 ἰαθήσομαι,
1416 2322 1493 2394 τῷ
1535 2319 1765 2394 μώλωπί
1791 2336 1886 2372 σου

2066 2334 2217 2390 Sana
2248 2350 2359 2399 me,
2397 2332 2647 2397 Domine,
2686 2343 2741 2386 et
2785 2334 3047 2398 sanabur,
3094 2334 3189 2403 qui
3223 2335 3450 2388 vulnere
3490 2339 3584 2387 tuo

296 2426 419 2486 τοὺς
452 2424 548 2491 τῆς
578 2419 755 2492 ψυχῆς
787 2438 889 2491 μου
921 2418 1234 2487 ἐκκαθάρας
1268 2414 1546 2487 μώλωπας
1566 2453 1581 2479 ,
1618 2412 1830 2484 Σῶτερ,
1860 2414 1870 2462 ε

2013 2426 2219 2480 vulnera
2253 2423 2450 2478 animm
2477 2438 2609 2478 mea:
2637 2422 2975 2488 emundasti,
3010 2421 3289 2490 Salvator,
3325 2423 3381 2475 in
3417 2436 3587 2477 carne

298 2519 362 2570 τά
392 2515 539 2585 πάθη
575 2515 740 2585 σαρκὶ
770 2511 1229 2582 καταδεξάμενος.
1470 2568 1503 2593 τ

1992 2519 2217 2574 dolores
2257 2525 2483 2572 nostros
2513 2526 2798 2585 expertus.
3254 2540 3265 2543 -
3434 2507 3446 2515 ’

366 2607 919 2678 Ἀκανθοφορήσασαν
974 2606 1069 2658 καὶ
1120 2601 1494 2675 χερσωθεῖσάν
1562 2617 1663 2670 μου
1712 2596 1891 2667 ψυχὴν

2066 2612 2267 2680 Spinas
2304 2609 2747 2679 proferententet
2777 2608 3084 2663 desolatam
3126 2608 3366 2661 animam
3407 2606 3589 2662 omnin

297 2700 583 2762 παντοίαις
614 2699 806 2754 παθῶν
855 2699 1075 2761 εἰδέαις,
1114 2694 1471 2768 Χριστέμου,
1506 2694 1831 2764 καθάρισον,
1865 2711 1871 2740 ε

2011 2702 2175 2758 nodis
2187 2701 2548 2771 cupiditatum
2572 2699 3140 2769 speciebusemunda.
3162 2697 3383 2752 Christe
3405 2712 3585 2765 meus,

299 2794 548 2862 esseest;
583 2794 849 2857 ἀκάνθαις
887 2790 954 2845 δι’
987 2792 1163 2862 ἄκραν
1194 2789 1529 2858 άγαθότητα.

1997 2796 2093 2866 qui
2121 2795 2302 2864 spinis
2331 2802 2632 2848 coronatus
2659 2809 2721 2847 es
2754 2792 2826 2847 ob
2852 2800 3156 2851 extremam
3180 2792 3506 2855 botlitatem,

383 2885 573 2940 Ῥῠσαι
605 2891 704 2957 τῆς
741 2886 943 2949 κακίας
977 2902 1043 2956 με
1073 2882 1167 2937 τοῦ
1199 2883 1594 2953 πολεμήτορος,
1628 2878 1891 2951 ἐπίστρε-

2068 2886 2266 2941 Libera
2304 2901 2390 2941 me
2423 2886 2491 2941 de
2515 2886 2729 2939 malitia
2758 2885 2970 2939 inimici
2994 2885 3153 2940 “bella
3187 2887 3432 2956 agentis;
3463 2896 3592 2939 con-

296 2979 397 3049 ᾠόν
444 2996 510 3049 με
558 2979 649 3032 τὸν
698 2978 1063 3048 πλανηθέντα,
1094 2976 1190 3030 καὶ
1225 2974 1683 3046 ἐκδαπανήσαντα
1717 2971 1870 3027 πάντι

2013 2990 2148 3035 verte
2176 2994 2282 3041 tne,
2316 2982 2406 3046 qui
2437 2980 2491 3031 in
2523 2993 2770 3032 errorem
2812 2976 3089 3033 abductus
3121 2994 3244 3032 sum
3282 2986 3334 3032 et
3370 2988 3587 3030 onmem

302 3088 408 3144 μου
433 3071 524 3126 τὸν
554 3070 669 3141 βίον
695 3068 942 3136 ἀσώτως,
978 3069 1260 3123 πολυέλεε.

2016 3072 2367 3130 substantiam
2415 3087 2590 3125 meam
2642 3070 2933 3141 dissipavi,
2980 3072 3212 3127 vivendo
3269 3070 3590 3134 luxuriose.

1561 3158 1570 3166 ’
1922 3205 1973 3269 C
2003 3163 2237 3217 multum
2273 3162 2616 3218 misericors.

373 3263 514 3317 Νέον
561 3262 886 3335 ἀπεκύησας
939 3261 1015 3327 ὥς
1047 3260 1267 3337 βρέφος,
1319 3264 1578 3336 άχραντε,
1627 3263 1722 3317 τὸν
1751 3261 1891 3316 Πλασ
1925 3253 1947 3269 “

2075 3254 2369 3311 Parvulum
2401 3265 2457 3309 ut
2493 3254 2783 3322 infantem,
2819 3256 3192 3318 immaculata,
3234 3253 3588 3309 Conditorem

302 3356 565 3426 στουργόν
598 3374 732 3427 μου,
769 3356 828 3411 ὃν
860 3354 1164 3411 ὲκδυσώπει
1185 3373 1199 3387 ⁶
1255 3356 1707 3428 πεπαλαιωμένον
1743 3371 1809 3425 με
1840 3356 1876 3406 ὲ·

2019 3365 2183 3404 neum
2204 3348 2467 3419 genuisti,
2495 3364 2659 3419 quem
2691 3350 2923 3406 obsecra
2964 3357 3022 3403 ut
3057 3365 3143 3404 me
3169 3352 3223 3402 in
3269 3348 3443 3401 multa
3484 3346 3593 3401 dis-

302 3447 471 3521 πόλλῇ
499 3447 669 3523 κακίᾳ
700 3446 1069 3516 ἀνακαινίσαι,
1101 3451 1391 3503 Δέσποινα.

1999 3444 2276 3496 turbatum
2313 3441 2602 3510 iniquitate
2629 3442 2989 3511 redintegret,
3033 3441 3290 3495 Domina.

781 3539 885 3597 Σοί
923 3534 1005 3608 τῷ
1043 3541 1427 3613 Παντουργῷ.

2441 3532 2560 3586 Tibi
2594 3535 2829 3588 omnium
2859 3534 3130 3590 Creatori.

375 3633 675 3698 ’Ήπλωσας
689 3634 906 3705 σταυρῷ
924 3635 1039 3697 τὰς,
1058 3633 1283 3705 Χριστὲ,
1307 3633 1587 3702 παλάμας,
1603 3631 1785 3701 χειρὸς
1801 3629 1897 3683 τοῦ

2069 3622 2289 3680 ΡαΙηιιιε
2315 3625 2369 3678 in
2401 3642 2569 3681 cruce
2591 3627 2910 3691 extendisli,
2936 3626 3175 3690 Christe,
3210 3638 3406 3700 manus
3428 3620 3588 3693 primi

304 3726 649 3798 προπάτορος
676 3727 737 3779 τὸ
770 3726 1008 3796 ἀκρατὲς
1042 3724 1308 3795 ἀναιρῶν,
1340 3726 1482 3796 ξύλῳ
1504 3726 1560 3778 δὲ
1582 3724 1740 3790 ξύλου
1764 3724 1878 3777 ideo

2013 3719 2244 3783 parentis
2289 3716 2482 3771 dolens
2536 3716 3045 3785 intemperantiam,
3083 3724 3137 3769 et
3170 3716 3223 3769 in
3260 3715 3409 3782 ligno
3459 3711 3587 3779 ligni

304 3814 401 3887 τὴν
432 3800 681 3887 κατάραν
700 3830 716 3845 ’
744 3816 868 3869 ὅθεν
903 3832 963 3868 σε
992 3814 1273 3885 ὁμνοῦμεν
1305 3818 1385 3878 εἰς
1416 3816 1614 3870 πάντα.

2015 3807 2209 3864 tanasti
2236 3808 2678 3863 maledictionem
2709 3822 2725 3872 ;
2762 3807 2907 3863 unde
2937 3817 2992 3863 te
3033 3808 3089 3863 in
3121 3808 3310 3863 omnia
3345 3804 3589 3861 celebra-

1998 3914 2123 3953 mus
2153 3898 2394 3970 hymnis.
2964 3947 3001 3977 .,

372 3994 464 4048 Σοί
497 3991 574 4065 τῷ
628 3990 828 4064 θελητῇ
881 3992 982 4062 τῆς
1015 3993 1308 4062 σωτηρίας,
1336 3990 1502 4058 Λόγε,
1522 3992 1854 4061 προσπίπτω
1880 4010 1895 4024 ·

2070 3979 2191 4044 Tibi
2217 3990 2405 4045 libenti
2423 3992 2753 4059 salvationis
2777 3994 3014 4056 auctori,
3042 3992 3305 4057 Verbum,
3326 4006 3590 4062 procum-

303 4086 589 4157 θελήματα
607 4084 675 4140 τά
698 4084 1047 4155 πονηρότατα
1065 4084 1273 4166 παῦσον
1298 4084 1357 4137 ὲν
1378 4080 1533 4154 τάχει
1551 4084 1617 4137 ὲκ
1639 4084 1737 4155 τῆς
1758 4084 1877 4156 spirit

2013 4082 2071 4136 bo
2103 4099 2117 4136 :
2159 4082 2441 4152 improbas
2462 4086 2573 4140 cito
2597 4086 2651 4139 in
2684 4088 2853 4142 corde
2888 4102 3010 4142 meo
3034 4102 3233 4141 coerce
3273 4085 3587 4144 volitioncs.

303 4178 529 4252 καρδίας
549 4220 562 4243 ,
593 4181 622 4232 6
656 4176 891 4249 σταυρὸν
917 4178 1010 4231 καὶ
1042 4175 1188 4247 πάθη
1220 4171 1438 4247 θελήσει
1465 4177 1787 4248 ὑπομείνας.

1999 4177 2092 4247 qui
2124 4191 2346 4232 crucem
2379 4187 2434 4233 et
2471 4181 2759 4249 passiones
2794 4181 3107 4235 voluntarie
3146 4180 3480 4235 sustinuisti.

376 4266 625 4326 Ἀσωτον
654 4270 801 4341 ζωὴν
824 4266 1262 4341 διεστραμμένον
1289 4266 1403 4335 βίον
1435 4267 1681 4335 ποθήσας
1719 4268 1899 4340 ἠμαύ-

2081 4265 2456 4324 Luxuriosum
2485 4271 2716 4335 victum,
2743 4285 3059 4341 perversam
3088 4271 3252 4324 vitam
3277 4266 3589 4333 :unbiendn,

307 4380 489 4437 ρωμαι
516 4362 628 4431 ἐγὼ
655 4363 682 4416 6
704 4361 911 4424 ἄσωτος
926 4376 943 4393 ο
961 4359 1175 4431 λάμψον
1195 4360 1394 4413 ἀκτῖνα
1418 4361 1759 4431 ἐπιστροφῆς
1780 4378 1881 4432 μοι1

2016 4359 2313 4416 oﬂuscatus
2357 4376 2479 4416 sum
2543 4378 2645 4433 ego
2685 4362 3005 4417 luxuriosus
3061 4380 3075 4417 :
3124 4361 3411 4415 illucescat
3458 4358 3590 4414 mihi

258 4470 266 4478 '
302 4458 465 4527 Λόγσ,
496 4458 526 4511 6
551 4455 702 4529 ἡλίου
732 4455 937 4527 φέγγος
957 4454 1037 4527 τῷ
1072 4454 1303 4525 πάσχειν
1324 4451 1685 4525 ἀμαυρώσεις.

2016 4450 2389 4507 conversionis
2420 4453 2634 4517 radius,
2664 4452 2928 4519 Verbum,
2953 4453 3047 4523 qui
3081 4452 3216 4508 solis
3241 4449 3590 4521 splendorem

1148 4598 1157 4607 .
1925 4560 1982 4622 Β
2008 4541 2267 4613 patiendo
2292 4542 2596 4600 oﬂ'uscasti.

374 4636 594 4695 ῐιαῦσον
620 4639 721 4710 τῆς
749 4638 889 4709 ἐμῆς
914 4636 1262 4693 πολυωδύνου
1310 4637 1493 4691 πᾶσαν
1534 4624 1899 4708 καρδίας-’τὴν

2075 4631 2282 4690 Coerce
2324 4636 2567 4692 dolorosi
2625 4638 2811 4695 cordis
2865 4641 2971 4695 mei
3017 4653 3237 4695 omnem
3299 4634 3592 4699 malitiam,

307 4732 575 4797 κάκωσιν,
606 4731 817 4801 Μαρία,
851 4733 1045 4800 Μῆτερ
1070 4726 1227 4795 Θεοῦ,
1263 4729 1500 4801 θραῦσον
1526 4729 1795 4799 δαιμόνων
1823 4729 1881 4783 τὲ

2019 4717 2197 4790 lfaria,
2228 4724 2399 4785 Mater
2450 4728 2568 4794 Dei,
2621 4731 2815 4803 frange
2861 4733 3173 4789 daemonum
3206 4731 3311 4788 tela
3342 4738 3400 4787 et
3428 4741 3593 4786 arcus

311 4824 439 4896 βέλη
474 4823 566 4878 καὶ
608 4822 678 4877 τά
707 4822 860 4890 τόξα,
889 4823 999 4878 τῶν
1026 4823 1476 4895 ὲκπολεμούντων
1514 4821 1613 4896 τὴν
1641 4821 1885 4895 ταπεινὴι

1648 4821 1903 4895 ταπεινὴν
2004 4820 2394 4878 debellantium
2420 4838 2718 4895 pauperem
2748 4826 2989 4881 animam
3022 4842 3222 4884 meam.

306 4912 488 4989 ψυχήν
521 4934 644 4987 μου.
3142 4963 3147 4969 .

355 5008 584 5068 Ἡσαΐα,
620 5008 866 5077 χόρευεο
891 5007 928 5076 ἡ
967 5004 1271 5077 Παρθένος
1291 5006 1481 5078 ἔσχεν
1515 5007 1587 5062 ἐν
1624 5008 1860 5080 γαστρί.

1765 5008 1860 5078 τρι,
2279 5000 2455 5071 Isaia,
2487 5004 2767 5074 tripudia;
2810 5008 2971 5079 Virgo
2994 5009 3216 5076 gravida
3242 5018 3339 5064 est.

380 5100 492 5174 Τὴν
518 5100 715 5173 λιθώδη
747 5099 1007 5172 πώρωσιν
1044 5104 1144 5172 τῆς
1185 5100 1364 5172 ψυχῆς
1399 5120 1525 5173 μου,
1558 5094 1903 5173 εὖσπλαγχνσ

2077 5084 2368 5163 Lapideam
2422 5097 2621 5153 anima:
2661 5115 2796 5155 mea:
2824 5102 3128 5156 caecitatem
3179 5099 3384 5162 eurolli,
3427 5097 3591 5153 Chri-

310 5193 535 5261 Χριστὲ.
568 5191 866 5256 ἁπάλυνον,
896 5191 992 5244 καὶ
1037 5192 1221 5262 πηγὴν
1245 5192 1333 5254 δός
1366 5209 1478 5263 μοι,
1511 5188 1705 5261 ἀγαθὲ,
1740 5194 1884 5258 θείας

2018 5194 2090 5241 ste
2135 5182 2476 5253 misericors,
2526 5199 2580 5245 et
2601 5190 2666 5246 da
2715 5191 2900 5262 mihi,]
2930 5192 3095 5257 bone,
3152 5190 3359 5245 fontem
3391 5190 3592 5245 divina:

310 5284 690 5350 κατανύξεως·
738 5285 768 5336 6
819 5285 883 5337 ὲκ
925 5282 1169 5356 πλευρᾶς
1220 5281 1424 5352 βλύσας
1473 5299 1561 5353 μοι
1600 5282 1768 5355 ζωὴν,
1800 5285 1884 5355 τῆς

2012 5280 2474 5349 compunctionis,
2523 5283 2621 5353 qui
2651 5299 2716 5336 ex
2773 5284 2944 5339 latere
2975 5285 3141 5338 vitam
3176 5284 3307 5337 mihi
3341 5282 3586 5338 iufudisti

239 5415 250 5427 .
309 5376 585 5447 ἁμαρτίας
613 5386 715 5446 μου
737 5377 864 5439 τοὺς
894 5376 1229 5448 χειμάρρους
1258 5374 1717 5431 ἀναστέλλουσαν.

2012 5382 2361 5443 peccatorum
2392 5390 2639 5429 meorum
2673 5385 2946 5453 torrentes
2985 5374 3345 5430 auferentem.

379 5468 645 5539 Ἐμαυτδν
668 5468 951 5541 suspensa
980 5469 1060 5534 είς
1089 5469 1157 5522 τὰ
1184 5466 1322 5540 βάθη
1352 5468 1461 5521 τῶν
1485 5468 1771 5541 ἁμαρτιῶν
1791 5511 1805 5534 ,
1835 5470 1904 5524 τὰ

2074 5459 2274 5521 Memet
2301 5466 2424 5522 dedi
2460 5469 2793 5539 praecipitem
2824 5469 2878 5523 in
2918 5472 3271 5540 peccatorum
3304 5472 3590 5541 abyssum.

312 5557 421 5630 ὕψη
455 5559 777 5614 καταλιπὼν
802 5560 872 5613 τὰ
901 5558 1009 5612 τῶν
1038 5559 1249 5629 ἀρετῶν
1267 5576 1282 5591 ο
1311 5556 1428 5612 ἀλλ’
1455 5557 1702 5619 ἕλκυσον.
1729 5562 1886 5617 σῶσόι

2014 5554 2223 5612 excelsa
2252 5556 2518 5611 virtutum
2543 5558 2953 5627 derelinquens;
2985 5560 3080 5614 sed
3116 5561 3271 5613 trahe
3299 5576 3405 5619 me.
3438 5559 3588 5615 salva

312 5669 405 5722 με,
431 5652 460 5706 6
489 5650 728 5705 ἀνελθὼν
761 5652 855 5704 ἐπὶ
883 5648 979 5704 τοῦ
1013 5649 1279 5721 σταυροῦ,
1329 5652 1425 5704 καὶ
1475 5652 1538 5704 τὸ
1566 5652 1886 5724 ἀνθρώπινοι

2013 5663 2122 5714 me,
2151 5650 2244 5718 qui
2280 5665 2503 5703 crucem
2547 5650 2845 5706 ascendisti
2893 5659 2945 5707 et
2977 5667 3155 5724 genus
3182 5653 3478 5707 humanum
3520 5653 3587 5708 ad

308 5742 613 5807 ἀνελκύσας
645 5742 783 5814 πρὸς
815 5743 899 5808 σὲ,
931 5743 1125 5813 Κύριε.

1111 5783 1125 5796 .
2006 5746 2062 5794 te
2092 5740 2394 5805 attraxisti,
2431 5734 2680 5796 Domine.

379 5826 694 5905 Γλυκασμὸς
720 5832 816 5895 ὢν,
843 5832 1037 5900 Κύριε,
1060 5832 1153 5888 καὶ
1182 5831 1401 5903 ἡδύτης,
1424 5831 1506 5906 έις
1536 5834 1899 5907 Δημιουργδς,

2080 5829 2331 5896 Demine,
2376 5832 2470 5903 qui
2512 5832 2744 5889 dulcedo
2790 5849 2848 5890 es
2880 5842 2935 5890 et
2972 5835 3338 5907 jucunditatis
3372 5848 3587 5907 auctor,
