3986 6236
407 336 553 401 38ί7
1247 339 1305 399 S.
1342 337 1762 399 SOPHRONII
1794 334 2302 396 PATRIARCHJE
2337 335 2743 395 HIEROSOL.
3574 331 3750 397 3863

410 448 502 509 lci,
551 445 794 510 Christe,
842 447 1116 516 gustasti;
1161 456 1378 501 accttttn
1427 449 1573 502 enim
1635 442 1853 510 bibens,
1906 447 1983 500 la-

2164 443 2253 512 λῆς
2283 444 2513 509 ὲγεύσω,
2548 443 2788 516 Χριστέ·
2828 438 2972 511 νὸξος
3017 444 3127 518 γὰρ
3166 444 3329 512 πιὼν,
3363 445 3748 516 ὑπάρξασαν

410 558 564 608 psum
597 542 690 610 qui
721 540 917 596 Adami
967 540 1206 611 posteris
1237 541 1541 595 exsistebat
1586 542 1789 609 erigis;
1847 539 1984 595 unde

2165 553 2370 590 πτωσιν
2397 539 2510 600 τοῖς
2537 537 2596 604 ἐξ
2633 535 2805 606 Ἀδὰμ
2851 539 2916 592 σὺ
2945 539 3302 611 ὲπανορθοίς·
3331 540 3454 594 ὅθεν
3483 537 3748 610 ὑμνοῦ-

406 634 626 702 hymnis
657 643 709 689 te
737 634 1102 698 celebramus,
1137 633 1250 689 tuis
1305 634 1502 688 salvati
1543 628 1917 704 passiouibus.

2168 646 2196 680 ν
2230 645 2287 682 σε
2318 632 2368 683 οἱ
2397 630 2660 694 σωθέντες
2689 634 2802 695 σοῖς
2836 630 3146 703 παθήμασι.

479 723 842 780 Sanctissima
909 725 1161 790 Domina,
1233 738 1361 796 spes
1432 741 1553 781 mea
1609 735 1665 779 rt
1718 724 1984 801 refugium

2166 724 2415 792 Παναγία
2448 724 2735 788 Δέσποινα,
2760 726 2793 794 ἡ
2828 726 2984 789 ἐλπίς
3014 743 3114 793 μου
3146 726 3239 778 καὶ
3270 725 3616 795 καταφυγὴ,
3660 723 3745 778 τὰ

410 830 614 881 meum,
659 817 856 872 animae
908 833 1041 873 meae
1085 833 1218 872 sana
1261 820 1525 885 vulnera,
1578 818 1863 889 paciﬁcam
1903 817 1984 872 ef-

2164 815 2382 885 αύματα
2410 817 2508 886 τῆς
2538 815 2678 888 ἐμῆς
2705 817 2855 870 ἴασαι
2884 817 3093 888 ψυχῆς·
3125 818 3215 873 τὸν
3244 817 3369 871 νοῦν
3394 836 3496 888 μου
3538 815 3743 887 εἰρή-

409 908 510 962 iii-e
542 923 717 962 meam
765 919 1023 974 mentem,
1076 923 1135 968 ut
1184 926 1238 969 et
1272 929 1374 985 ego
1422 912 1668 983 gaudens
1721 919 1811 963 tua
1847 911 1984 988 cele-

2164 925 2301 975 JO’O‘J,
2339 909 2425 962 ἵνα
2473 909 2630 979 κάγὼ
2676 912 2884 984 χαίρων
2925 912 3149 984 ἀνυμνῶ
3172 912 3240 966 τά
3273 911 3549 982 μεγαλείἀ
3586 926 3737 973 σου,

408 996 558 1051 bri-m
602 1001 911 1071 magniﬁca,
948 1002 1038 1058 Dei
1070 1004 1321 1059 Genitrix
1359 1017 1578 1073 Semper
1602 999 1788 1072 Virgo.

2164 1001 2320 1054 οτόκε
2353 1001 2702 1074 ἀειπάρθενε.

788 1096 918 1150 Veni
958 1097 1012 1150 in
1047 1095 1372 1166 profundum
1406 1095 1597 1151 maris.

2291 1089 2518 1148 Ἦλθον
2552 1097 2640 1161 είς
2677 1095 2749 1150 τὰ
2779 1096 2942 1164 βάθη
2980 1096 3092 1165 τῆς
3130 1096 3473 1166 θαλάσσης.

477 1189 662 1246 Guttis
688 1190 857 1245 vestri
905 1189 1192 1255 sanguinis
1224 1188 1439 1257 piorum
1480 1185 1758 1255 irrigastis
1793 1184 1984 1250 corda,

2164 1185 2422 1255 Αίμάτων
2446 1187 2746 1258 ὴρδεύσατε
2778 1189 3002 1259 σταγόσι
3031 1190 3140 1243 τῶν
3160 1190 3400 1243 εὐσεϐῶν
3427 1188 3732 1260 καρδίαν

406 1282 697 1351 impiorum
757 1297 892 1336 vero
945 1282 1247 1336 instructas
1315 1280 1464 1335 acies
1508 1281 1563 1333 in
1619 1280 1700 1334 eis
1747 1279 1984 1349 gloriose

2164 1278 2497 1333 σσεϐούντων
2528 1280 2709 1345 δὲτὰς
2737 1281 3093 1353 παρατάξεις,
3131 1281 3447 1353 περιφανῶς
3489 1285 3555 1335 ὲν
3602 1281 3724 1334 αὐ-

405 1377 741 1442 sutl‘orastis,
780 1376 1021 1430 victores
1053 1372 1422 1428 admiratione
1444 1372 1623 1444 digni.

2164 1372 2200 1433 ῖς
2232 1372 2509 1439 ὲπνίξατε,
2542 1373 2831 1444 ἀθλοφόροι
2858 1373 3204 1442 ἀξιάγαστοι.

476 1468 726 1538 Propriis
773 1469 1032 1524 membris
1081 1468 1328 1523 universi
1376 1467 1665 1521 Dominum
1711 1465 1984 1536 gloritica-

2164 1457 2492 1526 Δοξάσαντες
2525 1460 2743 1531 μέλεσιν
2767 1461 2988 1526 οἰκείοις
3012 1463 3107 1534 ,τὸν
3128 1463 3222 1517 τοῦ
3250 1464 3452 1525 παντὸς
3473 1462 3723 1516 Δεσπό-

403 1564 535 1629 slis;
569 1578 717 1616 nunc
754 1577 884 1616 vero
938 1561 1316 1617 indesinenter
1356 1560 1777 1631 gloriﬁramini,
1812 1558 1984 1613 athle-

2164 1566 2208 1614 ν,
2229 1550 2324 1602 νῦν
2349 1550 2639 1615 δοξάζεσθε
2668 1553 3049 1620 ἀδιαλείπτως,
3077 1555 3206 1623 δόξα
3242 1554 3473 1620 πιστῶν,
3508 1554 3718 1624 delt]-

406 1668 477 1713 tte
533 1658 627 1728 qui
677 1656 916 1712 ﬁdelium
970 1657 1107 1712 estis
1152 1655 1326 1726 gloria
1379 1655 1672 1725 magnique
1714 1662 1984 1723 protecto-

2164 1644 2199 1707 ἱ,
2228 1641 2586 1714 ὑπάρχοντες,
2607 1645 2700 1696 καὶ
2727 1645 2953 1716 μεγάλοι
2980 1646 3391 1719 ἀντιλήπτορες.
3495 1715 3499 1718 ξ

409 1766 516 1805 tes.

479 1841 534 1893 In
590 1840 711 1893 lacu
767 1838 984 1908 positus
1031 1853 1092 1895 es
1167 1837 1653 1909 profundissimo:
1726 1838 1984 1894 omnibus

407 1932 575 2000 igitur
620 1931 674 1982 in
715 1928 817 1983 [ide
865 1930 1126 1995 mortuis,
1162 1945 1195 1983 ο
1248 1929 1340 1983 Dei
1401 1927 1662 1993 Verbum,
1713 1944 1810 1999 per
1855 1944 1984 1983 San-

2164 1929 2294 1996 ὗσιν,
2337 1925 2383 1984 ὦ
2431 1931 2567 1985 Θεοῦ
2611 1934 2776 2003 Λόγε,
2804 1937 2939 1989 πᾶσι
2988 1935 3270 2007 παράσχου
3295 1977 3309 2000 ,
3364 1936 3476 1991 τῶν
3519 1936 3712 2008 ἱερῶν

406 2033 621 2075 ιιιονιιιη
681 2021 1012 2077 athletarum
1076 2037 1292 2091 preces,
1353 2018 1722 2075 oﬂ‘ensionum
1771 2020 1984 2075 veniam

2166 2021 2343 2093 λητῶν
2367 2023 2613 2094 δεήσεσι,
2640 2028 2751 2081 τῶν
2780 2030 3140 2099 πταισμάτων
3171 2029 3266 2101 τὴν
3306 2029 3705 2102 συγχώρησιν.

405 2112 666 2167 Concede.

481 2204 549 2259 Ut
600 2205 810 2276 argutis
854 2211 909 2259 te
953 2203 1304 2259 celebremus
1354 2204 1604 2269 vocibus,
1652 2202 1842 2273 Virgo,
1888 2202 1984 2256 has

2169 2197 2287 2252 Ἵνα
2318 2215 2378 2252 σε
2410 2202 2614 2269 φωναῖς
2640 2201 2985 2274 διαπρυσίοις
3023 2204 3451 2276 ἀνευφημῶμεν,
3486 2203 3660 2275 Κόρη
3685 2216 3704 2232 ⁸

409 2308 627 2353 nostras
673 2298 925 2368 accipere
970 2311 1136 2353 voces
1182 2304 1239 2352 et
1285 2297 1736 2369 pr0pitiationem
1770 2310 1869 2365 pro
1894 2294 1984 2353 de-

2167 2306 2195 2353 ς
2221 2291 2405 2360 φωνὰς
2420 2294 2453 2362 ὴ
2462 2291 2581 2362 μῶν
2604 2293 2811 2358 ταύτας
2832 2295 3109 2366 δεχθῆναι,
3140 2296 3236 2350 καὶ
3261 2295 3488 2367 ἱλασμὸν
3507 2295 3702 2367 ὀφλη-

411 2391 539 2445 bitis
588 2392 866 2460 postulare
920 2400 1219 2458 memento,
1286 2400 1443 2447 tuum
1500 2390 1713 2447 scilicet
1778 2387 1984 2459 suppli-

2164 2382 2287 2437 ἰτων
2316 2385 2558 2456 αῖτησαι,
2596 2386 2671 2452 ὡς
2705 2388 2836 2444 Υίόν
2866 2405 2959 2443 σου
2990 2389 3331 2445 ἱκετεύουσα.

2164 1837 2255 1891 Ἐν
2281 1838 2471 1911 λάκκῳ
2500 1841 2692 1914 ἑτέθης
2718 1845 3046 1916 κατωτάτω·
3076 1847 3190 1910 τοῖς
3220 1841 3313 1901 οὖν
3344 1845 3556 1909 πιστῶς
3598 1846 3711 1899 θα-

308 2484 329 2497 ’
409 2482 584 2536 cztndo
620 2479 838 2538 Filium.

2439 2487 2454 2497 ⁷
2492 2507 2525 2538 ε

874 2574 1002 2630 Tres
1049 2577 1197 2643 pueri
1240 2574 1532 2648 Babylone.

2480 2588 2619 2644 Νέοι
2655 2591 2814 2659 τρεῖς
2847 2591 2919 2647 ἐν
2955 2592 3292 2649 Βαϐυλῶνι.

481 2667 606 2731 Cui,
646 2668 1020 2738 complectens
1052 2668 1464 2724 irrationalium
1496 2666 1749 2732 allectus,
1784 2668 1984 2734 anima,

2169 2680 2289 2735 Τίνι
2320 2682 2624 2754 στέργουσα
2647 2683 2716 2738 τά
2743 2683 2880 2755 βάθη
2909 2685 3019 2741 τῶν
3044 2686 3254 2756 ἀλόγων
3283 2686 3501 2758 άληθῶς
3535 2686 3702 2758 ψυχὴ

412 2760 720 2815 assimilata
755 2760 864 2815 es?
910 2759 1185 2829 Quidnam
1238 2761 1502 2817 invenisti
1542 2774 1653 2833 quo
1699 2774 1984 2830 superare-

2164 2774 2479 2845 ωμοίωσαι;
2525 2776 2658 2831 Τίνα
2701 2778 3108 2851 ὑπερϐάλλοντα
3151 2779 3340 2851 ἔσχες
3381 2780 3468 2833 Ἐν
3500 2779 3699 2852 ἁμαρ-

414 2854 621 2918 ιιὶδΗη
651 2856 898 2926 peccatis
946 2856 1123 2911 clama
1146 2856 1215 2913 ad
1260 2855 1543 2912 Christum
1577 2874 1591 2911 :
1624 2855 1786 2911 Salva
1820 2869 1927 2921 me,
1960 2869 1984 2909 ti

2164 2885 2241 2933 ιις
2273 2867 2467 2940 βόησον
2494 2869 2573 2942 τῷ
2600 2871 2841 2944 Χριστῷ,
2877 2872 3059 2927 Σῶσόν
3092 2890 3182 2945 με,
3214 2860 3409 2942 ἀγαθέ.

413 2954 576 3011 bone.

483 3046 942 3122 Acquiescentem
978 3050 1033 3104 iu
1056 3048 1271 3106 sanctis
1300 3046 1500 3103 obnixe
1524 3045 1837 3109 obsecrato,
1859 3059 1984 3101 sam

2176 3052 2378 3121 Ἂγιοι,
2424 3053 2516 3107 τὸν
2565 3053 2623 3107 ἐν
2671 3053 2848 3123 ἁγίοις
2870 3052 3171 3124 αἰτήσασθε
3215 3051 3451 3118 ἐκτενῶς
3482 3053 3698 3107 ἐπανα-

416 3144 492 3197 cti
525 3150 585 3197 ut
624 3143 678 3198 in
707 3145 917 3200 sanctis
962 3143 1051 3200 bis
1095 3142 1291 3199 diebus
1339 3140 1588 3197 omnium
1631 3140 1844 3211 piorum
1878 3138 1984 3194 ani-

2164 3145 2412 3215 ιυόμενον
2467 3146 2694 3211 ταύταις
2741 3149 2860 3211 ταῖς
2911 3148 3095 3217 ἁγίαις
3141 3146 3381 3221 ἡμέραις
3422 3146 3700 3217 καθαγιά·

420 3253 537 3293 nms
567 3238 893 3295 sanctiﬁeet.

2164 3255 2196 3290 ιι
2231 3238 2450 3292 πάντων
2476 3238 2585 3294 τῶν
2612 3240 2854 3294 εὐσεϐῶν
2876 3242 2945 3296 τά
2975 3243 3323 3314 φρονήματα.

492 3330 794 3398 Altissime,
864 3331 917 3384 in
960 3329 1340 3387 misericordia
1395 3322 1551 3384 dives
1601 3335 1658 3383 et
1704 3325 1977 3395 benignus

2177 3328 2431 3398 Ὕψιστε,
2451 3330 2480 3382 ὁ
2510 3333 2568 3384 ὲν
2600 3330 2740 3385 ἐλέει
2769 3331 3025 3395 πλούσιος
3047 3333 3142 3387 καὶ
3172 3332 3398 3403 ἀγαθὸς,
3427 3335 3539 3396 τοῖς
3568 3330 3696 3388 δού-

421 3419 596 3474 servis
646 3420 758 3475 tuis
808 3418 923 3488 jam
977 3418 1455 3474 obdormientibus
1503 3418 1717 3474 veniam
1792 3417 1981 3487 prmbe

2168 3441 2216 3485 ις
2238 3441 2330 3477 σου
2356 3424 2552 3493 ἄφεσιν
2577 3427 2689 3488 τοῖς
2720 3426 3139 3498 προκοιμηθεῖσι
3170 3427 3479 3498 παράσχου,
3512 3428 3697 3499 χοροῖς

420 3513 606 3568 eboris
667 3513 995 3584 angelorum
1058 3513 1185 3569 illos
1234 3526 1674 3577 .connumerans,
1740 3518 1984 3580 tanquau

2164 3516 2280 3584 {law
2315 3516 2540 3582 τούτους
2571 3518 2921 3591 συναριθμῶν
2952 3519 3028 3584 ὡς
3056 3518 3459 3593 φιλάνθρωπος.

420 3607 711 3675 benignus.

493 3695 700 3751 Praeter
727 3696 823 3766 jus
855 3707 1205 3765 consuetum,
1237 3707 1445 3754 natura:
1478 3709 1762 3756 auctorem
1802 3700 1984 3773 genui-

2183 3689 2424 3754 Τέτοκας
2473 3691 2725 3764 νομίμων
2754 3694 2899 3765 δίχα,
2931 3695 3148 3765 φύσεως
3172 3695 3265 3751 τὸν
3295 3697 3696 3769 πλαστουργὺν,

425 3791 495 3846 sti
551 3792 825 3846 hominem
896 3791 1125 3859 factum,
1173 3794 1562 3859 immaculata;
1628 3796 1778 3851 illum
1835 3795 1984 3867 igitut

2164 3781 2409 3853 ενόμενον
2434 3783 2741 3854 ἄνθρωπον,
2770 3788 3005 3859 ἄχραντε
3027 3805 3040 3819 ο
3086 3789 3248 3842 αὐτὸν
3290 3784 3385 3843 οὖν
3432 3787 3696 3851 δυσώπει,

425 3883 657 3937 obsecra
693 3891 752 3938 ut
791 3882 1113 3955 iniquitates
1149 3895 1370 3941 nostras
1419 3885 1655 3958 benigne
1686 3887 1935 3957 aspiciat.

2164 3876 2212 3940 hc
2244 3877 2476 3948 ἀνομίας
2513 3879 2863 3951 παραϐλέψαι
2891 3882 3070 3952 ἡμῶν,
3097 3882 3173 3945 ὡς
3208 3880 3618 3953 φιλάνθρωπον.

921 3975 1235 4047 Redemptor
1256 3979 1507 4035 universi.

2554 3972 2835 4043 Λυτρωτὰ
2870 3975 2979 4029 τοῦ
3017 3976 3263 4043 παντός.

500 4062 809 4137 lntrepidos
857 4068 1140 4139 capientes
1173 4086 1395 4137 sensus,
1434 4072 1489 4127 in
1532 4072 1806 4128 laboriosa
1843 4088 1984 4129 aren:

2187 4065 2474 4136 Ἀπτοήτῳ
2530 4065 2834 4138 χωροῦντες
2888 4069 3195 4141 φρονήματι
3260 4066 3399 4138 πρὸς
3467 4068 3699 4122 ἐπίπονα

429 4172 703 4233 martyres
746 4163 964 4219 labores
1005 4165 1190 4220 carnis
1222 4167 1570 4233 sustnlustis,
1605 4178 1658 4223 et
1692 4167 1760 4222 ad
1807 4177 1984 4224 sorten

2164 4160 2447 4230 κάμματα,
2485 4159 2783 4229 μάρτυρες,
2815 4158 3011 4229 πόνους
3038 4161 3241 4233 σαρκὸς
3286 4162 3578 4233 ὑπέστητε.
3608 4161 3701 4215 καὶ

429 4252 636 4309 laboris
663 4265 942 4326 expertem
968 4259 1247 4326 translati,
1300 4274 1518 4314 omnem
1548 4259 1735 4316 cordis
1761 4261 1984 4316 laborent

2169 4251 2259 4320 ρὺς
2286 4250 2484 4305 ἄπονον
2509 4251 2665 4322 λῆξιν
2693 4252 3153 4322 μετοικισθέντες,
3183 4253 3360 4307 πάντα
3387 4253 3548 4307 πόνον
3570 4271 3703 4325 καρ-

429 4348 722 4405 alleviatis.

2164 4343 2240 4405 Ea;
2270 4341 2579 4413 κουφίζετε.
2985 4351 2997 4360 °

442 4470 449 4479 -
499 4441 603 4507 Qui
642 4442 1019 4512 corruptibilia
1045 4443 1660 4511 cmlestibusmutastis,
1691 4446 1979 4501 carnalith

2196 4438 2258 4490 0t
2303 4437 2371 4490 τὰ
2420 4435 2533 4490 ἄνω
2579 4436 2840 4508 φθαρτοῖς
2884 4435 3249 4506 ἀλλαξάμενοι
3302 4438 3587 4507 σαρκικοῖς
3638 4453 3703 4505 με

433 4547 518 4585 nte
559 4532 835 4602 perditum
887 4534 1280 4604 cupiditatibus
1336 4553 1431 4607 per
1458 4537 1733 4608 jejunium
1789 4540 1984 4596 salvatt

2164 4528 2476 4599 θειρόμενον
2513 4528 2730 4592 πάθεσι,
2772 4529 2860 4582 διά
2892 4528 3145 4598 νηστείας
3173 4526 3382 4582 σώσατε
3410 4529 3503 4582 καὶ
3533 4527 3704 4598 εὐχῶν

433 4633 487 4680 ct
519 4642 739 4704 precuyt
774 4639 1097 4699 concentus,
1129 4632 1299 4688 divini
1325 4642 1598 4707 martyres
1629 4634 1872 4690 onmium
1904 4634 1983 4690 Do

2164 4619 2453 4690 ιμελείας,
2492 4619 2771 4691 μάρτυρες
2799 4618 2969 4683 θεῖοι,
2999 4618 3089 4671 τὸν
3124 4618 3230 4672 τῶν
3263 4618 3400 4674 ὅλων
3433 4616 3565 4671 Θεὸν
3600 4617 3708 4672 ἰκε-

436 4718 645 4771 tuinum
670 4719 1054 4790 supplicando.
1523 4775 1545 4791 ,

2164 4715 2395 4782 εύοντες.
3269 4777 3283 4785 λ

506 4804 1012 4877 Supplicationibus
1072 4819 1378 4885 martyrum
1447 4821 1693 4878 tuorum,
1771 4812 1984 4868 Christe

2205 4808 2485 4874 ’Ῑκεσίαις,
2513 4808 2741 4877 Χριστὲ,
2759 4805 2870 4861 τῶν
2891 4806 3185 4879 μαρτύρων
3218 4824 3333 4870 σου,
3361 4804 3428 4859 τά
3457 4805 3582 4876 ὲλέη
3616 4823 3709 4860 σου

437 4901 851 4960 misericordias
887 4912 1013 4961 tuas
1056 4907 1317 4962 omnibus
1358 4907 1612 4970 demitte,
1660 4914 1715 4961 et
1739 4908 1806 4961 ad
1838 4915 1892 4962 te
1930 4906 1984 4963 r'e

2166 4903 2256 4957 ᾶσι
2285 4900 2665 4971 κατάπεμψον,
2691 4900 2782 4952 καὶ
2807 4900 2921 4963 τοῖς
2949 4899 3086 4971 πρὸς
3113 4899 3174 4953 σὲ
3194 4898 3293 4969 τὴν
3315 4897 3710 4969 εὔσπλαγχνον,

436 4995 612 5050 versis
664 5004 788 5065 post
819 5012 975 5053 suam
1026 5012 1091 5053 ex
1125 4997 1228 5052 bac
1260 4998 1372 5052 vita
1417 4998 1826 5068 migrationem,
1861 4997 1984 5054 beui

2164 4993 2458 5049 ,stac‘rdcst
2485 4991 2579 5046 τοῦ
2608 4990 2746 5063 βίου,
2770 4990 2925 5045 λύσιν
2957 4991 3239 5063 παράσχου
3267 4989 3602 5061 ὀφλημάτων
3626 4990 3712 5045 καὶ

435 5102 598 5155 gnam
647 5089 829 5159 praebe
894 5089 1208 5147 debitorum
1262 5090 1476 5147 veniam
1525 5099 1580 5148 et
1613 5092 1857 5148 divinam
1928 5107 1984 5147 re

2164 5085 2277 5141 είαν
2307 5087 2638 5143 ἀνάπαυσιν.

437 5195 644 5236 autem.

455 5196 644 5249 jntem.

511 5269 593 5325 Tu
644 5288 766 5343 quae
812 5273 984 5329 Deum
1038 5274 1454 5346 impeccabilem
1511 5275 1775 5346 genuisti,
1835 5283 1984 5332 nostr

2210 5272 2301 5336 Ὠς
2321 5270 2554 5325 τεκοῦσα
2584 5270 2715 5325 Θεδν
2743 5269 3134 5340 ἀναμάρτητον
3154 5307 3169 5333 ,
3201 5265 3298 5330 τὰς
3347 5262 3506 5335 ἡμῶν
3541 5262 3719 5332 ἀμαρ-

447 5366 635 5422 deleas
666 5377 892 5439 peccata
944 5379 1037 5424 tua
1082 5380 1328 5426 materna
1372 5369 1728 5433 mediatione,
1769 5368 1984 5440 Deipar:

2167 5368 2252 5429 ίας
2278 5363 2561 5433 ὲξάλειψον
2593 5364 2715 5426 ταῖς
2745 5363 3042 5433 μητρικαῖς
3072 5358 3396 5431 πρεσϐείαις
3431 5373 3528 5410 σου
3551 5398 3565 5422 ,
3599 5351 3719 5407 Θεο-

444 5459 707 5531 salvaque
728 5462 1032 5520 clamantes
1065 5480 1078 5515 :
1108 5463 1444 5528 Benedicite,
1477 5477 1665 5534 opera,
1697 5459 1949 5516 Domino.

2164 5457 2279 5518 ὀκε,
2313 5456 2406 5510 καὶ
2438 5456 2578 5525 σῶζε
2610 5454 2980 5519 ἀναϐοῶντας·
3017 5452 3325 5522 Εὐλογεῖτε,
3356 5449 3424 5503 τὰ
3453 5447 3609 5520 ἔργα,
3634 5446 3720 5501 τὸν

2134 5546 2360 5601 Κύριον.

739 5641 847 5695 Eva
875 5658 967 5710 per
1012 5643 1380 5699 inobeth'eutia:
1418 5645 1743 5714 contagium.

2164 5566 2215 5600 ιυ
2263 5564 2360 5601 ιον.

2226 5563 2255 5616 ρ
2308 5642 2435 5695 Εὕα
2467 5638 2585 5710 μὲν
2623 5635 2701 5704 τῷ
2739 5639 2847 5707 τῆς
2886 5634 3199 5705 παρακοῆς
3234 5632 3555 5702 νοσήματι.

526 5730 630 5793 Qui
665 5730 719 5785 iu
774 5744 927 5802 petra
967 5738 1201 5806 spiritali
1238 5737 1482 5791 animum
1524 5735 1907 5798 stabilivistis,
1948 5752 1977 5788 v

2207 5726 2568 5801 Στηρίξαντες
2599 5732 2774 5802 πέτρᾳ
2809 5732 2971 5801 νοητῇ
3005 5726 3064 5782 τὸ
3095 5724 3373 5798 φρόνημα,
3416 5720 3720 5792 ἀθλοφόροι,

459 5830 662 5884 acres,
688 5820 937 5877 indi-ﬂexi
971 5826 1037 5879 ad
1068 5841 1260 5883 omnes
1287 5828 1493 5883 inimici
1526 5828 1758 5884 astutias
1820 5843 1984 5883 remat

2164 5825 2560 5895 ιπαράτρεπτοι
2580 5825 2776 5887 πάσαις
2800 5822 3024 5893 Ἐχοροῦ
3050 5823 3167 5885 ταῖς
3190 5815 3549 5895 πανουργίαις
3574 5813 3720 5885 ἐμει-
