3986 6236
317 366 463 433 3369

1761 369 2171 431 'l’RlODlUM.

3424 374 3568 437 3870

316 492 446 532 νλτε
464 491 477 505 '
516 477 598 532 διό
630 491 697 547 με
727 476 1061 549 τρεπόμενον
1087 477 1224 547 πρὸς
1253 476 1401 549 πάθη
1426 476 1745 549 ψυχοφθόρα
1764 495 1893 548 στη-

2015 479 2148 535 ιὶειὶε
2173 497 2188 546 ;
2218 487 2556 551 quapropter
2578 492 2665 534 me
2705 478 2770 532 ad
2798 478 3085 549 cupidines
3108 478 3306 535 anima:
3337 482 3565 537 letltates

323 569 505 641 ρίξατε
536 571 655 633 ταῖς
683 569 820 641 πρὸς
836 570 901 623 τὸ
923 569 1081 622 Θεῖον
1108 570 1539 641 παρακλήσεσιν.

407 750 467 802 Ἢ
499 749 618 802 θεία
638 750 739 807 ,καὶ
766 748 934 811 ὅντως
963 749 1259 818 φωταυγὴς
1307 750 1580 821 ὁμήγυρις
1612 749 1721 802 τῶν
1753 766 1896 819 μαρ-

319 844 520 911 τύρων,
548 841 864 895 καθικέτευε
897 842 989 894 τὸν
1015 840 1360 912 ὑπεράγαθον
1383 842 1689 912 Δεσπότην,
1720 840 1899 911 καιρῷ

321 937 421 1003 τῆς
451 934 772 1005 ἐγκρατείας
821 933 1168 1005 συγχώρησιν
1197 935 1557 1003 πταισμάτων
1601 935 1731 1005 ἡμῖν
1764 934 1896 988 πᾶσι

319 1028 691 1096 δωρήσασθαι,
722 1027 815 1079 καὶ
845 1026 1071 1079 αἰωνίαν
1100 1027 1445 1095 ἁγαλλίασιν.

392 1117 743 1188 Φιλάνθρωπε
772 1118 899 1187 μόνε
931 1118 1123 1186 ἀγαθὲ,
1158 1119 1284 1180 τοὺς
1329 1117 1547 1178 δούλους
1576 1134 1667 1170 σου
1694 1118 1780 1171 ἐπ’
1808 1117 1899 1170 ex-

321 1208 434 1260 πεδί
459 1209 809 1269 ἀναστάσεως
855 1209 1312 1279 κεκοιμημένους.
1346 1209 1570 1262 αἰωνίου
1601 1210 1775 1277 φωτὸς
1805 1209 1900 1261 καὶ

320 1299 627 1367 ἀνεσ“πέρου
671 1298 902 1364 ἀξίωσον
951 1299 1218 1368 μετέχειν,
1257 1299 1350 1351 καὶ
1396 1301 1606 1369 τρυφῆς
1657 1299 1900 1353 ἀπολαύ-

324 1410 484 1454 σεως,
513 1392 597 1444 ἵνα
627 1408 686 1444 σε
718 1374 868 1461 πόθῳ
897 1390 1308 1463 μεγαλύνωμεν.

392 1483 571 1545 me;
601 1483 913 1553 οἴκητήριον
940 1485 972 1552 ἡ
1008 1484 1073 1552 σὴ
1100 1485 1393 1551 γεγένηται
1432 1483 1672 1551 παναγία
1706 1485 1902 1553 Μήτηρ

323 1577 616 1627 Δέσποινα·
648 1573 770 1627 ὅθεν
812 1575 1019 1638 πιστῶς
1058 1576 1272 1629 ἀναϐοῶ
1310 1594 1413 1641 σοι,
1467 1579 1566 1641 τὰς
1606 1577 1775 1646 κόρας
1802 1577 1901 1644 τῆς

319 1663 499 1733 ψυχῆς
532 1682 634 1732 μου
664 1665 1028 1731 καταύγασον,
1062 1666 1155 1717 καὶ
1178 1665 1363 1733 τρίϐον
1391 1667 1488 1735 τὴν
1521 1665 1736 1718 εὐθεῖαν
1767 1664 1901 1717 ὑπό-

319 1756 493 1821 δειξον
526 1755 603 1826 τῷ
633 1774 691 1809 σε
725 1758 964 1828 γνησίως
992 1757 1374 1827 μακαρίζοντι.

600 1848 1050 1917 Ἀριιατηλὰτην
1087 1849 1295 1915 Φαραὼ
1330 1849 1631 1914 ἐϐύθισας.

404 1939 468 1995 Ἡ
497 1941 807 2009 φωτοςρόρος
834 1939 924 1991 τοῦ
958 1939 1191 2010 σταυροῦ
1223 1939 1589 2010 προσκύνησις
1615 1942 1777 1993 πᾶσιν
1799 1940 1899 1991 ὲπ-

321 2032 540 2100 ἔφανεν,
595 2029 825 2100 ἡλιακὴν
872 2028 1067 2098 αἴγλην
1119 2029 1395 2100 σωτηρίας
1445 2030 1759 2100 πέμπουσα,
1804 2031 1899 2083 καὶ

324 2121 530 2182 πάντας
577 2119 994 2187 καταυγάζουσα
1044 2120 1169 2182 τοὺς
1213 2118 1401 2172 παθῶν
1443 2120 1764 2190 ἀμαυρώσει
1808 2111 1915 2196 ace-ﬁ

323 2228 497 2281 κρατη
508 2211 699 2279 μένους
719 2227 733 2241 ·
774 2210 1167 2281 συνδράμωμεν
1184 2253 1199 2277 ,
1227 2210 1414 2265 τοῦτον
1439 2211 1694 2283 καθαρῶς
1716 2214 1898 2267 ἀσπα-

323 2303 564 2374 σῶμεθα.
1261 2373 1265 2377 ,
1780 2354 1789 2359 -

393 2397 470 2466 Τῇ
497 2395 596 2466 τῆς
625 2395 880 2465 νηστείας
907 2394 1273 2466 καθαρθέντες
1303 2397 1504 2467 χάριτι,
1524 2396 1898 2470 καθαρωτάτῳ

320 2485 421 2548 νοῒ,
452 2486 530 2557 τῷ
561 2486 788 2559 καθαρῷ
824 2489 968 2559 μόνῳ
1011 2489 1167 2542 δεῦτε
1194 2487 1566 2558 ὲκὸοήσωμεν
1595 2488 1776 2559 φωνὴν
1805 2492 1896 2542 sf)"-

320 2581 693 2651 χαριστήριον·
728 2581 801 2634 Σὺ
819 2581 881 2633 τὸ
904 2575 1046 2651 αἷμά
1077 2598 1191 2645 σου,
1224 2581 1388 2649 Λόγε,
1409 2581 1568 2652 ἡμῶν
1593 2583 1671 2644 είς
1703 2581 1897 2652 λύτρον

320 2671 560 2742 ἐξέχεας,
591 2673 684 2725 καὶ
712 2672 789 2740 τῷ
823 2670 901 2740 σῷ
933 2673 1151 2744 σταυρῷ
1181 2672 1427 2740 ἀγιάζεις
1454 2673 1621 2743 ἡμᾶς.

390 2764 782 2833 Συμποδισθεὶς
828 2766 949 2828 ταῖς
992 2764 1318 2836 προσϐολαῖς
1347 2764 1437 2817 τοῦ
1470 2763 1665 2832 ὄφεως,
1699 2763 1896 2833 πτῶμα

320 2856 553 2920 ἐξαίσιον
596 2857 682 2911 διὰ
732 2857 931 2922 παντὸς
976 2861 1198 2928 κεῖμαι·
1235 2858 1415 2930 Σῶτερ
1440 2860 1468 2913 ὁ
1494 2860 1594 2931 τὴν
1623 2859 1894 2914 ἔκπτωσιν

318 2947 427 3000 τῶν
458 2948 897 3019 πρωτοπλάστων
928 2950 1089 3003 πάθει
1133 2967 1226 3002 σου
1258 2951 1353 3005 καὶ
1390 2950 1608 3022 σταυρῷ
1649 2950 1893 3022 ἀνορθώ-

322 3055 441 3101 σας,
473 3038 780 3110 ἀνόρθωσον
807 3042 902 3094 καὶ
932 3041 1200 3113 όδήγησόν
1244 3059 1341 3096 σου
1386 3041 1523 3115 πρὸς
1575 3043 1893 3114 θελημάτων

319 3132 493 3201 mm
504 3149 692 3201 ρωσιν.
734 3119 742 3125 ’

392 3224 781 3298 Παρισταμένη
817 3226 894 3299 τῷ
926 3228 1143 3302 σταυρῷ
1171 3247 1285 3295 σου,
1317 3231 1508 3303 Κύριε,
1539 3234 1571 3303 ἡ
1599 3232 1892 3303 ἀπειρόγα-

316 3332 443 3384 μος,
477 3317 569 3370 καὶ
598 3318 696 3382 τὰς
726 3321 783 3373 ἐν
816 3321 898 3374 σοὶ
924 3320 1153 3392 τρώσεις
1187 3321 1494 3394 καθορῶσα,
1525 3325 1789 3387 Δέσποτα,
1815 3341 1894 3377 τι·

318 3411 670 3480 τρωσκομένη
698 3410 892 3481 ,ἔλεγεν
921 3431 932 3443 ·
968 3413 1166 3484 Οἵμοιι
1198 3418 1408 3480 τέκνον,
1445 3416 1641 3481 ὠδῖνας
1680 3419 1892 3487 ἀποφυ-

317 3498 490 3567 γοῦσα
516 3500 594 3573 τῷ
625 3503 769 3574 τόκῳ
801 3520 914 3568 σου,
950 3504 1045 3559 νῦν
1069 3506 1344 3579 ὀδυνηρῶς
1375 3509 1809 3580 κατατρύχομαι.

724 3682 1180 3750 Ἑπταπλασίως
1217 3686 1493 3754 κάμινον.

387 3771 491 3825 Τὸν
516 3772 720 3826 ἰοϐόλον
749 3773 948 3827 πάθεσι
977 3774 1072 3826 καὶ⁵
1089 3771 1270 3844 ψυχὴν
1293 3775 1388 3827 καὶ
1406 3775 1644 3827 διάνοιαν
1668 3790 1894 3842 τετραυ-

322 3862 661 3933 ματισμένην
695 3863 1061 3935 κεκτημένον,
1093 3864 1299 3934 Κύριε,
1331 3864 1573 3934 ἐλέησον,
1606 3865 1892 3930 οἴκτειρον,

318 3954 394 4025 τῷ
420 3955 636 4026 σταυρῷ
664 3955 1020 4027 θεράπευσον,
1048 3957 1141 4010 καὶ
1167 3958 1289 4020 ταῖς
1317 3957 1381 4009 ἐκ
1409 3955 1647 4026 πλευρᾶς
1680 3971 1773 4008 σου
1799 3972 1893 4007 κε-

320 4047 599 4111 νωθείσαις
624 4047 821 4118 ῥανίσι·
845 4048 1138 4118 προθύμως
1160 4048 1248 4103 ἵνα
1262 4047 1466 4118 ψάλλω·
1517 4047 1721 4118 Ἱερεῖς,
1745 4046 1895 4100 εὐλο·

320 4141 463 4205 γείτε
504 4138 728 4208 Κύριον.

387 4230 512 4283 Ἐπὶ
559 4229 653 4284 τοῦ
697 4229 854 4300 ὅρους
906 4229 1074 4284 πάλαι
1121 4247 1180 4284 σε
1229 4232 1471 4301 Μωῦσῆς
1510 4230 1891 4302 προετύπωσε,

318 4323 503 4393 χεῖρας
551 4320 772 4391 ἁνυψῶν
815 4323 910 4374 καὶ
956 4321 1201 4393 Ἀμαλὴκ
1245 4324 1646 4394 τροπούμενος,
1691 4323 1895 4392 σταυρὲ

316 4414 710 4485 πανσεὸάσμιε,
745 4413 805 4467 ὃν
849 4412 1280 4485 προσκυνοῦντες
1330 4418 1588 4488 σήμερον,
1620 4415 1893 4487 τρέπομεν

1998 583 2324 625 conversum
2363 570 2605 625 stabilite
2653 572 2853 627 vestris
2874 570 2953 649 ad
2999 571 3178 625 divina
3208 573 3585 628 exhortattoi

1999 660 2187 716 uibus.

2068 748 2262 802 Divine
2300 755 2354 802 et
2400 766 2525 805 Vere
2577 750 2791 820 fulgens
2847 759 3141 823 martyrum
3185 761 3382 819 cattus,
3433 769 3566 822 sup-

2002 840 2141 910 plica
2194 841 2648 910 benignissimum
2697 842 2982 896 Dominum
3016 853 3072 897 ut
3121 852 3365 913 tempore
3396 845 3567 899 absti-

1999 932 2197 984 nentia!
2250 933 2460 984 veniam
2517 932 2883 987 oﬂ'ensionnm
2942 934 3102 989 nobis
3150 934 3407 990 omnibus
3440 951 3564 989 cum

1998 1032 2199 1076 azterna
2232 1022 2597 1074 exsultatione
2622 1024 2904 1089 largiatur.

2070 1111 2113 1164 0
2142 1120 2219 1174 tu,
2257 1111 2691 1165 SOIIISltlllllalttlS
2713 1122 2765 1164 et
2788 1113 2983 1176 bonus,
3008 1126 3195 1167 servos
3225 1122 3347 1167 tuos
3385 1107 3436 1167 in
3472 1128 3567 1181 spe

2000 1203 2423 1280 resurrectionis
2495 1202 2831 1257 dormientes
2895 1209 3081 1258 aeterni
3148 1206 3371 1260 luminis
3421 1207 3563 1274 quod

2001 1295 2174 1346 nescit
2212 1307 2472 1346 occasum
2517 1295 2744 1363 dignare
2781 1296 3079 1364 participes
3122 1312 3264 1361 esse,
3296 1298 3568 1368 simulque

2002 1369 2322 1437 deliciarum
2372 1383 2674 1450 fruitionis,
2710 1395 2768 1439 ιιι
2803 1394 2857 1439 te
2900 1388 3185 1442 desideriis
3216 1391 3568 1445 extollamus.

2073 1474 2321 1529 Luminis
2377 1476 2710 1531 domicilium
2754 1487 2841 1531 tua
2899 1478 3039 1533 facta
3092 1489 3173 1533 est
3220 1483 3565 1536 sanctissima

2005 1567 2173 1623 Mater
2208 1568 2433 1644 Domina
2461 1586 2474 1630 ;
2510 1569 2651 1623 unde
2674 1570 2998 1626 titlucialiter
3026 1572 3091 1626 ad
3117 1579 3168 1626 te
3194 1573 3371 1625 clamo
3404 1589 3417 1625 :
3459 1588 3558 1641 pu-

2006 1661 2162 1730 p’llas
2192 1660 2392 1714 animat
2445 1675 2579 1714 mea;
2620 1661 2889 1726 illumina,
2936 1672 3252 1732 rcctamque
3308 1666 3559 1720 semitam

2005 1751 2082 1803 illi
2117 1750 2350 1805 ostende
2386 1751 2478 1820 qui
2517 1761 2567 1807 te
2597 1748 2809 1806 sincere
2836 1755 3049 1808 beatam
3082 1756 3364 1823 praedicat.

1933 1832 1972 1887 Β
2004 1840 2269 1898 Curruum
2306 1845 2624 1913 agitatorem
2673 1844 3008 1899 Pharaonem
3040 1849 3279 1919 dejecisti
3315 1851 3368 1901 in
3401 1866 3564 1903 mare.

2072 1933 2325 1990 Lucifera
2382 1937 2564 1990 crucis
2610 1939 2858 1991 arloratio
2903 1940 3158 1994 omnibus
3203 1943 3453 2010 apparuit
3491 1957 3570 1993 ra-

2003 2022 2242 2077 diautem
2271 2026 2467 2079 salutis
2525 2024 2791 2101 fulgorem
2846 2027 3210 2095 praemittens,
3265 2043 3568 2098 omnesque

2001 2116 2361 2185 cupiditatum
2419 2117 2653 2187 ealigine
2693 2133 2986 2188 oppressos
3032 2106 3387 2177 illttntinans:
3430 2136 3565 2176 con-

2002 2224 2288 2265 curramus
2313 2218 2365 2263 et
2403 2210 2543 2265 hanc
2563 2226 2781 2266 crucem
2818 2228 2953 2283 pure
2980 2215 3315 2270 osculemur.

2070 2383 2270 2454 Jejunii
2302 2384 2571 2455 purifieati
2604 2387 2775 2456 gratia
2807 2389 3097 2467 purissima
3122 2400 3320 2456 meme,
3349 2391 3437 2445 hic
3466 2390 3566 2445 soli

2003 2489 2140 2543 puro
2192 2474 2525 2528 extollamns
2558 2480 2855 2543 gratiarum
2891 2480 3124 2532 actionis
3165 2495 3346 2534 vocem
3377 2499 3388 2533 :
3422 2491 3476 2532 tu
3511 2480 3564 2533 in

2003 2564 2428 2633 redemptionem
2458 2576 2697 2620 nostram
2748 2570 3066 2638 sanguinem
3097 2579 3247 2624 tuum
3295 2570 3557 2634 ell‘udisti,

2004 2654 2262 2718 Verbum,
2290 2666 2339 2711 et
2369 2672 2531 2711 cruce
2561 2667 2648 2711 tua
2680 2660 2992 2715 sanctificas
3012 2676 3140 2714 nos.
3220 2731 3245 2737 __

2073 2748 2355 2816 Serpentis
2392 2749 2805 2819 oppugnatione
2867 2734 3278 2821 supplantatus,
3313 2754 3569 2809 indecore

2002 2841 2156 2908 lapsu
2213 2849 2360 2894 totus
2413 2841 2611 2909 jaceo:
2646 2838 2924 2904 Salvator.
2976 2846 3066 2914 qui
3109 2847 3569 2915 prmoplastorum

2001 2934 2215 3001 lapsum
2244 2933 2501 3003 passione
2529 2942 2617 2988 tua
2653 2944 2708 2989 et
2737 2951 2902 2991 cruce
2927 2938 3174 3004 erexisti,
3200 2940 3350 3010 erige
3388 2955 3473 2994 me
3511 2946 3567 2993 et

1998 3026 2106 3081 duc
2127 3024 2192 3078 ad
2228 3026 2568 3081 voluntatum
2602 3035 2820 3084 tuarum
2845 3029 3310 3100 adimpletioueut.

2018 3221 2025 3229 ’
2074 3224 2238 3278 Stans
2280 3223 2435 3292 juxta
2492 3238 2713 3279 crucem
2767 3232 2939 3290 tuam,
2993 3225 3243 3289 Domine,
3276 3227 3447 3297 Virgo
3490 3233 3572 3284 iu—

2003 3325 2193 3384 nupta.
2228 3316 2282 3370 in
2318 3325 2370 3371 te
2402 3317 2627 3371 vulnera
2677 3318 2930 3383 videndo,
2966 3317 3242 3388 Magister,
3276 3320 3569 3378 vulnerata

2002 3408 2118 3478 ipsa
2145 3408 2397 3463 dicebat:
2433 3409 2610 3463 Ehe‘ul
2656 3409 2731 3462 fili
2767 3409 2860 3474 mi,
2904 3412 3327 3479 parturientium
3352 3413 3571 3468 dolores

2002 3503 2055 3555 in
2089 3510 2248 3570 partu
2305 3508 2397 3554 tuo
2440 3499 2757 3571 ell‘ugeram.
2810 3517 2958 3557 nunc
2997 3518 3128 3558 vero
3171 3502 3429 3557 dolorose
3472 3520 3570 3574 op-

2005 3594 2229 3662 primor.

2446 3710 2462 3719 ε
2494 3681 2746 3749 Septuplo
2786 3681 3073 3751 fornacem.

2068 3768 2322 3823 Animam
2356 3785 2564 3827 veneno
2590 3772 2854 3825 infectam
2893 3783 2947 3826 et
2994 3783 3229 3853 mentem
3259 3778 3573 3853 cupiditati-

2002 3859 2105 3915 bus
2136 3862 2470 3915 vulneratam
2498 3863 2829 3932 possidentis
2848 3848 3135 3931 miserere,
3158 3868 3408 3933 Domine,
3424 3848 3570 3925 com-

2001 3952 2287 4020 miserare,
2345 3969 2508 4010 cruce
2553 3967 2644 4010 tua
2680 3972 2811 4011 sana
2846 3973 2951 4020 me.
2983 3967 3037 4014 et
3086 3961 3254 4030 guttis
3291 3976 3355 4015 ex
3401 3962 3572 4017 latere

2002 4055 2093 4098 tuo
2123 4045 2407 4101 exhaustis
2437 4055 2492 4100 ut
2523 4048 2778 4107 ardenter
2803 4052 3029 4120 psallam
3065 4069 3079 4105 :
3113 4051 3448 4118 sacerdotes,
3477 4053 3573 4109 be-

2003 4139 2241 4195 nedicite
2271 4139 2580 4195 Dominum.

2071 4229 2129 4285 ln
2181 4239 2366 4287 monte
2409 4232 2537 4287 olim
2578 4234 2953 4305 praztlguravit
2985 4242 3039 4289 te
3092 4232 3304 4306 Moyses
3351 4236 3572 4291 elevans

2000 4339 2219 4388 ntanus,
2262 4337 2316 4380 et
2346 4325 2398 4380 in
2432 4326 2612 4397 fugam
2634 4336 2853 4382 vertens
2893 4329 3133 4396 Amalec,
3188 4343 3319 4383 crux
3348 4329 3572 4383 omnino

2001 4416 2349 4483 venerabilis,
2395 4432 2560 4487 quam
2620 4417 2785 4472 hodie
2813 4419 3131 4473 venerando
3184 4406 3436 4488 fugamus
3465 4419 3573 4472 ini-

317 4506 582 4576 δαιμόνων
599 4506 667 4559 τὰ
693 4505 964 4575 ἀλλόφυλα
990 4504 1156 4576 στίφη
1174 4544 1189 4571 ,
1220 4508 1314 4560 καὶ
1342 4508 1491 4577 φόϐῳ
1524 4497 1889 4578 μελῳδοῦμεν·

2020 4508 2140 4560 nica
2200 4516 2508 4563 uarmonum
2540 4510 2758 4580 agmina
2783 4523 2835 4565 et
2864 4512 2919 4564 in
2955 4511 3149 4565 timore
3187 4512 3568 4565 modulantur:

328 4598 390 4650 Ἱε
399 4600 527 4668 ρεῖς,
563 4599 854 4667 εὐλογεῖτε.

400 4689 536 4742 Ὑπὸ
568 4678 759 4764 παθῶν
795 4691 1171 4762 κλονούμενον,
1201 4694 1296 4747 ὑπ’
1324 4691 1534 4764 ἐχθρῶν
1577 4692 1895 4764 σκελιζόμε-

317 4797 425 4845 νον,
453 4780 558 4835 ὑπὸ
598 4781 886 4851 συνηθείας
918 4787 1157 4856 πονηρᾶς
1193 4786 1506 4858 ἑλκόμενον,
1528 4785 1891 4853 οίκτείρησον,

313 4870 766 4942 εύσπλαγχνε,τῷ
793 4873 871 4945 σῷ
888 4875 1103 4947 σταυρῷ
1130 4876 1433 4945 θωράκισον
1450 4892 1467 4907 ·
1488 4876 1636 4940 ὅπως
1667 4873 1892 4946 μελῳδῶ

314 4966 370 5017 ἐν
398 4965 680 5034 άκλονήτῳ
710 4964 924 5036 καρδίᾳ·
948 4968 1011 5019 υἱ
1042 4966 1246 5031 παῖδες,
1277 4967 1574 5036 εὐλογεῖτε.

380 5056 646 5128 Ὀδυνηρὰ
680 5057 1029 5123 στενάζουσα,
1069 5059 1350 5130 μητρικῶς
1396 5058 1762 5127 ἁλαλάζουσα,
1798 5062 1892 5115 καὶ

308 5149 409 5220 τὴν
432 5153 495 5203 ἐκ
523 5150 628 5202 τῶν
659 5150 982 5221 σπλάγχνων
1011 5143 1240 5223 συνοχὴν
1272 5153 1346 5222 μὴ
1371 5154 1644 5223 φέρουσα,
1669 5153 1889 5224 σταυρῷ

313 5241 610 5312 ἐνητένιζες
645 5241 726 5314 τῷ
753 5245 818 5296 ὲκ
848 5243 948 5313 τῆς
979 5245 1080 5313 σῆς
1109 5244 1356 5314 τεχθέντι
1384 5245 1642 5317 γαστρὸς,
1663 5245 1885 5311 Τέκνον,

313 5335 578 5398 ἐῖιδοῶσα,
595 5335 646 5387 τί
663 5345 726 5394 τδ
744 5337 926 5408 ὅραμα
955 5335 1114 5389 τοῦτο
1138 5354 1153 5403 ;
1186 5337 1302 5401 πῶς
1331 5339 1561 5408 πάσχεις
1581 5339 1610 5390 ὁ
1639 5340 1703 5408 τῇ
1731 5337 1887 5407 φύσει

2002 4601 2337 4664 sacerdotes,
2371 4600 2697 4656 benedicite.
2978 4674 2980 4677 λ

2069 4691 2474 4761 Cupiditatibus
2501 4693 2899 4763 perturbatum,
2933 4693 3174 4750 inimicis
3202 4693 3569 4758 debilitatum,

1997 4788 2138 4842 mala
2187 4788 2583 4844 consuetudine
2625 4798 2861 4842 tractum
2895 4788 3179 4854 miserare,
3231 4788 3546 4842 misericors

1995 4888 2049 4935 et
2075 4889 2165 4934 tua
2208 4893 2374 4934 cruce
2407 4880 2708 4939 communi.
2758 4889 2815 4934 ut
2856 4881 2913 4934 in
2954 4880 3121 4936 corde
3162 4878 3565 4949 imperturbata

1996 4971 2284 5038 moduler;
2326 4971 2504 5042 pueri,
2540 4970 2870 5027 benedicite.

2068 5063 2330 5118 Delerose
2361 5063 2750 5134 ingemiscens,
2794 5071 3046 5119 materno
3089 5062 3305 5131 eiulans
3340 5059 3563 5123 affectu,-

1997 5162 2053 5206 et
2093 5153 2363 5210 viscerum
2417 5167 2731 5221 pressuram
2789 5151 2932 5207 ferre
2980 5153 3277 5221 impotens,
3313 5149 3366 5201 in
3401 5163 3565 5202 cruce

1990 5243 2455 5313 contemplabaris
2489 5242 2728 5297 fructum
2752 5242 2960 5296 ventris
2991 5240 3090 5303 tui,
3119 5240 3367 5311 clamans
3393 5252 3406 5288 :
3438 5234 3562 5299 Fili,

1991 5337 2251 5406 quidnam
2280 5336 2368 5391 hic
2406 5336 2610 5391 video?
2649 5333 2927 5404 quomodo
2976 5332 3195 5402 pateris,
3230 5340 3424 5385 natura
3453 5329 3556 5381 im-

313 5427 528 5497 ἀπαθής
551 5444 566 5493 ;
591 5427 816 5491 Πάντως
839 5428 1007 5481 θέλων
1040 5429 1099 5482 τὸ
1128 5428 1281 5497 γένος
1313 5427 1422 5481 τῶν
1451 5427 1756 5500 ἀνθρώπων
1779 5445 1886 5482 πα⁴

2015 5426 2313 5484 tassibilis?
2368 5426 2506 5493 Quia
2555 5427 2768 5481 scilicet
2830 5424 2911 5478 vis
2953 5424 3257 5477 humanum
3315 5434 3489 5489 genus
3531 5433 3563 5473 a

292 5517 420 5573 ’θῶν
451 5518 839 5590 ἐλευθερῶσαι.

770 5613 1016 5680 Ἓφριξε
1054 5612 1222 5667 πᾶσα
1253 5614 1429 5680 ἀκοή.

383 5703 665 5773 Ἐγγόνους
697 5704 863 5757 πάλαι
896 5704 1089 5758 Ἰακὼὸ
1112 5705 1346 5771 εὐλογῶν
1373 5705 1730 5776 προδιετύπου
1753 5721 1885 5774 τρα-

320 5798 503 5852 νὸειιτα
537 5797 770 5867 σταυρὸν
803 5797 894 5851 τίον
920 5796 1098 5866 τίμιον
1121 5814 1135 5829 ⁸
1166 5797 1232 5850 δι’
1256 5791 1335 5862 οὗ,
1370 5796 1654 5866 οίκτίρμον
1681 5835 1695 5861 ,
1734 5798 1880 5866 ἡμᾶς

1992 5520 2388 5591 cupiditatibus
2415 5519 2671 5574 liberare.

2439 5610 2665 5666 Horruit
2696 5610 2868 5663 omnis
2895 5607 3134 5662 auditus.

2060 5704 2274 5759 Prolem
2311 5703 2437 5758 olim
2478 5701 2809 5758 benedicens
2854 5697 3045 5764 Jacob,
3092 5696 3384 5754 manifeste
3426 5710 3560 5767 pm!-

1987 5798 2251 5867 iigurabat
2300 5796 2593 5867 pretiosam
2656 5810 2903 5863 crucem,
2954 5809 3048 5865 per
3094 5807 3282 5859 quam,
3334 5791 3558 5846 miserii-
