3986 6236
246 344 387 409 3373

1689 347 2100 410 TRIODIUM.

3375 347 3523 417 3874

249 462 485 528 σάμενος
534 459 867 532 κραταίωμα
920 460 1016 513 καὶ
1071 460 1434 531 καταψυγὴν,
1487 462 1583 515 καὶ
1629 462 1845 533 ἀσφαλῆ

1975 463 2189 532 argitus
2212 478 2273 519 es
2297 472 2354 517 ut
2379 462 2782 518 ﬁrmamentum
2823 472 2875 516 et
2912 462 3186 535 refugium
3235 476 3290 521 et
3346 476 3524 521 tutum

246 550 489 622 κρηπῖδα
512 568 524 582 ·
579 549 645 604 δι’
675 542 736 604 οὗ
782 550 910 614 τοὺς
958 549 1186 621 ἐχθροὺς
1236 549 1392 621 ήμῶν
1418 550 1513 604 νῦν
1546 549 1836 620 κερατιοῦ-

250 660 369 713 μεν.
1196 711 1200 714 ξ

319 734 442 787 Ὀτι
492 736 701 806 σειραῖς
748 735 1122 809 συσφίγγομαι
1163 734 1271 788 τῶν
1306 733 1559 805 ἀμέτρων
1596 752 1699 804 μου
1740 752 1836 788 κα-

247 828 380 893 κῶν,
411 830 503 882 καὶ
551 828 650 895 τὰς
697 829 914 900 τρίϐους
949 848 1042 886 σου
1096 830 1193 893 τὰς
1245 828 1568 900 σωτηρίους,
1610 828 1835 899 Χριστὲ,

248 921 388 975 ἑκὼν
424 923 719 991 ἐπιγνῶναι
744 924 804 976 οὐ
840 922 1133 994 βούλομαι·
1185 922 1263 994 τῷ
1298 922 1374 994 σῷ
1415 940 1481 993 με
1509 921 1840 992 ἐπίστρεψον

251 1013 492 1083 σταυρῷ,
522 1014 620 1085 τὴν
649 1015 904 1086 πώρωσῐν
929 1033 1032 1088 μου
1055 1015 1219 1081 λύων,
1249 1015 1315 1068 δι’
1339 1017 1548 1084 ἄφατον
1567 1013 1713 1078 ἔλεος
1740 1014 1840 1085 τῆς

255 1105 351 1175 σῆς
380 1095 806 1178 εὐσπλαγχνίας.
1812 1118 1833 1126 ’

321 1199 431 1269 Τὴν
464 1200 761 1270 Φαρισαίου
788 1200 1020 1271 ἔπαρσιν
1050 1190 1434 1271 μιμησάμενος
1463 1197 1670 1262 κακῶς,
1703 1215 1838 1253 κατ-

253 1289 485 1363 ηνέχθην
507 1290 706 1361 πτῶμα
723 1291 962 1362 χαλεπὸν
983 1292 1079 1345 καὶΙ
1095 1291 1288 1356 δεινδν,
1305 1291 1401 1343 καὶ
1423 1290 1610 1359 κεῖμαι
1631 1290 1690 1358 ἐχ
1696 1288 1723 1341 θ
1731 1288 1840 1360 ρῶν

252 1383 657 1454 καταπάτημω
710 1384 827 1437 ἀλλ’
861 1383 1155 1454 οἷκτειρον,
1193 1381 1366 1443 σῶσόν
1414 1398 1503 1451 με,
1541 1369 1776 1450 Χριστὲ,
1813 1381 1841 1433 ό

252 1472 445 1526 ἑαυτὸν
461 1473 528 1528 δι’
549 1472 731 1529 οἶκτον
753 1475 1123 1542 ταπεινώσας,
1158 1472 1349 1549 ῦψιστε
1381 1472 1608 1533 Βασιλεῦ
1630 1471 1730 1543 τῆς
1758 1472 1842 1524 δό-

255 1564 373 1637 ξης.
1520 1561 1541 1583 ⁹

324 1660 392 1713 Δί
417 1659 600 1728 γενεαί
627 1677 685 1714 σε
720 1661 931 1716 ἅπασαι
964 1660 1381 1733 μακαρίζουσιν,
1415 1660 1552 1729 ἁγνή
1573 1675 1588 1690 ’
1633 1656 1842 1728 Ἰησοῦς

255 1751 363 1821 γὰρ
414 1751 572 1819 μόνος
613 1752 641 1805 ό
685 1750 901 1822 τεχθεὶς
945 1754 1010 1805 ὲκ
1056 1751 1157 1822 τῆς
1198 1751 1298 1819 σῆς
1328 1747 1542 1819 νηδύος,
1579 1748 1741 1809 αὐτὸς
1766 1747 1842 1812 ὡς

1941 554 2356 611 fundamentum
2385 574 2401 620 ;
2441 571 2536 628 per
2572 572 2738 625 quam
2774 558 2962 613 hostes
2989 568 3211 619 nostros
3247 575 3395 621 nunc
3424 578 3522 631 (ψ-
3618 543 3621 546 ’

1940 649 2330 718 pugnabimus.
3382 705 3385 708 .

2012 737 2150 802 Quia
2189 738 2400 792 catenis
2455 739 2793 796 constrictus
2859 755 2983 794 sum
3038 742 3521 796 innumerabilium

1941 836 2294 905 peccatorum
2351 845 2623 897 meorum,
2678 843 2731 886 et
2789 835 3018 888 semitas
3067 842 3189 889 tuas
3230 836 3523 897 salutares.

1940 919 2178 983 Christe,
2217 921 2357 975 ultro
2383 936 2681 994 agnoscere
2738 924 2889 988 uolo,
2920 937 3009 978 tua
3049 940 3132 977 me
3176 941 3341 978 cruce
3391 941 3527 979 con-

1940 1022 2112 1079 verte,
2146 1012 2565 1071 obduratiouem
2601 1032 2777 1070 meam
2806 1016 3028 1073 solvens
3057 1033 3155 1088 per
3190 1017 3519 1077 inc-ﬂabilem

1941 1113 2049 1158 tua:
2078 1104 2436 1176 benignitatis
2479 1107 2949 1165 misericordiam.

2013 1194 2277 1258 Pharisaei
2306 1199 2624 1268 superbiam
2656 1215 2912 1270 perverse
2943 1199 3207 1267 imitatus,
3241 1200 3526 1259 demersus

1942 1304 2062 1344 sum
2111 1289 2261 1359 gravi
2339 1293 2686 1362 terribilique
2740 1308 2896 1357 casu,
2947 1293 3219 1363 jaeeoque
3275 1294 3525 1357 hostibu;

1943 1385 2372 1450 conculcandus,
2394 1388 2486 1442 sed
2507 1389 2766 1443 miserere
2787 1389 2889 1443 mei
2914 1398 2967 1444 et
2986 1389 3132 1443 salva
3156 1404 3262 1453 me,
3287 1389 3523 1451 Christe,

1941 1477 2030 1542 qui
2051 1478 2281 1547 teipsum
2308 1495 2401 1544 per
2424 1480 2864 1553 compassiouem
2896 1482 3221 1547 humiliasti,
3253 1482 3524 1541 altissimo

1952 1565 2066 1621 Rex
2084 1570 2305 1639 gloriae.

2014 1659 2216 1715 Omnes
2244 1662 2625 1731 generationes
2663 1673 2714 1717 te
2746 1663 2969 1719 beatam
2998 1664 3312 1734 praedicant,
3343 1664 3528 1734 puris-

1946 1752 2124 1817 sima;
2159 1750 2321 1807 Jesus
2375 1754 2521 1807 enim
2567 1754 2719 1808 solus
2751 1769 2817 1807 ex
2882 1765 3071 1808 ventre
3133 1762 3227 1809 tuo
3290 1756 3526 1829 prodiit;

256 1838 548 1892 ἐπίστασαι
580 1840 829 1910 ἐποίησε,
855 1841 1031 1910 Κόρη,
1066 1840 1204 1911 μετὰ
1250 1836 1366 1902 σοῦ,
1392 1837 1632 1907 Παρθένε
1668 1852 1842 1908 μεγα-

1972 1860 2082 1914 pse,
2110 1846 2258 1899 sicut
2307 1847 2473 1906 nosti,
2505 1860 2698 1913 magna
2752 1845 2847 1898 tibi
2893 1844 3039 1909 fecit,
3090 1847 3271 1916 put-lla
3326 1845 3549 1917 Virgo;.

256 1927 401 1983 λεῖα·
434 1928 493 1982 ὅν
527 1928 768 1983 δυσὼπει
796 1930 1066 1995 σώζεσθαι
1118 1929 1291 1997 πόλιν,
1320 1929 1412 1983 καὶ
1436 1928 1565 1982 λαόν
1595 1945 1712 1983 σου.

506 2107 724 2176 Κύριος
759 2102 846 2159 ὢν
883 2103 1128 2159 πάντων
1164 2105 1260 2158 καὶ
1298 2104 1579 2172 Κτίστης.

326 2197 532 2269 Κύριος
565 2197 641 2251 ὣν
671 2199 888 2252 πάντων
922 2199 1016 2251 καὶ
1072 2197 1313 2269 Κτίστης
1345 2197 1495 2261 Θεὸς,
1540 2196 1704 2267 μέσον
1739 2196 1843 2267 γῆς

259 2291 353 2344 ἐπὶ
387 2291 622 2363 σταυροῦ
662 2290 884 2363 ὑψώθης
905 2306 918 2320 ·
952 2290 1092 2362 πρὸς
1134 2272 1322 2343 ἑαυτὸν
1357 2289 1575 2359 ἀνυψῶν
1604 2289 1715 2342 τῶν
1745 2290 1842 2341 ἁν-

260 2383 495 2456 θρώπων
526 2384 796 2437 πεσοῦσαν
823 2383 1010 2436 οὐσίαν
1040 2382 1274 2453 κακίστῃ
1304 2381 1397 2435 τοῦ
1437 2380 1669 2452 Ἐχθροῦ
1701 2399 1842 2452 συμ-

262 2476 484 2548 ϐουλίᾳ·
510 2475 630 2529 ὅθεν
664 2493 724 2529 σε
753 2475 961 2539 πιστῶς
985 2473 1298 2545 δοξάζομεν,
1327 2473 1405 2545 τῷ
1433 2473 1509 2544 σῷ
1533 2474 1696 2528 πάθει
1725 2491 1844 2527 στε-

263 2568 387 2639 ρεού
396 2584 567 2638 μενοι.

332 2660 686 2731 Καθάραντες
710 2659 990 2731 αἰσθήσεις
1021 2659 1274 2731 νηστείας
1304 2664 1462 2729 φωτὶ,
1485 2660 1578 2714 τοῦ
1610 2660 1843 2732 σταυροῦ

261 2754 381 2815 ταῖς
412 2755 628 2824 νοηταῖς
656 2755 837 2806 ἀκτῖσι
863 2751 1301 2816 πλουσιωτάτους,
1331 2754 1535 2818 πιστοὶ,
1559 2751 1846 2822 αὐγασθῶ-

267 2861 366 2914 μεν
384 2860 399 2874 ·
426 2846 518 2898 καὶ
537 2844 726 2897 τοῦτον
747 2844 1006 2914 ἐμφανῶς
1032 2838 1390 2915 προκείμενον
1414 2846 1655 2918 σήμερον
1677 2846 1847 2918 όρῶνο

263 2953 376 3002 τες,
405 2937 638 3007 χείλεσιν
688 2939 873 3005 ἁγνοῖς
917 2937 1009 2991 καὶ
1057 2937 1285 3008 στόματι
1318 2938 1414 2991 καὶ
1445 2939 1642 3010 καρδίᾳ
1673 2955 1848 3010 προσ-

264 3030 608 3101 κυνήσωμεν.

337 3121 512 3175 Τόπον
543 3115 603 3175 οὗ
630 3120 868 3190 ἔστησαν
893 3122 944 3174 οἱ
972 3121 1133 3185 πόδες
1167 3122 1424 3192 Χριστοῦ,
1461 3127 1848 3199 προσκυνήσω-

262 3230 370 3285 μεν
400 3213 634 3284 σταυρὸν
657 3214 748 3266 τὸν
785 3213 948 3280 θεῖον,
981 3214 1156 3286 πέτρᾳ
1186 3216 1422 3285 Χριστοῦ
1455 3218 1685 3270 ἐντολῶν
1714 3236 1845 3290 στη-

275 3306 521 3375 ριχθῆναι
539 3308 662 3369 τοὺς
690 3306 856 3368 πόδας
884 3306 1161 3371 αἰτοῦντες
1187 3307 1365 3383 ψυχῆς
1395 3311 1428 3380 ή
1439 3309 1574 3379 μῶν,
1605 3313 1698 3364 καὶ
1726 3327 1850 3365 κατ-

266 3397 589 3468 ευθυνθῆναι
615 3398 821 3470 ταύτης
849 3399 1164 3472 διαϐήματα
1211 3401 1327 3455 ὁδὸν
1356 3403 1437 3467 εἰς
1463 3405 1688 3474 εἰρήνην
1729 3403 1850 3477 θείᾳ

267 3492 470 3562 χάριτι.
1272 3511 1276 3516 ·
1312 3500 1317 3505 ’

338 3586 525 3657 Κόρης
573 3585 633 3651 ἐξ
676 3586 937 3658 ἀνάνδρου
968 3586 1258 3658 προῆλθες,
1288 3587 1513 3660 Χριστὲ,
1545 3587 1849 3658 προσλαϐό-

272 3696 431 3747 μενος
479 3682 544 3734 ἐκ
585 3680 801 3751 ταύτης.
848 3681 1027 3751 σάρκα
1075 3680 1258 3732 ἔννουν
1307 3680 1404 3734 καὶ
1446 3680 1710 3750 ἔμψυχον,
1755 3682 1851 3734 καὶ

274 3770 490 3840 σταυρῷ
515 3787 606 3823 σου
624 3770 847 3841 Ἐχθρὸν
875 3768 1163 3838 ἀφανίσας,
1185 3770 1483 3838 φθαρεῖσαν
1509 3772 1615 3823 τῶν
1644 3770 1851 3841 βροτῶν

271 3863 368 3928 τὴν
408 3862 596 3913 οὐσίαν
626 3862 786 3914 πάλιν
820 3860 895 3923 ὡς
927 3860 1059 3922 Θεὸς
1091 3860 1397 3922 ἐκαίνισαςο
1442 3859 1523 3912 διὸ
1563 3860 1718 3926 δόξαν
1767 3878 1850 3914 σοι

271 3952 677 4024 προσφέρομεν.

537 4045 752 4114 Νόμων
787 4042 1075 4114 πατρῴων
1111 4048 1164 4100 οι
1196 4045 1578 4114 μακαριστοί.

340 4135 531 4203 Μέσης
556 4135 770 4206 ἡμέρας
804 4135 1209 4206 σταυρουμένου
1241 4152 1357 4201 σου,
1390 4136 1558 4206 μέσον
1604 4135 1701 4207 τῆς
1748 4138 1852 4207 γῆς

275 4226 525 4299 βουλήσει
574 4229 782 4297 κόσμου
831 4228 901 4281 τὰ
953 4229 1185 4299 πέρατα,
1221 4229 1386 4299 μέσου
1430 4229 1710 4301 φάρυγγος
1756 4231 1852 4284 τοῦ

275 4318 564 4389 δράκοντος
597 4308 935 4391 ἐξήρπασας,
973 4318 1282 4390 οίκτίρμον·
1313 4318 1393 4373 διὸ
1425 4321 1484 4373 ὲν
1520 4319 1658 4392 μέση
1692 4319 1855 4374 θείων

273 4411 526 4481 ἱόδομόιδι
569 4412 836 4483 νηστειῶν
881 4412 1316 4482 προσκυνοῦντες
1350 4412 1735 4485 κραυγάζομεν
1765 4412 1856 4467 τὸν

1943 1938 2125 2007 ipsum
2196 1951 2362 1991 exora
2423 1944 2482 1990 ut
2559 1937 2731 1990 solvet
2800 1936 3078 1989 civitatem
3149 1951 3213 1997 ac
3267 1938 3525 2008 populum

1942 2045 2127 2086 suum.
2664 2013 2671 2019 .
3137 2042 3144 2049 ’

2187 2118 2291 2187 Qui
2322 2118 2579 2175 Dominus
2601 2135 2654 2172 es
2688 2117 2922 2172 omnium
2954 2130 3001 2172 et
3036 2116 3281 2173 Creator.
3353 2132 3359 2137 ·
3518 2180 3523 2184 _

2014 2210 2117 2279 Qui
2156 2212 2416 2267 Dominus
2469 2228 2531 2268 es
2581 2212 2827 2266 omnium
2868 2220 2922 2266 et
2961 2210 3188 2266 Creator
3238 2210 3411 2275 Deus,
3472 2209 3527 2271 in

1944 2305 2125 2360 medio
2159 2315 2318 2359 terrae
2352 2320 2518 2359 cruce
2548 2292 2794 2359 elevatus
2839 2319 2940 2371 es;
3003 2304 3070 2365 ad
3134 2312 3185 2358 te
3246 2305 3529 2366 attrahens

1945 2398 2228 2454 hominum
2262 2415 2436 2470 genus
2483 2399 2725 2469 pessimo
2771 2397 2979 2452 inimici
3012 2397 3223 2466 lapsum
3255 2397 3532 2471 consitio;

1946 2495 2093 2549 unde
2120 2506 2170 2550 te
2204 2489 2438 2550 ﬁdeliter
2485 2495 2880 2566 gloriﬁcamus,
2919 2500 3013 2551 tua
3064 2482 3320 2562 passione
3341 2507 3531 2552 corro-
3578 2518 3585 2523 -
3682 2482 3685 2483 ⁷

1945 2588 2143 2643 borali.

2017 2678 2378 2735 Puriﬁcautes
2430 2693 2627 2740 sensus
2653 2676 2849 2749 jejunii
2885 2676 3113 2740 lumine,
3141 2675 3529 2746 spiritualibus

1947 2772 2131 2839 crucis
2185 2773 2379 2838 radiis,
2447 2771 2658 2835 ﬁdeles,
2715 2771 3098 2841 cupiosissime
3153 2770 3532 2841 illustremur;

1951 2865 2236 2939 ipsamque
2270 2874 2457 2936 aperte
2491 2866 2831 2937 propositam
2870 2864 3034 2918 hodie
3088 2864 3337 2918 videntes
3376 2861 3534 2934 puris

1949 2958 2111 3014 labiis
2150 2967 2203 3013 et
2235 2973 2330 3012 ore
2356 2966 2411 3012 et
2435 2958 2600 3012 corde
2628 2956 2947 3013 adoremus.

1873 3162 1918 3226 ο
2022 3154 2234 3217 Lucum
2260 3154 2350 3212 ubi
2375 3161 2645 3212 steterunt
2672 3153 2838 3223 pedes
2871 3151 3097 3217 Christi,
3128 3151 3367 3209 divinam
3398 3152 3535 3211 ado-

1958 3262 2141 3303 remus
2168 3263 2413 3309 crucem,
2441 3257 2665 3303 orantes
2700 3255 2758 3300 ut
2791 3254 2944 3315 petra
2981 3244 3185 3301 Christi
3240 3244 3532 3305 inundato-

1958 3352 2076 3392 rum
2113 3336 2398 3392 ﬁrmentur
2437 3336 2602 3407 pedes
2641 3337 2839 3390 anima:
2875 3343 3081 3391 nostrae
3108 3344 3166 3391 et
3219 3336 3536 3406 dirigantur

1955 3427 2077 3497 ejus
2105 3442 2329 3497 gressus
2362 3427 2413 3487 in
2445 3428 2531 3485 via
2556 3427 2711 3498 pacis
2740 3428 2927 3483 divina
2954 3429 3151 3499 gratia.

2029 3601 2105 3655 Ex
2130 3599 2356 3671 Virgine
2378 3598 2587 3669 absque
2628 3599 2746 3653 viro
2800 3595 3076 3668 prodiisti,
3125 3593 3363 3656 Christe,
3413 3605 3536 3646 car.

1958 3707 2085 3747 nem
2112 3707 2178 3746 ex
2209 3707 2273 3746 ea
2304 3690 2624 3760 suscipiens
2680 3696 2867 3743 mente
2895 3687 3187 3756 animaque
3228 3683 3533 3752 praeditam,

1957 3792 2012 3837 et
2039 3798 2204 3837 cruce
2244 3793 2333 3836 tua
2370 3784 2654 3836 inimicum
2685 3797 2716 3835 e
2744 3786 3046 3849 conspectu
3082 3776 3303 3837 tollens,
3349 3774 3534 3844 pcrdie

1959 3883 2066 3928 tam
2094 3874 2403 3928 mortalium
2437 3873 2805 3927 substantiam
2842 3879 2904 3925 ut
2958 3870 3105 3926 Deus
3156 3868 3478 3929 restaurasti
3515 3884 3534 3929 δ

1959 3982 2129 4039 quare
2163 3965 2258 4020 tibi
2283 3967 2514 4036 gloriam
2539 3962 2849 4018 oderimus.

2175 4055 2185 4073 ⁸
2372 4055 2572 4128 Legum
2605 4065 2955 4125 paternarum
2984 4052 3143 4108 beati.

2035 4148 2207 4204 Media
2238 4157 2294 4203 tu
2326 4148 2629 4203 cruciﬁxus
2667 4147 2779 4209 die,
2814 4146 2869 4199 in
2900 4144 3078 4201 medio
3107 4150 3288 4204 terrae,
3336 4139 3532 4203 mutuli

1962 4243 2229 4301 terminos
2265 4242 2550 4314 proposito
2583 4240 2873 4295 extraxisti
2911 4238 3181 4291 miserans
3219 4234 3287 4289 de
3318 4234 3537 4297 \meiliis

1963 4334 2219 4389 draconis
2252 4314 2507 4389 faucibus
2540 4348 2556 4388 :
2592 4345 2764 4403 quare
2804 4330 2859 4384 in
2896 4328 3071 4383 media
3107 4323 3419 4379 divinorum
3447 4323 3537 4393 je~

1962 4426 2243 4497 iuniorum
2272 4404 2617 4479 hebdomade
2662 4421 3035 4477 exclamamus
3066 4413 3362 4469 adorantes
3416 4426 3540 4479 prce

271 4507 454 4575 τίμιον
482 4505 712 4577 σταυρόν
744 4521 837 4558 σου
858 4521 871 4535 ο
908 4504 1013 4559 Τὸν
1044 4504 1248 4576 Κύριον
1282 4503 1456 4575 ὑμῶν,
1481 4505 1550 4559 τὰ
1572 4504 1728 4577 ἔργα,
1773 4504 1847 4558 εύ·

1972 4522 2163 4573 liosam
2210 4528 2430 4572 crucem
2489 4523 2636 4568 tuam
2680 4529 2695 4567 :
2738 4510 3022 4565 Dominqu
3053 4513 3325 4570 nostrum,
3353 4517 3542 4574 opera,

270 4597 481 4667 λογεῖτε
491 4635 506 4651 .

346 4689 538 4758 Χαρᾶς
586 4691 811 4759 σημεῖον
857 4688 1042 4755 ὅπλον,
1076 4688 1350 4761 ἄρρηκτον
1394 4690 1492 4760 τῆς
1534 4689 1858 4760 Ἐκκλησίας

277 4782 476 4851 τεῖχος,
537 4781 831 4851 μαρτύρων
877 4780 1167 4853 καύχημα,
1216 4781 1533 4835 ἀποστόλων
1582 4781 1860 4848 tuamo-

279 4887 456 4939 πισμα
476 4910 491 4936 ,
523 4871 821 4940 ἀρχιερέων
854 4871 1041 4935 σθένος
1074 4871 1456 4942 ὲνδυναμώσας
1497 4872 1595 4943 τὴν
1639 4872 1862 4941 ἐξασθε-

277 4963 473 5018 νοῦσὰν
512 4980 612 5034 μου
661 4962 839 5034 ψυχὴν
873 4968 1200 5035 προσκυνεῖν
1249 4980 1306 5017 σε
1354 4964 1612 5031 ἀξίωσον,
1662 4965 1861 5028 ὲνθέως

281 5056 620 5128 μελῳδοῦντα
644 5057 735 5109 τὸν
761 5057 984 5128 Κύριον.
1792 5048 1795 5055 ’

347 5149 541 5221 Θρηνῶ
571 5151 664 5203 καὶ
694 5149 865 5204 κλαίω
896 5152 991 5204 καὶ
1021 5150 1305 5223 ὀδύρομαι,
1330 5153 1405 5205 ὅτ’
1424 5151 1486 5205 ἂν
1508 5153 1587 5215 εἰς
1612 5150 1735 5205 νοῦν
1759 5168 1860 5221 μου

278 5237 427 5292 λάϐω
456 5239 516 5292 τὸ
545 5239 894 5310 δικαστήριον
921 5241 983 5294 τὸ
1009 5241 1325 5308 ἀδέκαστον,
1369 5242 1689 5321 μακρόθυμε
1712 5284 1727 5309 ,
1759 5261 1865 5296 καο

278 5332 539 5404 τάκριτος
573 5334 839 5406 ὑπάρχων
859 5350 874 5365 ·
923 5335 1003 5389 διό
1054 5353 1155 5406 μου
1187 5339 1390 5404 φεῖσαι,
1422 5338 1629 5391 καὶτὸν
1655 5338 1862 5398 ἐπικεί-

285 5442 446 5496 μενον
472 5427 650 5480 κλοιδν
694 5431 794 5498 τῆς
822 5428 999 5498 ψυχῆς
1029 5446 1130 5499 μου
1162 5430 1485 5501 ἑλάιρρυνον,
1523 5432 1605 5485 ῐνα
1657 5432 1862 5505 χαίρων

182 5597 185 5599 _
280 5519 581 5588 κραυγάζω
607 5535 619 5548 ·
651 5519 752 5572 Τὸν
798 5520 1004 5591 Κύριον
1035 5520 1208 5592 ὑμῶν,
1253 5524 1322 5575 τὰ
1363 5522 1521 5594 ἔργα,
1564 5525 1858 5594 εὐλογεῖτε.

276 5720 281 5725 '
356 5705 479 5760 Ἐσύ
490 5723 587 5759 που
615 5704 776 5793 βατός
808 5705 870 5759 τὸ
896 5707 1196 5776 μυστήριον
1224 5704 1318 5759 τοῦ
1346 5705 1488 5777 ὑπὲρ
1515 5705 1637 5758 νοῦν
1660 5721 1753 5758 σου
1776 5704 1863 5758 τόν

284 5813 424 5866 κου,
461 5799 610 5871 Κόρη
661 5798 1004 5869 πανάμωμε·
1053 5797 1128 5860 ὡς
1176 5795 1360 5866 ἐκείνη
1413 5799 1520 5867 γὰρ
1564 5795 1859 5866 διέμεινας,

1961 4610 2287 4667 benedicite.

2039 4701 2236 4757 Gaudii
2257 4699 2540 4762 vexillum,
2563 4695 2833 4750 infractus
2863 4690 3124 4747 Ecclesia:
3152 4702 3367 4751 murus,
3399 4701 3545 4740 mar-

1960 4804 2141 4868 tyrum
2180 4782 2457 4864 gloriatio,
2492 4789 2865 4860 apostolorum
2893 4780 3542 4852 decoratio,pontiﬁcum

1963 4886 2252 4948 fortitudo,
2284 4883 2583 4939 corrobora
2616 4881 2852 4934 animam
2884 4893 3058 4930 meam
3088 4877 3454 4936 deiicientem,
3490 4880 3544 4924 et

1963 4977 2187 5047 dignare
2204 4989 2290 5028 me
2312 4973 2544 5026 adorare
2569 4981 2620 5025 te
2651 4968 2837 5024 divino
2851 4966 3034 5020 amatu
3057 4962 3338 5035 psallendo
3363 4960 3543 5013 Domi-

1962 5081 2116 5121 num.
3053 5128 3057 5132 .

2036 5155 2335 5209 Latitentor
2360 5158 2414 5207 et
2448 5151 2603 5221 ploro
2655 5163 2723 5205 ac
2781 5147 2961 5218 lugeo,
3019 5159 3143 5198 cum
3180 5140 3246 5196 ad
3308 5148 3543 5193 mentem

1963 5261 2139 5301 meam
2166 5242 2314 5299 venit
2357 5242 2631 5311 judicium
2668 5239 3069 5306 incorruptum,
3105 5250 3137 5287 ο
3173 5229 3543 5299 longanimis;

1963 5338 2090 5407 quia
2137 5336 2430 5390 damnatus
2467 5348 2628 5399 sum;
2660 5337 2991 5400 quapmpter
3052 5327 3275 5393 ignosce
3306 5321 3434 5374 mihi
3492 5329 3545 5373 et

1966 5428 2245 5482 vinculum
2288 5424 2487 5479 animae
2539 5439 2671 5479 mea?
2703 5422 3021 5491 impositum
3051 5417 3234 5469 alleva
3301 5421 3359 5467 ut
3406 5426 3543 5480 gau.

1965 5521 2099 5575 deus
2127 5522 2359 5573 clamem
2406 5537 2420 5570 :
2460 5515 2746 5569 Dominum
2795 5519 3068 5574 nostrum,
3092 5521 3283 5577 Opera,
3318 5502 3544 5560 benedio

1965 5614 2095 5666 cite.

2037 5703 2333 5775 Figurabat
2369 5702 2539 5756 rubus
2577 5694 2900 5768 mysterium
2938 5691 3017 5747 lui
3074 5687 3317 5748 'menlem
3382 5703 3543 5746 exce-

1971 5797 2148 5853 dentis
2182 5805 2393 5867 purtus,
2441 5788 2601 5863 Virgo
2642 5784 3193 5859 irreprehcusibilis;
3247 5801 3372 5841 nam
3403 5784 3548 5841 sicut
