3986 6236
1524 198 1551 205 —

290 280 431 347 3877

1740 290 2152 353 TRlODlUM.

3426 298 3574 363 3878

294 390 631 464 στηλιτεύων
665 390 762 463 τῆν
810 391 1171 463 ἀναισθησίαν
1225 399 1360 466 paul
1398 397 1533 453 ἀλλὰ
1579 402 1763 469 φεῖσαι
1813 400 1864 453 ὣι

1993 404 2301 465 nifestabis.
2321 404 2560 472 Christe,
2586 404 2814 460 infamia
2847 420 3023 460 meam
3057 406 3312 465 duritiem
3340 424 3561 477 notans,

290 485 604 556 συμπαθὴς,
640 487 822 555 φεῖσαὶ
856 504 959 556 μου
991 488 1136 541 τότε.

362 670 591 724 Κόλπων
621 670 722 722 οὐκ
754 671 956 735 ἐκστάς
980 672 1088 726 τῶν
1119 673 1409 745 πατρῴων,
1441 678 1499 730 ἐν
1534 678 1756 743 κόλποις
1787 681 1879 735 ἀν-

286 748 508 834 εκλίθης
544 765 845 836 Παρθένου,
880 765 967 818 ἐπ’
992 766 1291 838 ἀνακλήσει
1318 768 1413 822 τοῦ
1439 770 1631 839 γένους
1659 765 1720 824 οὗ
1748 773 1876 843 ἑφό-

288 874 452 928 ρεσας
496 857 589 910 διὰ
637 858 955 930 σπλάγχνα,
989 859 1216 930 Χριστὲ,
1248 861 1312 915 τὸ
1338 862 1593 933 ὁμοίωμα
1617 880 1630 893 ’
1658 864 1782 919 ὅθεν
1817 883 1876 919 σε

287 950 588 1022 ὑμνοῦμεν.

785 1045 1064 1112 Φωτίζου,
1100 1047 1375 1117 φωτίζον.

353 1133 677 1207 Φαιδρύνου,
698 1138 960 1206 φωτίζου,
984 1140 1016 1209 ἡ
1046 1138 1347 1211 Ἐκκλησία
1370 1138 1465 1193 τοῦ
1491 1141 1750 1212 Χριστοῦ,
1778 1143 1873 1197 τοῦ

286 1227 519 1299 σταυροῦ
555 1230 677 1293 ταῖς
720 1230 959 1297 ἀκτῖσιν,
995 1230 1055 1284 ὃν
1100 1231 1294 1303 φέρεις
1343 1233 1708 1304 προκείμενον
1734 1236 1841 1289 πάι.

284 1336 393 1375 των
433 1323 515 1384 εἰς
550 1322 927 1393 προσκύνησιν
949 1339 963 1354 ο
1011 1324 1076 1377 σὺ
1109 1323 1165 1377 δὲ
1200 1324 1411 1395 πληθὺς
1443 1326 1593 1380 πᾶσα
1620 1326 1732 1381 τῶν
1758 1328 1872 1381 δαιι

287 1412 486 1481 μόνων,
520 1412 745 1476 σκότους
771 1412 1073 1484 πλησθεῖσα
1101 1415 1395 1487 άπόδραθι.

352 1504 572 1574 Κράτος
599 1506 929 1577 ἐγκρατείας
971 1508 1000 1560 ό
1037 1506 1180 1573 θεῖος
1215 1509 1429 1579 πέφυκε
1462 1514 1718 1584 σταυρὸς,
1748 1528 1871 1567 συν·

282 1598 442 1666 εργὸς
477 1597 1248 1670 ἁγρυπνούντων,νηστευτῶν
1269 1602 1564 1673 ὲνίσχυσις,
1598 1604 1871 1675 πολεμου-

284 1689 460 1759 μένων
493 1690 1069 1762 ὑπέρμαχοςτοῦτον,
1099 1695 1304 1761 πιστοὶ,
1322 1694 1472 1766 πόθῳ
1504 1696 1868 1762 συνελθόντες,

282 1782 599 1853 περιχαρῶς
631 1786 1124 1857 προσκυνήσωμεν.

350 1872 605 1944 Θεμέλιοι
631 1875 765 1930 Gaio:
787 1876 888 1946 τῆς
921 1876 1253 1949 Ἐκκλησίας
1280 1878 1374 1934 τοῦ
1403 1880 1643 1953 Χριστοῦ
1664 1923 1679 1947 ,
1711 1882 1870 1952 έδρα-

281 1970 403 2041 σμῷ
430 1971 733 2037 εὐσεϐείας,
761 1973 968 2037 πάντας
990 1976 1388 2044 συντηρήσατε,
1411 1976 1505 2027 καὶ
1530 1974 1624 2027 ἐπὶ
1661 1974 1869 2047 πέτραν

281 2060 571 2131 στηρίξατε
608 2062 710 2131 τὴν
743 2063 960 2134 ἀρραγῆ
993 2061 1087 2116 τοῦ
1119 2061 1484 2134 ἐκλεξαμένου
1516 2063 1660 2134 ὑμᾶς
1681 2104 1696 2130 ,
1730 2066 1867 2118 ἁπό-

279 2156 457 2209 στολοι
482 2155 706 2222 ἔνδοξοι.

348 2250 544 2321 Χαραν
578 2249 921 2304 συλλαϐοῦσα
948 2250 1041 2304 τοῦ
1082 2251 1429 2322 ἀρχαγγέλου
1458 2254 1527 2324 τῇ
1562 2255 1738 2325 φωνῇ,
1770 2254 1870 2325 τῆς

280 2343 421 2414 ἐμῆς
451 2342 546 2397 νῦν
578 2343 807 2414 καρδίας
834 2342 933 2415 τὴν
962 2342 1142 2414 λύπην
1176 2344 1440 2412 ἀφάνισον
1471 2344 1569 2416 τὴν
1597 2344 1871 2417 ψυχοφθό-

280 2448 395 2503 ρον,
410 2431 682 2499 καίδξδου,
700 2434 862 2502 ἁγνὴ,
875 2433 1167 2503 χαροποιὺν
1188 2432 1402 2499 πένθος,
1417 2433 1567 2499 ὅπως
1584 2434 1733 2507 εὕρω
1752 2437 1872 2488 ἐκεῖ

278 2524 375 2596 τὴν
406 2523 556 2578 θείαν
580 2524 841 2597 παράκλη
850 2542 956 2580 σιν.

574 2617 791 2685 Παῖδες
826 2618 1064 2689 εὐαγεῖς
1099 2619 1171 2673 ἐν
1207 2619 1283 2690 τῇ
1318 2621 1567 2690 καμίνῳ.

352 2705 533 2771 Πάθος
554 2724 649 2760 σου
676 2706 773 2759 τοῦ
800 2706 1048 2772 ἀπαθοῦς
1070 2707 1255 2779 δρῶσα
1279 2711 1312 2780 ἡ
1338 2710 1516 2774 κτίσις
1539 2712 1866 2783 συνέπασχε,

244 2832 249 2836 -
280 2797 636 2869 μακρόθυμεο
673 2797 828 2868 ἥλιος
868 2799 1158 2853 ἐσϐέννυτο
1179 2839 1195 2863 ,
1230 2800 1427 2872 πέτραι
1455 2802 1865 2875 διερρήγνυντο,

279 2889 432 2942 πᾶσα
483 2889 555 2960 γῆ
606 2888 816 2943 ἐσείετο
865 2889 1016 2963 φόϐῳ
1055 2892 1469 2964 κραυγάζουσω
1511 2894 1615 2947 Τὸν
1663 2895 1868 2966 Κύριον

279 2980 522 3050 ὑμνεῖτε,
556 2979 624 3035 τὰ
659 2980 817 3052 ἔργα.

349 3160 571 3232 Θηρίοις
600 3160 794 3226 δεινοῖς
824 3164 940 3227 τοῖς
966 3161 1063 3216 τοῦ
1093 3163 1366 3234 καλάμου,
1395 3163 1627 3219 Θεοτόκε
1657 3182 1760 3233 μου
1786 3168 1865 3219 oi-

278 3253 550 3325 κτίρμων,
582 3252 933 3323 ἐπιτίμησον,
955 3252 1104 3308 ἔνδον
1134 3271 1201 3322 με
1225 3252 1589 3320 συνθλίϐουσι,
1615 3256 1820 3327 Σῶτερ,
1839 3258 1867 3309 ὁ

277 3345 377 3415 τὴν
431 3345 626 3415 ἄτιμον
671 3344 990 3413 ύπενεγκὼν
1032 3345 1368 3417 τυπτόμενος
1407 3345 1565 3418 ὓϐριν
1608 3347 1862 3419 καλάμῳ,

252 3439 502 3515 Χριστὲ,
535 3439 765 3510 τιμῆσαι
818 3439 1183 3511 προελόμενος
1227 3439 1437 3504 πάντας
1491 3442 1619 3505 τοὺς
1661 3443 1864 3513 ἀτιμα-

280 3533 509 3597 σθέντας
539 3536 603 3604 τῇ
647 3532 815 3587 πάλαι
849 3532 1181 3604 παραϐάσει.

348 3626 441 3691 El;
469 3626 596 3680 νοῦν
612 3625 673 3679 τὸ
705 3625 934 3697 φρικτόν
957 3642 1052 3681 σου
1084 3628 1162 3680 ὅτ’
1183 3626 1251 3680 ἂν
1274 3627 1448 3694 λάϐω,
1472 3627 1639 3701 κριτὰ
1660 3628 1864 3681 δικαιό-

1980 496 2073 549 εειΙ
2123 499 2345 567 ignosce
2412 509 2672 568 tanquam
2726 500 3092 567 cotnpatieus,
3148 503 3368 571 ignosce
3434 506 3566 558 mihi

1983 595 2135 640 tunc.

2049 675 2287 734 Paterno
2324 695 2433 735 non
2464 681 2655 736 exiens
2698 681 2848 742 sinu,
2886 681 3131 751 Virginis
3163 684 3214 736 in
3246 685 3369 739 sinu
3404 701 3567 742 recu-

1979 766 2168 829 buisti,
2200 775 2259 822 ut
2296 785 2583 825 revocares
2615 785 2789 842 genus
2819 771 2984 839 cujus
3021 772 3440 830 similitudinem
3497 778 3569 831 ob

1978 859 2438 928 misericordiam,
2471 861 2712 925 Christe,
2749 864 3061 933 sumpsisti,
3103 865 3247 921 unde
3281 875 3333 922 te
3400 870 3561 938 Itym.

1977 950 2065 1006 nis
2098 953 2462 1009 celebramus.

2429 1045 2767 1112 Illuminare,
2809 1048 3139 1104 illuminare.

2047 1127 2375 1201 Respleude,
2418 1133 2755 1202 illuminare,
2814 1135 3060 1191 Ecclesia
3109 1135 3337 1201 Christi,
3379 1139 3567 1196 crucis

1977 1222 2148 1277 radiis
2178 1208 2340 1293 quam
2369 1227 2679 1296 expositam
2734 1227 2845 1283 fers
2904 1229 3149 1282 omnium
3204 1229 3559 1300 adorationi;

1977 1323 2032 1367 tu
2063 1330 2218 1379 vero,
2253 1318 2434 1373 omnis
2485 1319 2781 1375 multitudo
2834 1319 3146 1375 daemonum
3206 1323 3447 1380 tenebris
3478 1339 3563 1380 re-

1973 1405 2139 1476 pleta,
2176 1408 2428 1481 confuge.

2044 1499 2414 1557 Coutinentim
2449 1504 2637 1567 robur,
2694 1504 3038 1575 vigilantium
3093 1504 3355 1575 adiutrix,
3418 1508 3563 1577 jeju-

1971 1586 2222 1640 nantium
2251 1588 2604 1654 confortatio,
2635 1590 3027 1646 tlebellantium
3058 1595 3454 1663 propugnatrix
3478 1606 3564 1650 est

1971 1679 2156 1734 divina
2192 1695 2325 1735 crux
2365 1702 2378 1735 :
2419 1696 2563 1750 eam,
2590 1683 2801 1748 ﬁdeles,
2832 1686 3122 1740 desideriis
3172 1688 3563 1745 convenientes

1900 1766 1942 1821 Β
1971 1789 2093 1830 cum
2119 1776 2482 1832 exsultatione
2509 1778 2818 1832 adoremus.

2050 1864 2244 1920 Divina
2308 1865 2569 1921 Ecclesiae
2628 1868 2831 1923 Christi
2896 1868 3277 1936 fundamenta,
3340 1876 3560 1944 pietatis

1970 1956 2344 2009 stabilimeuto
2373 1972 2476 2012 nos
2503 1972 2694 2012 omnes
2726 1968 3072 2024 conservate,
3100 1969 3157 2015 et
3198 1977 3366 2033 super
3395 1966 3561 2020 inira-

1968 2055 2111 2103 ctam
2143 2049 2485 2104 consolidate
2526 2057 2736 2120 petram
2769 2051 2917 2106 illius
2953 2052 3044 2120 qui
3096 2068 3194 2138 vos
3232 2056 3412 2127 elegit,
3446 2059 3561 2129 glo-

1966 2139 2103 2194 riosi
2132 2141 2390 2209 apostoli.

2039 2225 2123 2281 Tu
2163 2242 2287 2297 qua:
2318 2227 2600 2298 gaudium,
2643 2228 2956 2300 archangeli
3019 2246 3172 2298 voce,
3225 2235 3559 2306 concepisti,

1969 2318 2126 2375 aufer
2156 2335 2305 2375 nunc
2335 2336 2624 2377 mterorem
2649 2322 2833 2377 cordis
2864 2322 2969 2377 mei
3010 2324 3205 2380 animae
3230 2340 3364 2381 meae
3398 2328 3542 2383 letba

1974 2409 2103 2478 lem,
2138 2420 2196 2466 et
2227 2410 2319 2475 da,
2355 2410 2673 2479 purissima,
2710 2410 2915 2464 luctum
2950 2411 3340 2481 laetiﬁcantem,
3371 2425 3431 2470 ut
3486 2416 3558 2471 ibi

1967 2499 2242 2559 inveniam
2276 2503 2516 2555 divinam
2554 2504 3016 2562 consolationem.

2393 2592 2580 2648 Sancti
2637 2595 2787 2663 pueri
2824 2596 2878 2649 in
2904 2596 3140 2665 fornace.

2040 2685 2235 2753 Tuam,
2288 2689 2380 2757 qui
2437 2688 2798 2757 illlpaSSlbliiS
2858 2706 2941 2757 es,
2993 2692 3305 2760 passionem
3367 2692 3559 2748 videns

1967 2780 2148 2835 omnis
2173 2788 2425 2834 creatura
2457 2795 2750 2849 compassa
2781 2790 2887 2847 est,
2941 2781 3273 2853 lbnganimis
3301 2800 3319 2851 ;
3351 2785 3559 2839 exstin-

1969 2884 2092 2926 ctus
2121 2877 2205 2925 est
2232 2870 2334 2933 sol,
2367 2879 2533 2939 petrw
2562 2870 2752 2926 scissa:
2784 2879 2933 2935 sunt,
2985 2874 3165 2928 omnis
3227 2883 3374 2927 terra
3434 2884 3551 2930 tre-

1970 2976 2122 3016 more
2150 2962 2484 3016 conturbata
2518 2970 2603 3017 cst
2643 2963 2890 3017 clamans
2924 2979 2941 3017 :
2976 2962 3266 3018 Dominum
3322 2964 3550 3022 benedi-

1970 3053 2098 3119 cite,
2132 3068 2319 3124 opera.

2039 3147 2198 3201 Diras
2238 3147 2457 3217 increpa
2510 3144 2657 3203 feras
2701 3147 3011 3215 arundinis,
3047 3148 3140 3204 Dei
3180 3150 3285 3205 mei
3335 3150 3558 3207 miseri-

1969 3255 2094 3295 cors
2123 3239 2327 3305 Mater;
2370 3242 2519 3297 intus
2550 3254 2638 3295 me
2678 3249 2985 3304 coarctaut,
3031 3242 3283 3297 Salvator
3310 3243 3554 3313 Christe,

1967 3333 2059 3404 qui
2128 3333 2550 3403 ignominiosam
2618 3333 2760 3389 iotus
2810 3335 3099 3390 arundinei
3166 3335 3554 3391 contumeliam

1967 3425 2265 3488 sustulisti,
2296 3425 2425 3495 quia
2468 3425 2834 3482 constitueras
2877 3440 3070 3483 omnes
3115 3426 3410 3483 horresmre
3456 3427 3556 3481 de-

1968 3520 2287 3574 honestatos
2322 3518 2547 3587 antiqua
2588 3517 3053 3586 transgressione.

2036 3609 2269 3676 Quando
2315 3609 2369 3662 iu
2421 3616 2602 3664 mente
2652 3608 2987 3662 horrendum
3041 3606 3555 3676 tuum,justissime

277 3734 428 3781 τατε,
463 3719 767 3788 κριτήρον,
796 3719 984 3787 τρέμω
1027 3719 1123 3770 καλ⁸
1159 3717 1472 3787 ἐξίσταμαι,
1514 3699 1732 3791 φρίττω
1766 3719 1861 3773 καὶ

1989 3702 2152 3760 udex,
2186 3703 2433 3772 concipis
2463 3700 2757 3771 judicium,
2788 3707 2966 3754 tremo
3004 3706 3059 3755 et
3091 3699 3385 3768 obswpeo,
3421 3699 3550 3753 hor-

277 3807 540 3879 ὀδύρομαι
561 3850 576 3873 ,
609 3807 890 3861 κατανοῶν
923 3809 991 3862 τὰ
1020 3807 1160 3879 ἔργα
1193 3826 1294 3879 μου
1324 3810 1481 3880 δίκης
1510 3810 1708 3876 ἐπάξια
1731 3828 1746 3841 ·
1781 3811 1861 3864 διό

1986 3809 2122 3848 'esco
2180 3802 2235 3847 et
2290 3794 2582 3857 lamentor,
2631 3806 2797 3861 opera
2854 3805 2973 3845 mea
3026 3791 3334 3860 recogitans
3385 3791 3549 3861 digna

278 3920 373 3957 σου
399 3904 498 3975 τὴν
526 3903 728 3975 πολλὴν
756 3903 1180 3975 εύσπλαγχνίαν,
1215 3904 1423 3977 Σῶτερ,
1461 3905 1538 3978 μὴ
1567 3907 1769 3979 νικήσῃ
1800 3906 1861 3959 τὸ

1986 3886 2200 3939 ἰιιιιὶσιει
2219 3900 2235 3949 ;
2254 3899 2425 3954 quare
2450 3883 2675 3937 multam
2703 3891 2850 3981 tuam
2879 3881 3340 3947 misericordiam,
3359 3880 3550 3938 Salva-

277 3994 481 4065 πλῆθος
510 3994 621 4047 τῶν
647 3992 835 4048 κακῶν
873 4011 996 4065 μου.
1432 3986 1441 3995 ”

1987 3993 2069 4040 or,
2112 3992 2179 4030 ne
2219 3976 2401 4029 vincat
2439 3973 3096 4029 multitudo'delietornm
3131 3990 3403 4030 meorum.

347 4084 595 4145 Τεκοῦσά
618 4072 684 4138 cs
709 4084 938 4139 ἄνευθεν
959 4084 1186 4152 ὠδίνων,
1205 4084 1398 4150 ὀδύνας
1424 4090 1491 4158 τῇ
1524 4089 1589 4159 σῇ
1613 4090 1859 4159 σταυρὼ-

2033 4072 2144 4142 Ego
2171 4086 2293 4140 quae
2333 4079 2387 4126 te
2420 4070 2632 4139 absque
2666 4070 2954 4126 doloribus
2988 4072 3174 4140 genui,
3207 4068 3425 4125 dolores
3457 4080 3549 4125 tua

277 4194 359 4232 σει
376 4176 811 4248 καθυφίσταμαι,
830 4177 1127 4247 φλέγοντας
1143 4178 1212 4232 τὰ
1229 4179 1515 4250 σπλάγχνα
1551 4197 1653 4250 μου
1669 4197 1683 4212 ·
1705 4180 1859 4250 ἥλοις

1986 4164 2322 4219 :rucilixione
2363 4163 2616 4219 sustineo
2662 4162 2874 4217 viscera
2920 4176 3038 4215 mea
3082 4168 3334 4226 urentes;
3376 4161 3548 4217 clavis

274 4269 386 4341 γὰρ
412 4269 760 4340 προσηλῶσαι
805 4268 903 4341 τὴν
951 4268 1050 4341 σὴν
1094 4270 1355 4342 πλευρὰν,
1392 4271 1736 4343 μακρόθυμε,
1770 4272 1858 4340 ἑξ-

1986 4256 2104 4310 :nim
2152 4256 2324 4310 latere
2375 4263 2469 4309 tuo
2514 4255 2816 4309 transfixus
2867 4260 2923 4309 et
2979 4251 3296 4321 perfossus,
3353 4254 3546 4322 longa-

271 4362 654 4434 ορυττόμενος,
704 4362 738 4431 ἡ
791 4362 1068 4430 πάναγνος
1110 4360 1240 4415 ἐϐόα
1294 4363 1605 4435 Παρθένος·
1656 4364 1723 4436 ῆν
1779 4365 1856 4431 ὡς

1986 4352 2148 4416 uinis,
2182 4350 2526 4405 exclamabat
2578 4347 2892 4405 castissima
2945 4344 3133 4417 Virgo,
3175 4360 3338 4417 quam
3393 4346 3546 4399 voci—

271 4454 553 4519 Θεοτόκον,
585 4452 892 4524 συμφώνως
920 4451 1287 4524 άνυμνοῦμεν.

1986 4460 2066 4519 ius
2121 4443 2380 4499 consonis
2443 4450 2705 4513 tanquam
2763 4438 2859 4495 Dei
2915 4438 3143 4493 Matrem
3201 4437 3545 4494 celebramus

1960 4534 2200 4606 hymnis.

2244 4625 2431 4681 Omnis
2466 4626 2732 4696 terrigena
2771 4626 3004 4681 exsultet
3034 4625 3249 4695 spiritu.
3586 4693 3594 4716 ‘

2031 4715 2206 4788 Ligno
2239 4718 2423 4773 crucis
2468 4716 2679 4788 peccati
2723 4716 3000 4772 ﬂammam
3047 4717 3309 4787 languere
3339 4718 3539 4784 fecisti,

1954 4800 2210 4877 Christe;
2264 4811 2521 4866 manibus
2559 4826 2692 4866 vero
2722 4810 3087 4877 transfossus,
3122 4812 3192 4867 de
3231 4826 3397 4867 manu
3432 4814 3540 4868 ini-

1956 4905 2109 4991 mici.
2127 4919 2253 4959 eum
2308 4902 2554 4959 liberasti
2585 4903 2679 4972 qui
2716 4903 3123 4959 incontinenter
3157 4920 3378 4959 manum
3440 4921 3538 4960 ex-

1956 4999 2210 5052 tenderat
2244 4996 2308 5051 ad
2351 4994 2592 5051 fructum
2630 4996 3110 5063 manducandum;
3162 4997 3321 5067 cujus
3367 4999 3538 5054 solius

1954 5087 2432 5160 participationem
2483 5087 2661 5145 vitare
2707 5089 2861 5146 visus
2908 5104 2992 5155 es,
3028 5087 3251 5144 Christe
3306 5089 3536 5143 multum

1952 5182 2291 5239 misericors.

2022 5276 2344 5333 Passionem
2385 5283 2560 5343 tuam,
2591 5275 2830 5340 Christe,
2865 5290 2929 5329 ex
2977 5289 3083 5343 qua
3115 5272 3374 5327 omnibus
3412 5286 3534 5327 sca-

415 4631 602 4697 Ἄπαξ
635 4630 896 4702 γηγενὴς
939 4629 1234 4699 σκιρτάτω
1271 4631 1353 4697 τῷ
1392 4633 1711 4703 Πνεύματι.

341 4724 494 4797 Ξύλῳ
517 4725 613 4779 τοῦ
641 4726 874 4797 σταυροῦ
903 4726 1004 4796 τὴν
1036 4726 1212 4796 φλόγα
1240 4726 1522 4798 ὲμάρανας
1548 4718 1644 4797 τῆς
1672 4728 1854 4798 ἀμαρ-

271 4817 414 4882 τίας,
447 4818 683 4889 Χριστέο
717 4821 906 4890 χεῖρας
949 4821 1301 4891 πεπαρμένος
1333 4818 1391 4873 δὲ
1425 4819 1605 4889 χειρὸς
1636 4820 1854 4892 ἑρῤύσω

270 4908 366 4964 τοῦ
392 4909 762 4980 πολεμήτορος
783 4909 872 4962 τόν
887 4909 1142 4980 ἀκρατῶς
1166 4909 1487 4964 ἐκτείναντα
1503 4912 1693 4980 χεῖρας
1715 4912 1852 4981 πρὸς

271 5001 477 5073 βρῶσιν
504 4999 743 5072 καρποῦ·
782 4992 953 5073 οὗπερ
985 5001 1148 5072 μόνου
1176 5000 1401 5071 φεύγειν
1427 5002 1526 5072 τὴν
1551 5002 1853 5074 μετάληψιν

266 5096 555 5170 ἀπεφήνω,
581 5092 785 5166 Χριστὲ
812 5093 1085 5150 πολυέλεε.

339 5276 518 5341 naso;
545 5293 662 5341 σου,
688 5276 914 5348 Χριστὲ,
943 5275 1004 5329 τὸ
1028 5276 1196 5331 πᾶσιν
1216 5275 1487 5331 ἀπάθειαν
1512 5275 1722 5349 βροτοῖς
1745 5295 1850 5349 πη-

268 5370 444 5441 γάσαν
472 5370 714 5442 φαιδρῶς
744 5369 937 5441 βλέψαι
967 5370 1305 5436 καταξίωσον
1341 5373 1402 5424 ὲν
1439 5371 1677 5442 ἀπαθείᾳ
1720 5373 1848 5436 τοὺς

166 5462 169 5467 ’
270 5463 713 5537 προσκυνοῦντας
759 5462 968 5527 πιστῶς
1006 5463 1099 5517 τὸν
1141 5464 1233 5519 σὸν
1265 5466 1498 5535 σταυρὸν
1527 5467 1617 5521 τὸν
1642 5468 1844 5537 τίμιον,

266 5559 368 5622 τὰς
408 5557 680 5629 ἁμαρτίας
707 5555 863 5627 ἡμῶν
897 5556 1288 5627 παραϐλέπων,
1319 5559 1416 5611 καὶ
1462 5560 1561 5630 τῆς
1607 5558 1844 5614 ἀναστά-

262 5666 406 5714 σεως
431 5650 650 5722 ἀληθεῖς
679 5666 770 5703 σου
800 5649 946 5714 υἱοὺς
972 5649 1362 5721 ἐργαζόμενος.
1396 5692 1423 5719 ,

1949 5367 2084 5423 tttrit
2128 5367 2543 5437 impassibilitas
2592 5366 2936 5428 mortalibus,
2988 5365 3216 5435 dignare
3265 5378 3363 5418 nos
3415 5362 3532 5415 ala-

1947 5463 2119 5517 criter
2173 5471 2227 5517 et
2287 5462 2564 5532 passionis
2614 5470 2866 5531 expertes
2915 5460 3123 5525 videre,
3165 5459 3257 5528 qui
3305 5456 3535 5511 fideliter

1949 5561 2098 5607 tuam
2135 5553 2428 5623 pretiosam
2466 5552 2760 5607 a‘doramus
2796 5566 3015 5607 crucem
3050 5569 3062 5604 :
3091 5559 3311 5620 peccata
3344 5555 3531 5601 nostra

1947 5646 2159 5701 scilicet
2196 5646 2306 5698 noli
2344 5645 2697 5699 considerare
2735 5654 2788 5699 et
2832 5658 2990 5698 veros
3030 5651 3135 5697 tum
3175 5639 3532 5698 resurrectio-

1866 5775 1869 5778 ‹
1947 5737 2033 5792 nis
2069 5736 2213 5793 ﬁlios
2247 5752 2346 5792 nos
2378 5736 2548 5792 efiice.
