3986 6236
489 312 632 377 3870

566 425 775 494 Lapsos
817 435 916 475 nos
955 419 1009 473 in
1046 418 1365 473 barathrum
1406 418 1737 473 exaltatione
1785 429 1876 472 tua
1919 416 2068 470 exal-
2099 422 2141 473 Α

489 517 646 584 tasti,
690 515 895 571 bellum
956 512 1188 572 solvisti.
1238 522 1290 566 et
1330 509 1476 564 Patri
1532 520 1624 564 tuo
1676 525 1775 565 nos
1822 510 2067 562 reconci-

495 611 663 673 liasti,
696 606 1019 675 sanguinem
1073 615 1166 658 tuo
1217 618 1314 674 pro
1366 604 1522 656 nobis
1555 601 1862 665 eiTundens,
1903 601 2070 654 bene-

492 704 699 766 I'actor;
740 699 890 754 unde
937 708 989 752 te
1031 698 1400 767 gloriﬁcamus
1451 704 1509 749 ut
1558 693 1723 749 Deum
1760 693 2067 747 animarum
2118 734 2123 737 .

494 804 809 848 nostrarum
847 788 1297 857 Redemptoretn,

563 885 695 951 Quae
719 886 833 936 sola
862 883 953 936 Dei
984 879 1322 950 Sapientiam
1366 877 1767 949 hypostalicam
1811 877 2070 948 genuisti,

497 976 581 1030 l'ac
617 992 701 1030 me
743 976 1067 1043 sapientem,
1102 986 1309 1040 quzeso,
1347 978 1411 1023 ut
1457 970 1638 1022 callidi
1689 970 1893 1023 malitia
1940 972 2072 1025 arti-

497 1069 615 1121 ﬁcis
668 1067 899 1120 insidias
953 1074 1005 1119 et
1034 1067 1270 1133 impetus
1314 1071 1368 1117 et
1416 1065 1570 1116 doles
1607 1062 1882 1129 cﬂ‘ugiam,
1913 1062 2075 1134 Virgo

499 1160 591 1215 Dei
621 1158 793 1213 Mater
829 1158 1080 1224 innupta,
1117 1155 1357 1208 validum
1394 1153 1633 1206 fidelium
1673 1153 1967 1223 refugium.

504 1229 511 1237 ’
1056 1244 1123 1299 1η
1165 1244 1352 1315 pelago
1387 1247 1529 1299 vitaz.

571 1338 801 1394 Limites
839 1336 1027 1391 carnis
1067 1336 1408 1406 supergressi
1447 1336 1598 1400 cStis,
1638 1334 1875 1399 athletae,
1912 1334 2080 1387 multa

1341 307 1403 367 S.
1444 302 1860 367 SOPHRONII
1902 298 2411 362 PATRIARCHzE
2443 296 2849 360 HIEROSOL.

3622 284 3756 347 38°0

2245 412 2507 482 ’Υψωσας
2536 410 2683 479 ἡμᾶς
2712 408 2971 467 πεσόντας
3004 404 3081 466 είς
3108 402 3362 474 βάραθρα
3391 402 3455 469 τῇ
3484 399 3759 468 ἀνυιξιὼσει

2173 522 2267 557 σου
2290 520 2302 532 ·
2350 503 2547 563 ἔλυσας
2594 501 2688 552 τὸν
2739 498 2999 568 πόλεμον,
3038 499 3130 549 καί
3161 494 3240 564 τῷ
3276 494 3450 563 Πατρί
3480 508 3585 544 σου
3621 493 3761 561 ἡμᾶς

2171 594 2535 666 κατήλλαξας·
2557 593 2697 663 ὑπὲρ
2718 590 2875 661 ὴμῶν
2902 589 2963 641 τὸ
2987 582 3126 658 αἷμά
3149 603 3242 639 σου
3266 583 3762 653 καταϐαλλόμενος,

2174 687 2457 756 εὐεργέται·
2486 684 2610 738 ὅθεν
2639 700 2697 736 σε
2726 679 3043 749 δοξάζομεν,
3075 678 3151 741 ὼς
3174 676 3305 730 Θεὸν
3333 675 3637 747 Λυτρωτὴν
3662 675 3766 727 τῶν

2175 778 2363 849 ψυχῶν
2394 780 2427 849 ἡ
2435 777 2570 849 μῶν.

2249 874 2402 941 Μόνη
2429 871 2525 925 τοῦ
2553 868 2690 923 Θεοῦ
2725 868 2924 936 Σοφίαν
2957 866 3211 935 κυήσασα
3244 862 3343 931 τὴν
3368 858 3766 923 ἐνυπόστατον,

2180 964 2397 1035 σόφισόν
2423 962 2736 1035 μεςδέομαι,
2754 958 2847 1011 τοῦ
2864 958 2961 1026 τῆς
2987 954 3184 1018 κακίας
3201 954 3482 1021 διαφυγεῖν
3504 951 3763 1021 σοφιστοῦ

2180 1057 2438 1120 ἐπιϐολὰς
2488 1059 2584 1109 καὶ
2614 1053 2814 1124 ἑνεδρα
2848 1053 2943 1103 ml.
2979 1045 3479 1117 πανουργεύματα,
3532 1043 3769 1096 Θεοτὸκι

2181 1154 2331 1225 Κόρη
2350 1150 2713 1221 ἀπειρόγαμε,
2749 1145 3007 1217 κραταιὸν
3036 1142 3144 1194 τῶν
3178 1138 3383 1192 πιστῶν
3403 1137 3767 1207 καταφύτων.

2612 1242 2712 1293 Ἐν
2745 1236 2991 1304 πελάγει
3028 1232 3136 1286 τοῦ
3169 1232 3342 1296 βίου.

2262 1333 2597 1408 ’Υπερέὄητε
2615 1335 2772 1403 ὅρους
2797 1329 3022 1400 σαρκὸς,
3057 1326 3310 1395 ἀθληταὶ,
3326 1322 3496 1394 πολλῇ
3523 1322 3768 1392 ὑπομονῇ

500 1432 761 1502 patientia
826 1428 1224 1497 suppliciorum
1294 1425 1519 1507 ferendo
1583 1426 1841 1490 dolores;
1912 1439 2083 1494 quare

2203 1432 2574 1498 ὅπενεγκόντες
2595 1424 2866 1497 τιμωρίας
2894 1421 3087 1481 πόνους
3106 1433 3119 1448 '
3148 1419 3230 1471 διὸ
3251 1419 3466 1472 ἅπαντα
3488 1416 3661 1471 πόνον
3683 1415 3772 1469 καὶ

499 1538 716 1578 omnem
738 1519 996 1574 dolorem
1033 1526 1086 1572 et
1114 1518 1443 1571 anxietatem
1475 1518 1662 1569 eorum
1696 1515 1949 1569 alleviate
1988 1512 2081 1583 qui

2203 1523 2369 1594 )λίψιν
2399 1520 2686 1590 κουφίζετε
2715 1517 2827 1570 τῶν
2852 1514 2992 1585 ὑμᾶς
3025 1509 3566 1582 ἀνυμνολογούντων.

501 1631 598 1667 vos
624 1611 846 1684 hymnis
878 1610 1183 1663 celebrant.

569 1702 1018 1761 Multitudinihus
1067 1702 1384 1771 angelorum
1438 1699 1693 1754 admotus
1738 1708 1821 1755 est
1861 1707 2086 1755 sancto-

2257 1703 2528 1773 Μυριάσιν
2560 1699 2804 1770 ἀγγέλων
2832 1695 3061 1768 στρατὸς
3092 1690 3275 1765 ήνώθη
3308 1689 3479 1758 ἁγίων
3502 1684 3768 1756 ἀθλητῶν.

503 1816 624 1853 rum
701 1797 1029 1850 athletarum
1103 1795 1414 1857 exercitus,
1467 1799 1521 1846 et
1575 1793 1839 1863 optimum
1896 1801 2086 1846 exorat

2203 1797 2284 1848 ιιαὶ
2314 1768 2546 1847 ἱκετεύει
2574 1768 2666 1844 τδν
2697 1787 3012 1856 πανάγαθον
3054 1785 3210 1846 Θεὸν,
3252 1779 3625 1850 ἐγκλημάτων
3673 1793 3770 1846 μυ·-

506 1890 674 1944 Deum
711 1898 769 1941 ut
797 1883 1193 1940 amultitudine
1218 1893 1561 1954 peccatorum
1599 1884 1954 1951 redimantur,
1986 1886 2085 1940 hac

2203 1888 2321 1957 οίων
2346 1888 2495 1958 ἡμᾶς
2523 1881 3002 1952 ἑκλυτρώσασοαι,
3034 1875 3259 1948 ἡμερῶν
3288 1869 3765 1943 τεσσαρακοντάδι.

503 1982 714 2035 dierum
756 1977 1202 2048 quadragesima.

574 2071 702 2126 Neci
757 2073 917 2125 datus
967 2077 1022 2121 et
1080 2067 1132 2121 in
1191 2067 1433 2130 tumulo,
1487 2066 1728 2135 Christe,
1780 2066 2083 2134 dormiens,

505 2162 785 2221 suscitasti
844 2169 1096 2215 mortuos
1150 2168 1204 2212 et
1259 2160 1492 2213 mortuis
1541 2160 1593 2212 in
1647 2159 1774 2227 ﬁde,
1823 2159 2088 2215 bonitatis

505 2268 613 2312 tua:
644 2255 875 2319 divitiis,
908 2254 1153 2323 requiem
1190 2253 1413 2319 tribuis,
1444 2252 1720 2319 Salvator,
1751 2271 1873 2309 eum
1906 2255 2089 2311 omni-

509 2349 611 2404 bus
645 2349 855 2403 sanctis
890 2347 1026 2402 tuis.

578 2439 724 2495 Deus
783 2438 876 2493 Dei
933 2436 1197 2503 Verbum,
1238 2438 1497 2493 deiﬁcare
1549 2439 1823 2497 hominem
1881 2441 2088 2509 volens,

509 2546 576 2588 ex
612 2541 664 2587 te
704 2532 1048 2592 incernatur,
1092 2531 1427 2593 castissima,
1458 2541 1513 2584 et
1548 2535 1799 2587 mortalis
1841 2534 2089 2601 videtur;

511 2637 674 2691 quem
708 2621 1084 2675 indesinenter
1114 2620 1344 2675 obsecra
1380 2630 1437 2675 ut
1483 2622 1826 2680 inveniamus
1875 2629 2092 2682 mist-ri-

516 2715 761 2771 cordiam
793 2714 849 2768 in
886 2725 1133 2791 tempore
1160 2712 1516 2770 defensionis.

1095 2803 1328 2875 Imagini
1366 2822 1561 2861 aurem.

581 2896 628 2956 0
651 2915 746 2954 vos
774 2898 1009 2961 athletae,
1031 2900 1123 2968 qui
1152 2899 1566 2968 corruptibilem
1597 2915 1816 2955 carnem
1847 2903 2095 2959 exuendo

512 2988 1086 3059 iucorruptibilitatetn
1147 2989 1336 3042 divino
1409 3004 1636 3042 munere
1690 2990 1968 3053 induistis,
2019 2993 2094 3046 illi

512 3082 608 3153 qui
678 3088 902 3148 promer
961 3094 1062 3132 nos
1115 3089 1335 3132 carnem
1390 3093 1454 3131 ex
1495 3079 1814 3150 incorrupta
1869 3081 2095 3136 muiicre

516 3176 758 3244 suscepit
793 3188 940 3227 nunc
975 3175 1186 3227 alacres
1217 3174 1515 3238 assistitis;
1553 3188 1725 3243 quare
1770 3187 1856 3227 me
1893 3173 2093 3227 vestitu

517 3274 712 3321 sant-to
749 3263 961 3318 induite
996 3264 1088 3333 qui
1126 3264 1372 3334 improbe
1406 3266 1642 3319 nudatus
1672 3280 1815 3318 sum.

590 3358 879 3414 Victorum
936 3373 1091 3429 gens,
1126 3358 1220 3425 qui
1273 3373 1371 3411 vos
1425 3359 1771 3412 continenter
1822 3358 2095 3428 gessistis,

519 3457 582 3505 ut
629 3448 983 3503 continentiae
1022 3447 1259 3502 stadium
1313 3448 1432 3502 sine
1476 3448 1762 3503 obstacqu
1803 3463 2094 3518 percurra-

518 3558 642 3597 mus
693 3556 794 3596 nos
836 3540 1221 3605 corroborate,
1258 3539 1528 3610 siquidem
1562 3540 1841 3596 Christum
1883 3541 1936 3595 in
1983 3550 2097 3597 sta-

518 3633 611 3688 dio
674 3631 910 3686 viriliter
981 3631 1324 3701 praedicastis
1384 3639 1439 3686 et
1505 3633 1764 3687 tribunali
1839 3634 2098 3689 assistitis

518 3735 756 3776 coronas
786 3728 1068 3791 gestantes
1121 3721 1174 3774 in
1232 3721 1439 3776 lumine
1471 3736 1594 3775 cum
1630 3722 1838 3791 angelis
1870 3722 2096 3778 Christi.

594 3817 695 3869 Per
719 3814 1152 3885 supplicationes
1177 3819 1396 3867 tuorum
1425 3821 1740 3868 sanctorum
1771 3823 2097 3885 martyrum,

521 3909 691 3968 Deus.
725 3910 912 3964 ﬁdeles
947 3924 1138 3963 servos
1169 3917 1296 3962 tuos
1328 3908 1661 3963 dormientes
1684 3909 1923 3978 paradisi
1951 3910 2101 3964 cives

521 4008 577 4057 et
626 4001 891 4071 spiritalis
920 3999 1148 4055 luminis
1188 4001 1447 4067 ostende;
1476 4000 1705 4071 dignare
1734 4001 1858 4057 illos
1892 4000 2101 4056 indesi-

526 4104 724 4147 nenter
757 4092 854 4146 tibi
888 4093 1169 4147 clamare:
1199 4090 1529 4148 Benedictus
1564 4091 1727 4147 Deus.

594 4183 673 4263 Te
739 4183 910 4239 s'olam
969 4183 1166 4237 bonam
1226 4183 1618 4247 obsecramus,
1672 4181 1838 4254 Virgo
1876 4201 1891 4237 :
1929 4185 2102 4240 malos

524 4292 625 4331 nos
656 4276 827 4328 factos
859 4275 1009 4329 eﬂice
1040 4275 1236 4337 honos,
1265 4283 1319 4329 et
1355 4276 1516 4330 enixe
1555 4276 1837 4330 Christum
1873 4277 2101 4331 obsecra

525 4379 721 4422 natura
774 4380 873 4420 sua
923 4367 1150 4431 bonum,
1200 4373 1262 4419 ut
1307 4367 1659 4421 continentia:
1703 4376 1916 4437 tempus
1960 4369 2101 4424 bona

525 4457 802 4530 sperando
832 4458 1182 4528 impleamus,
1215 4460 1366 4515 illum
1395 4461 1738 4518 celebrantes
1765 4461 2005 4534 hymnis.

1046 4634 1107 4690 1η
1139 4636 1478 4704 ﬂammarum
1510 4639 1643 4709 igne.

597 4722 852 4777 Celebres
915 4731 972 4777 et
1030 4727 1373 4782 venerabiles
1432 4728 1636 4783 Christi
1699 4728 1794 4783 Dei
1851 4729 2101 4795 athletae,

525 4826 718 4867 Omnes
748 4812 949 4867 debitis
986 4812 1282 4881 implicitos
1312 4816 1405 4884 qni
1440 4830 1535 4869 vos
1564 4816 1865 4885 praedicant
1893 4817 2105 4885 magnis

527 4906 853 4960 criminibus
895 4913 949 4962 et
994 4905 1191 4960 inferni
1235 4908 1522 4962 tormentis
1566 4908 1813 4976 liberate,
1855 4910 2107 4964 maximis

526 4997 728 5052 vestris
768 4997 833 5057 ad
875 4997 1055 5065 ipsum
1086 4997 1606 5067 supplicationibus.

599 5089 802 5144 Sancte
831 5090 1040 5144 electus
1070 5096 1125 5142 et
1156 5104 1284 5144 vere
1315 5090 1530 5146 validus
1568 5092 1774 5148 Christi
1816 5091 1911 5149 Dei
1945 5108 2103 5149 exoro

528 5179 688 5243 citus,
724 5190 1026 5250 martyrum
1064 5178 1245 5243 turba,
1290 5187 1530 5234 mentem
1575 5191 1819 5236 nostram
1850 5192 1906 5238 et
1936 5183 2104 5237 corda

526 5268 867 5325 sattctiiieate
904 5270 958 5322 in
1002 5269 1087 5323 his
1130 5271 1338 5325 sanctis
1372 5270 1573 5341 jejunii
1619 5274 1835 5343 diebus,
1878 5293 1974 5348 per
2014 5294 2105 5333 ve-

526 5372 672 5418 stras
704 5369 927 5414 sanctas
959 5360 1414 5429 supplicationes.

597 5451 828 5509 Flueuta
857 5452 1199 5507 remissionis
1244 5453 1534 5509 eﬂundunt
1576 5457 1902 5513 mirabiliter
1933 5460 2106 5516 vestri

524 5544 817 5613 sanguinis
853 5551 1020 5613 guttae
1057 5554 1112 5600 et
1151 5546 1507 5616 reliquiarum
1532 5550 1806 5617 sepulcra,
1838 5550 2054 5611 athleta:
2088 5568 2103 5606 ι

526 5649 714 5704 quare
749 5637 1014 5708 migrates
1056 5637 1265 5717 ﬂuento
1314 5640 1712 5696 misericordiae
1750 5641 1974 5714 irrigato
2008 5658 2107 5715 per

531 5726 979 5785 intercessionem
1014 5739 1281 5797 vestram,
1312 5731 1519 5789 Christi
1554 5734 1891 5791 coheredes.

2257 2063 2574 2137 Νεκρωθεὶς
2602 2062 2698 2115 καὶ
2727 2062 2786 2119 ὲν
2807 2060 2982 2129 τάφῳ,
3002 2055 3225 2128 Χριστὲ,
3244 2052 3526 2117 ὑπνώσας,
3546 2052 3768 2121 ἀνέστη-

2190 2177 2287 2223 σας
2316 2157 2543 2228 νεκρούς
2559 2172 2573 2187 ·
2598 2155 2692 2209 καὶ
2720 2155 2832 2216 τοῖς
2857 2153 2915 2205 ἐν
2937 2150 3119 2203 πίστει
3147 2147 3404 2200 τεθνεῶσι
3426 2147 3619 2216 νέμεις
3642 2146 3767 2209 dra.-

2188 2256 2411 2324 θότητος
2445 2249 2917 2319 πλούτῳςΣώτερ,
2950 2243 3048 2314 τὴν
3080 2241 3387 2295 ἀνάπαυσιν
3407 2280 3423 2305 ,
3454 2237 3599 2309 μετὰ
3644 2238 3768 2292 πάν-

2186 2365 2295 2401 των
2323 2345 2430 2399 τῶν
2464 2345 2572 2397 σῶν
2602 2342 2794 2410 ἁγίων.

2271 2441 2331 2493 '0
2356 2436 2493 2491 Θεοῦ
2520 2408 2660 2499 Θεὸς
2687 2434 2857 2502 Λόγος
2892 2430 3072 2501 ζητῶν
3113 2427 3315 2482 θεῶσαι
3346 2424 3437 2480 τὸν
3464 2408 3763 2492 ἄνθρωπον,

2193 2532 2356 2601 ἁγνὴ,
2392 2533 2455 2583 ἐκ
2478 2528 2571 2582 σοῦ
2608 2525 2905 2598 σαρκοῦται
2927 2523 3023 2577 καλ⁵
3054 2519 3241 2591 βροτὸς
3265 2519 3479 2587 ὁρᾶται·
3508 2516 3573 2569 ὃν
3600 2512 3765 2568 ἀπαύ-

2193 2641 2333 2686 στως
2401 2620 2639 2675 δυσὼπει
2693 2618 2881 2689 εὑρεῖν
2943 2615 3090 2686 ἡμᾶς
3141 2612 3291 2676 tuo;
3333 2610 3394 2663 ἐν
3455 2602 3764 2680 καιρῷτῆς

2190 2714 2508 2783 ἀπολογίας.

2650 2806 2729 2874 Τῇ
2769 2804 2957 2860 εικόνι
2995 2800 3070 2870 τῇ
3107 2797 3332 2870 χρυσῇ.

2265 2902 2663 2965 Στολισθέντες,
2697 2897 2955 2967 ἀθληταὶ,
2984 2895 3082 2964 τὴν
3124 2891 3434 2963 ἀφθαρσίαν
3480 2887 3679 2949 ὲνθέως
3706 2886 3760 2952 τῇ

2193 2996 2489 3050 ἀπεκδύσει
2508 2995 2606 3065 τῆς
2636 2989 2998 3061 φθειρομένης
3016 2984 3242 3055 σαρκὸς,
3261 2981 3338 3052 τῷ
3354 2982 3583 3050 δι’ἡμίς
3601 2977 3764 3048 σάρκα

2199 3089 2256 3156 ἐξ
2301 3088 2538 3158 ἀφθόρου
2601 3082 2962 3156 προσλαϐόντι
2990 3077 3279 3146 γυναικδς,
3314 3075 3409 3128 νῦν
3441 3068 3762 3146 παρίστασθι

2198 3181 2452 3251 φαιδρὸψ
2486 3178 2565 3230 διό
2599 3195 2665 3248 με
2690 3175 2946 3229 ἐνδύσατε
2972 3168 3270 3242 περιϐολὴν
3295 3166 3465 3239 ἱερὰν,
3496 3177 3763 3235 γεγυμνω·

2202 3274 2359 3346 μένον
2391 3271 2599 3333 κακῶς.
2717 3345 2720 3346 ν
3151 3262 3157 3269 ’
3354 3297 3358 3301 -

2268 3354 2584 3435 Ἐγκρατῶς
2633 3345 2990 3422 πολιτευθεὶς,
3023 3357 3129 3411 τῶν
3175 3350 3489 3423 ἀθλοφόρων
3532 3353 3562 3405 ὁ
3591 3348 3760 3417 δῆμος.

2196 3455 2296 3525 τῆς
2328 3452 2656 3523 ἐγκρατείας
2690 3452 2836 3522 ἡμᾶς
2865 3449 2926 3502 τὸ
2956 3447 3169 3502 στάδιον
3215 3441 3521 3510 ἐνδυναμοῦ
3571 3440 3762 3509 τρέχειν

2198 3545 2514 3609 ἀκωλύτως,
2549 3544 2625 3607 ὡς
2663 3543 2908 3613 κηρύξας
2959 3542 3052 3593 τὸν
3103 3537 3340 3609 Χριστὸν
3371 3536 3429 3588 ὲν
3460 3533 3659 3600 σταδίῳ
3683 3531 3762 3581 ἀν-

2198 3638 2419 3710 δρικῶς,
2458 3637 2550 3691 καὶ
2581 3635 2871 3705 παρεστὼς
2907 3632 3106 3704 βήματι
3143 3624 3505 3699 στεφηφορῶν
3534 3627 3596 3678 ἐν
3640 3617 3759 3689 φωτὶ

2202 3729 2341 3802 μετὰ
2364 3728 2611 3796 ἀγγέλων
2638 3726 2896 3798 Χριστοῦ.

2234 3847 2243 3855 ·
2283 3820 2534 3882 Ἰκεσίαις
2562 3822 2590 3874 ὁ
2617 3818 2747 3881 Θεὸς
2789 3817 2897 3871 τῶν
2945 3817 3051 3869 σῶν
3096 3817 3265 3886 ἁγίων
3302 3814 3627 3887 μαρτύρων,
3656 3805 3762 3865 τοὺς

2200 3912 2564 3983 κοιμηθέντας
2615 3910 2840 3972 πιστοὺς
2883 3911 3098 3973 οἰκέτας
3146 3925 3275 3971 σου,
3302 3906 3395 3960 τοῦ
3452 3900 3762 3976 παραδεὲσῠυ

2201 4006 2422 4067 πολίτας
2471 4003 2662 4068 δεῖξον,
2688 4002 2784 4053 καὶ
2834 4000 3010 4069 φωτὸς
3057 3999 3150 4053 τοῦ
3200 3998 3394 4067 νοητοῦ
3448 3994 3762 4061 καταξίωοον

2200 4096 2395 4158 αὐτοὺς
2422 4094 2713 4156 ἀπαύστως
2742 4092 2835 4146 τοῦ
2868 4091 2995 4162 βοᾷν
3022 4109 3125 4155 σοι,
3154 4087 3254 4155 Εὖ,
3288 4090 3320 4141 ὁ
3347 4089 3498 4152 Θεός.

2271 4183 2340 4237 Σὲ
2385 4183 2484 4253 τὴν
2540 4182 2709 4252 μόνην
2760 4181 2972 4251 ἀγαθὴν
3002 4178 3450 4248 ἐκδυσωποῦμεν,
3494 4172 3756 4246 Παρθένν

2202 4274 2620 4342 κεκακωμένους
2650 4274 2795 4343 ἡμᾶς
2826 4272 3114 4339 ὰγὰθυνον,
3144 4273 3237 4324 καὶ
3268 4268 3500 4332 ἐκτενῶς
3527 4270 3615 4322 τὸν
3642 4263 3760 4329 Χρι-

2205 4367 2329 4420 στὸν
2375 4365 2637 4431 δυσώπει,
2669 4364 2829 4433 φύσει
2875 4363 3007 4418 ὄντα
3052 4363 3277 4431 ἀγαθὸν,
3323 4361 3644 4432 ἐγκρατείας
3683 4355 3759 4405 τὶν

2133 4464 2176 4520 D
2203 4458 2414 4528 καιρὸν,
2443 4458 2511 4511 τὰ
2557 4456 2738 4525 ἀγαθὰ
2786 4456 3159 4526 πράττοντας,
3192 4455 3589 4527 ἀποπληρῶσαι
3613 4449 3757 4521 ἡμᾶς.

2209 4548 2639 4620 ὑμνολογοῦντας
2668 4547 2851 4604 αὐτόν.

2706 4641 2811 4694 Ἐν
2849 4639 2991 4706 πυρὶ
3031 4640 3279 4709 φλογός.

2274 4731 2674 4801 Μεγαλώνυμοι
2707 4729 2947 4802 Χριστοῦ
2974 4731 3069 4789 τοῦ
3095 4731 3232 4784 Θεοῦ
3267 4733 3361 4785 καὶ
3399 4730 3586 4789 cremet
3616 4722 3764 4790 sein.

2202 4824 2317 4887 ταὶ,
2352 4823 2597 4887 ἅπαντας
2625 4825 2750 4888 τοὺς
2796 4823 2939 4878 κατὰ
2982 4825 3139 4894 χρέος
3173 4825 3573 4892 μεγαλύνοντας
3616 4816 3758 4887 ὑμᾶς.

2211 4914 2461 4985 μεγάλων
2487 4918 2847 4987 ἐγκλημάτων
2873 4918 2967 4971 καὶ
3001 4919 3112 4971 τῶν
3145 4919 3263 4970 ἐκεῖ
3306 4918 3552 4987 βασάνων
3581 4903 3762 4979 λυτρών

2208 5006 2396 5071 σασοε,
2431 5008 2584 5077 ὑμῶν
2620 5009 2754 5078 πρὸς
2780 5009 2941 5061 αὐτὸν
2975 5009 3255 5077 μεγίσταις
3287 5009 3518 5073 ἱκεσίαις

2291 5098 2630 5166 Ἀγιόλεκτον
2659 5098 2898 5171 Χριστοῦ
2923 5099 3018 5152 τοῦ
3073 5099 3211 5153 Θεοῦ
3250 5100 3346 5153 καὶ
3384 5101 3607 5171 στεῤῥὺν
3649 5095 3763 5159 ωτγ

2208 5191 2317 5254 θῶς
2366 5192 2699 5263 στράτευμα,
2753 5188 3046 5263 μαρτύρων
3094 5193 3276 5262 δῆμοι,
3317 5193 3579 5261 ἁγιάσατε
3626 5184 3758 5260 ἡμῶν

2206 5282 2300 5335 τὸν
2330 5281 2454 5335 νοῦν
2489 5284 2583 5338 καὶ
2633 5283 2731 5346 τὰς
2780 5283 3026 5354 καρδίας,
3056 5285 3113 5336 ὲν
3162 5283 3385 5347 ταύταις
3432 5288 3552 5347 ταῖς
3602 5278 3759 5348 ἁγίαις

2209 5376 2445 5445 ἡμέραις
2470 5376 2568 5445 τῆς
2590 5377 2864 5444 νηστείας,
2894 5376 3047 5445 ὑμῶν
3083 5376 3268 5445 ἁγίαις
3298 5378 3548 5441 ἱκεσίαις.

2291 5466 2507 5537 Ῥειθρα
2537 5467 2821 5537 βλύζουσιν
2855 5467 3193 5535 ἀφέσεωςτὰ
3216 5470 3395 5539 ὑμῶν,
3426 5467 3665 5542 ἀθληταὶ,
3690 5457 3765 5515 αῐσ

2213 5573 2362 5628 ματα
2407 5558 2500 5610 καὶ
2543 5557 2652 5609 τῶν
2686 5556 2954 5626 λειψάνων
2985 5558 3035 5610 oi
3071 5560 3220 5630 tropei.
3251 5558 3661 5628 θαυμαστικῶς·
3690 5545 3759 5602 διδ

2208 5650 2335 5711 τοὺς
2386 5650 2758 5717 μεταστάντας
2786 5647 2863 5719 τῷ
2895 5648 3098 5721 ῥείθρῳ
3144 5650 3240 5705 τοῦ
3283 5652 3466 5717 ἐλέους
3508 5647 3759 5724 δροσίσαιι

2212 5739 2529 5812 πρεσϐείαις
2564 5741 2717 5811 ὑμῶν
2740 5780 2754 5807 ,
2788 5742 3023 5813 Χριστοῦ
3053 5743 3505 5817 συγκληρονόμοι.
