3986 6236
251 330 490 400 ’3881

1785 314 2188 405 TRiODIUM.

3477 348 3621 412 3832

423 447 528 501 Τὸν
577 449 810 522 σταυρὸν
831 450 1066 523 Χριστοῦ
1115 450 1206 508 τὸν
1248 452 1450 525 τίμιον,
1485 453 1736 523 Θεοτόκε,
1773 452 1936 527 ἁγνὴ,

2115 457 2348 516 Crucem
2379 458 2585 518 Christi
2635 462 2926 534 pretiosam
2973 463 3244 520 intuentes
3272 472 3327 520 et
3356 480 3423 520 ex
3453 469 3620 521 corde

355 538 656 611 βλέψαντας
703 543 798 595 καὶ
846 545 910 597 ὲκ
953 543 1182 615 καρδίας
1223 547 1710 618 προσκυνήσαντας
1763 548 1934 619 ἡμᾶς,

351 632 473 696 ταῖς
530 635 652 698 σαῖς
703 633 839 705 πρὸς
885 637 978 690 τὸν
1009 637 1289 709 Δεσπότην
1337 638 1568 706 ἀξίωσον
1619 639 1940 715 πρεσϐείαις

357 723 486 780 ίδεῖν
513 727 608 782 καὶ
632 725 702 780 τὰ
732 728 878 799 πάθη
913 729 983 784 τά
1021 729 1213 797 σεπτὰ,
1250 729 1439 786 παθῶν
1465 730 1933 804 κεκαθαρμένους.

725 819 856 874 Ὅτι
890 821 1145 890 ἐποίησὲ
1178 839 1281 892 μοι
1311 821 1568 894 μεγάλα.

433 906 802 983 ’Υπάρχοντες
834 913 1140 985 φωστῆρες,
1171 913 1429 980 ἀπλανεῖς
1480 913 1715 988 Χριστοῦ
1765 915 1936 987 aem-

351 1003 442 1058 ταὶ
463 1045 478 1070 ,
505 1005 778 1074 φωτίσατε
809 1007 966 1078 ήμῶν
994 1007 1122 1072 τοὺς
1145 1007 1474 1079 λογισμοὺς,
1508 1008 1605 1063 καὶ
1627 1008 1940 1080 νευρὼσατε

353 1097 529 1152 ποιεῖν
558 1097 626 1152 τὰ
661 1098 930 1170 φωταυγῆ
950 1099 1046 1154 καὶ
1074 1100 1294 1174 καθαρὰ
1321 1098 1455 1154 Θεοῦ
1490 1099 1792 1172 θελήματα.

435 1276 728 1348 Ῥομφαῖαι
761 1277 1092 1350 καθορᾶσθε,
1116 1280 1604 1350 κατασφάττουσαι
1628 1280 1938 1352 δυσμενεῖς,

353 1369 596 1435 γενναῖοι
643 1367 739 1422 τοῦ
787 1367 994 1440 Κυρίου
1043 1370 1310 1442 ἀθληταίο
1353 1370 1494 1426 ἀλλὰ
1521 1370 1759 1442 ῥύσασθε
1791 1370 1943 1442 ἡμᾶς

354 1463 420 1518 ἐκ
448 1463 557 1518 τῶν
583 1463 754 1537 βελῶν
777 1465 872 1521 τοῦ
900 1467 1166 1539 πονηροῦ,
1187 1471 1309 1533 ταῖς
1335 1467 1698 1541 προστασίαις
1727 1467 1904 1538 ὑμῶν.

428 1555 771 1613 Ἀνάπαυσον
828 1559 888 1613 ὲν
946 1559 1168 1624 κόλποις
1225 1559 1320 1614 τοῦ
1383 1559 1577 1616 πιστοῦ
1604 1601 1620 1627 ,
1679 1557 1886 1630 Χριστδ
1920 1595 1957 1624 ,.

371 1646 640 1719 Ἀϐραὰμ,
671 1650 795 1714 τοὺς
817 1649 1037 1715 δούλους
1067 1667 1162 1705 σου
1194 1650 1321 1715 τοὺς
1357 1650 1536 1706 πίστει
1567 1649 1627 1716 ἐξ
1655 1649 1812 1722 ἡμῶν
1841 1649 1936 1704 ἐκ·-

356 1737 702 1811 δημήσαντας
732 1740 869 1814 πρὸς
903 1741 965 1798 σὲ
992 1742 1086 1799 τὸν
1123 1740 1220 1798 τοῦ
1251 1741 1450 1807 παντὸς
1480 1739 1821 1814 Δημιουργδν
1847 1739 1943 1796 καὶ

357 1829 722 1904 ὕπεράγαθον.

425 1923 635 1996 Σαρκός
657 1941 758 1996 μου
782 1927 881 1991 τὰς
902 1927 1146 1998 κινήσεις
1166 1927 1552 1999 άπονέκρωσον
1574 1926 1609 1998 ή
1629 1926 1762 1982 Θεὸν
1783 1926 1948 2000 σαρκὶ⁵

355 2015 698 2071 ἀποτεκοῦσα
746 2018 886 2089 ὑπὲρ
931 2017 1057 2074 νοῦν
1076 2058 1092 2084 ,
1125 2020 1218 2073 καὶ
1248 2019 1535 2088 παράσχου
1565 2017 1846 2090 φωτισμὸν
1877 2019 1944 2090 τῇ

355 2108 564 2182 διανοίᾳ
593 2127 719 2181 μου,
752 2109 913 2183 ἁγνὴ,
939 2109 1014 2174 ὡς
1042 2110 1410 2182 ύπεράγαθος.

692 2311 744 2366 Ὁ
786 2310 858 2365 τὰ
894 2310 1084 2367 ὕδατα
1121 2311 1307 2366 πάλαι
1345 2312 1610 2382 νεύματι.

429 2401 541 2467 Τὰς
563 2402 720 2472 ήμῶν
747 2402 983 2465 διανοίας
1007 2400 1140 2474 θείῳ
1163 2401 1382 2474 ἀρότρῳ
1406 2399 1708 2467 νεὼσαντες
1733 2401 1832 2474 τῆς
1855 2403 1945 2456 ἐν·

358 2494 486 2550 θέου
535 2493 807 2566 νηστείας,
845 2493 1058 2564 ἀρετῶν
1106 2493 1347 2566 ἄσταχυν
1384 2495 1902 2567 καρποφορήσωμεν
1925 2511 1941 2527 ο

357 2588 508 2651 ὅπως
537 2587 612 2659 μὴ
636 2588 982 2658 πεινάσωμεν
1012 2587 1092 2650 είς
1122 2586 1214 2640 τὸν
1237 2586 1409 2641 αἰῶνα
1441 2585 1786 2658 τρυφῶντες·
1809 2602 1942 2660 τρυ-

359 2679 468 2752 φὴν
498 2677 598 2751 τὴν
630 2678 903 2734 ἀδάπανον
930 2678 1384 2750 ἒπαγαλλὸμενοι.

433 2771 768 2843 ιιολυχρύνια
806 2771 956 2844 πάθη
987 2771 1200 2827 ἔνδοθεν
1229 2771 1411 2844 φέρων
1429 2811 1446 2837 ,
1496 2771 1814 2838 σκοτίξοντα
1844 2773 1944 2847 τὴν

359 2863 552 2918 ἀθλίαν
578 2863 757 2936 ψυχήν
781 2881 908 2934 μου,
941 2863 1076 2935 πρὸς
1102 2864 1201 2938 τὴν
1227 2864 1348 2938 σὴν,
1389 2864 1582 2936 ἄχρονε
1608 2865 1749 2936 Λόγε
1777 2866 1945 2939 ἀχρό-

361 2975 454 3013 νου
501 2958 733 3029 [ἰατρὸς.
769 2957 1002 3028 δύναμιν
1023 2957 1295 3028 ἀήττητον
1339 2958 1775 3030 συντετριμμένῃ
1809 2975 1946 3032 καρ-

357 3051 450 3125 δίᾳ
481 3050 802 3124 προστρέχω
828 3050 922 3105 καὶ
949 3049 1173 3122 δέομαι,
1208 3051 1498 3123 οῖκτειρον,
1533 3050 1704 3106 σῶσόν
1734 3069 1827 3124 με.

440 3221 507 3276 Ἦ
551 3221 811 3296 καλλίστη
858 3223 1081 3295 νηστεία
1113 3220 1336 3294 στρέφει
1364 3221 1627 3294 καρδίαν,
1659 3221 1950 3277 πιαίνουσα

361 3311 644 3386 λογισμοῖς
667 3313 1004 3386 Θεαρέστοις,
1030 3315 1126 3370 καὶ
1159 3313 1350 3369 παθῶν
1377 3312 1616 3368 ἄϐυσσον
1641 3312 1949 3384 ἀποξηραίο

362 3419 548 3470 νουσα,
578 3403 807 3475 ὄμϐροις
834 3402 1183 3470 κατανύξεως
1207 3403 1570 3476 ἀποκαθαίρει
1608 3403 1735 3467 τοὺς
1768 3402 1952 3458 πίστει

361 3493 570 3551 αῖνεσιν
598 3495 980 3568 προσάγοντας
1007 3495 1086 3568 τῷ
1111 3497 1542 3568 Παντοκράτορι.

429 3588 760 3660 Πολυώνυμε
788 3590 974 3661 Κόρη,
1027 3591 1257 3662 χαίροις,
1306 3588 1440 3658 ἁγία
1484 3587 1766 3660 Παρθένε,
1819 3585 1954 3640 Θεο-

359 3681 568 3753 κυῆτορ
611 3683 823 3754 Μαρία,
854 3683 964 3737 τῶν
995 3683 1205 3736 πιστῶν
1235 3681 1500 3752 καύχημα
1519 3718 1534 3744 ,
1564 3678 1810 3750 κατάρας
1855 3677 1952 3731 λύ-

359 3789 582 3844 τρωσις,
605 3774 813 3843 κλίμαξ
839 3773 1155 3844 ἐπουράνιε,
1181 3771 1555 3842 άκατανόητον
1587 3769 1794 3841 θαῦμα,
1820 3767 1952 3840 βάτε

362 3864 768 3934 ἀκατάφλεκτε,
792 3863 866 3934 γῆ
894 3862 1240 3934 ἀγεώργητε.

822 3955 1182 4010 Βαϐυλωνία
1217 3953 1488 4023 κάμινος.

431 4047 566 4113 Ταῖς
617 4047 911 4120 βλαϐεραῖς
951 4046 1045 4101 τοῦ
1089 4045 1267 4116 ὄφεως
1300 4043 1531 4108 πλάναις
1573 4043 1950 4115 ἐξελκόμενος,

363 4142 570 4213 Σῶτερ,
599 4139 926 4209 δελεάζομαι
944 4138 1154 4202 δεινῶς,
1172 4137 1297 4192 καθ’
1317 4139 1529 4210 ἡμέραν
1559 4139 1636 4210 τῷ
1661 4139 1817 4208 άλγει
1848 4155 1950 4210 μου

363 4233 790 4305 προστιθέμενος
839 4232 1005 4302 ἄλγος
1027 4245 1044 4264 ο
1076 4230 1157 4285 διὸ
1189 4230 1488 4302 κραυγάζω
1519 4247 1623 4295 σοι,
1663 4231 1813 4302 ίατρὶ
1841 4230 1953 4285 τῶν

364 4326 686 4393 νοσούντων,
719 4323 1068 4397 ἑπίστρεψον,
1101 4322 1276 4378 σῶσόν
1296 4338 1384 4395 με.

429 4416 824 4490 Νενηστευκὼς
869 4415 1135 4486 ἀνέστησε
1167 4415 1334 4469 παῖδα
1363 4414 1747 4486 Σουμανίτιδος
1776 4415 1949 4469 πάλαι
2033 4439 2036 4441 λ

1973 3156 2020 3220 C

2045 549 2359 620 adorantes,
2409 551 2638 623 dignare
2695 568 2818 619 nos,
2873 562 3026 610 casta
3084 554 3336 627 Deipara,
3387 557 3498 613 tuis
3553 559 3620 612 ad

2042 637 2330 696 Domiuum
2362 641 2854 702 intercessionibus
2881 651 3196 717 passionem
3239 647 3416 720 ipsam
3457 663 3622 705 vene-

2041 732 2269 789 rabiiem
2303 735 2574 806 aspicere,
2603 736 2960 808 passionibus
2993 739 3337 808 purittcatos.

2466 828 2610 896 Quia
2641 829 2766 896 fecit
2797 830 2927 885 mihi
2957 848 3168 902 magna.

2112 916 2224 974 Vos
2287 921 2384 991 qui
2438 920 2732 977 luminaria
2795 923 2968 988 estis,
3039 924 3354 981 inerrantes
3411 923 3623 982 Christi

2041 1009 2284 1079 athletae,
2338 1013 2644 1071 illuminate
2671 1023 2888 1073 nostras
2942 1017 3325 1087 cogitationes,
3383 1023 3439 1074 et
3495 1016 3624 1072 date

2041 1103 2212 1158 robur
2256 1104 2324 1160 ad
2363 1105 2644 1163 faciendas
2689 1122 2860 1179 puras
2897 1115 2951 1165 et
2994 1109 3364 1167 illuminantes
3397 1109 3492 1166 Dei
3521 1124 3624 1166 voe

2039 1193 2305 1254 luntates.

2113 1287 2464 1362 Bbomphaeaa
2510 1291 2773 1348 videmini
2821 1291 3053 1349 infestos
3091 1292 3428 1364 jugulantes,
3457 1308 3626 1366 genee-

2039 1379 2158 1438 ι’οεί
2207 1379 2428 1439 Domini
2472 1384 2723 1455 athleta);
2767 1384 2861 1441 sed
2909 1400 2940 1440 a
2989 1386 3112 1442 telis
3150 1386 3372 1458 maligni
3419 1387 3628 1443 auxilio

2040 1480 2231 1530 vestro
2261 1474 2491 1532 liberate
2520 1491 2642 1533 nos.
3573 1519 3578 1522 -

2115 1564 2491 1638 Requiescere
2535 1567 2624 1625 fac
2665 1569 2725 1625 iu
2775 1569 2900 1627 sinu
2941 1570 3119 1628 ﬁdelis
3162 1570 3399 1628 Abrahae
3440 1586 3629 1628 servos

2043 1663 2191 1724 tuos,
2223 1658 2467 1728 Christe,
2499 1662 2592 1731 qui
2636 1676 2762 1716 cum
2807 1661 2914 1718 ﬁde
2964 1679 2995 1718 ο
3033 1663 3194 1719 nobis
3224 1663 3534 1737 migrarunt
3561 1663 3629 1718 ad

2044 1756 2101 1806 te
2128 1749 2372 1808 universi
2403 1750 2717 1808 Creatorem
2745 1759 2800 1809 et
2830 1752 3306 1832 benignissimum.
3346 1761 3348 1764 '
3489 1772 3491 1776 ·
3533 1757 3542 1785 -'

2119 1925 2318 1984 Carnis
2344 1941 2482 1984 meae
2504 1935 2686 1985 motus
2711 1926 3006 1994 mortiﬁea,
3031 1943 3152 2000 qua:
3175 1929 3348 1986 Deum
3378 1929 3434 1985 in
3462 1943 3633 1986 carne

2049 2017 2214 2075 modo
2251 2017 2412 2076 [idem
2445 2019 2746 2076 excedente
2790 2019 3056 2091 genuisti,
3084 2027 3140 2078 et
3171 2021 3630 2078 illuminationcm

2047 2113 2232 2183 praebe
2283 2113 2448 2169 menti
2491 2127 2645 2178 meat,
2691 2112 3012 2186 purissima,
3047 2120 3312 2186 tanquam
3352 2114 3633 2186 benignis-

2514 2299 2621 2368 Qui
2648 2317 2816 2373 aquas
2847 2300 2976 2358 olim
3003 2310 3158 2356 nutu.

2121 2393 2415 2465 Postquam
2459 2393 2646 2449 divino
2693 2394 2937 2451 caelestis
2963 2392 3161 2466 )ejunii
3193 2400 3380 2448 aratro
3424 2391 3632 2463 cosita-

2049 2484 2230 2542 tiones
2258 2493 2483 2544 nostras
2517 2486 2866 2552 novavimus,
2907 2499 3145 2542 messem
3181 2485 3448 2540 virtutum
3487 2484 3632 2540 fera-

2048 2591 2194 2644 mus,
2227 2586 2291 2633 ut
2326 2593 2606 2647 nunquam
2642 2579 2698 2634 in
2737 2578 2954 2636 deliciis
3002 2578 3318 2636 esuriamus
3363 2579 3420 2634 in
3469 2585 3632 2634 πιεῖν·

2049 2685 2207 2734 nam,
2239 2669 2456 2726 deliciis
2483 2669 2832 2728 inexhaustis
2863 2671 3226 2728 exsultantes.

2121 2758 2422 2816 Diuturnas
2465 2759 2616 2816 intus
2664 2758 2848 2817 ferens
2886 2762 3176 2832 cupidines
3217 2776 3338 2833 qua
3376 2762 3634 2817 miseram

2051 2849 2290 2904 animam
2324 2865 2499 2904 meam
2533 2850 2827 2916 oll’uscant,
2863 2851 2930 2907 ad
2962 2860 3112 2908 tuam
3150 2853 3406 2909 invictam
3441 2863 3634 2924 poten-

2049 2941 2222 3006 tiam,
2279 2938 2458 2996 Patris
2526 2942 2717 2998 aeterni
2779 2943 3020 3000 Verbum
3102 2953 3408 3011 internum,
3470 2944 3637 2999 corde

2051 3032 2293 3087 contrito
2362 3047 2634 3103 accurro,
2708 3044 2764 3091 et
2840 3035 3116 3102 obsecro,
3183 3037 3453 3092 miserere
3503 3036 3632 3097 mei.

2051 3125 2202 3179 salva
2233 3138 2342 3180 me.

2123 3215 2402 3287 Optimum
2433 3215 2704 3288 jejunium
2740 3231 2840 3273 cor
2875 3225 3066 3286 mutat,
3095 3216 3205 3274 Deo
3230 3217 3471 3289 acceptis
3511 3216 3638 3289 pin-

2051 3307 2369 3379 guel‘aciens
2430 3308 2856 3379 cogitationibus
2919 3318 2979 3366 et
3042 3309 3404 3381 cupiditatum
3469 3310 3635 3381 abys-

2052 3415 2174 3457 sum
2207 3400 2497 3456 exsiccans
2527 3400 2689 3456 ﬂuvia
2732 3403 3173 3473 compunctionis
3207 3401 3470 3460 emundat
3512 3401 3637 3458 illos

2053 3493 2148 3565 qui
2175 3493 2229 3548 in
2260 3491 2374 3547 ﬁde
2401 3492 2616 3550 laudem
2640 3494 2774 3549 dant
2805 3494 3202 3566 Omnipotenti.

2125 3583 2319 3650 Salve,
2374 3584 2606 3643 illustris
2658 3587 2865 3656 puella,
2899 3597 3094 3643 sancta
3149 3583 3352 3657 Virgo,
3404 3586 3637 3656 Deipara

2052 3675 2264 3745 Maria,
2317 3677 2556 3734 ﬁdelium
2604 3680 2893 3750 gloriatio,
2952 3678 3354 3734 maledictionis
3411 3680 3637 3742 solutio,

2053 3769 2201 3824 scala
2276 3771 2561 3836 caelestis,
2637 3771 3199 3841 incomprelnensibile
3283 3769 3636 3838 miraculum,

2054 3859 2226 3917 rubus
2259 3861 2665 3928 incombustus,
2696 3872 2839 3916 terra
2871 3864 3104 3918 inarata.

2549 3952 2879 4024 Babylonica
2912 3954 3126 4023 famax.

2129 4042 2322 4099 Noxiis
2363 4046 2638 4118 serpentis
2673 4048 2958 4104 erroribus
3005 4049 3334 4114 abstractus,
3363 4050 3636 4114 Salvator,

2055 4137 2374 4193 terribiliter
2430 4141 2648 4195 illectus
2703 4157 2849 4206 sum,
2884 4141 3059 4198 dolori
3110 4157 3233 4198 meo
3282 4143 3527 4198 dolorem
3581 4143 3634 4200 in

2053 4228 2171 4284 dies
2210 4229 2515 4299 adjiciens;
2546 4233 2908 4302 quamobrem
2945 4233 3124 4288 clama
3160 4232 3227 4288 ad
3265 4243 3336 4301 te,
3369 4243 3634 4306 {egrotan-

2055 4323 2189 4377 tium
2219 4325 2450 4392 medice,
2483 4335 2745 4381 converte
2776 4341 2862 4381 me
2890 4333 2946 4383 et
2974 4327 3121 4384 salva
3145 4343 3254 4383 me.

2127 4413 2324 4470 Filium
2368 4415 2733 4474 Suuamitidis
2766 4419 2895 4474 olim
2933 4428 3057 4490 post
3083 4419 3358 4490 jejunium
3399 4418 3638 4476 suscita-

360 4504 769 4576 δυναμούμενος
797 4503 992 4574 σαφῶς
1018 4501 1319 4568 Ἐλισσαῖος
1346 4501 1424 4574 τῷ
1457 4499 1736 4575 Πνεύματι
1755 4520 1768 4532 ·
1789 4507 1947 4576 ήμεῖς

2072 4503 2135 4558 rit
2165 4503 2420 4572 Elismus,
2463 4507 2753 4563 manifesto
2799 4508 2997 4577 spiritu
3049 4511 3442 4565 corroboratus
3481 4523 3496 4562 :
3539 4523 3640 4564 nos

363 4597 420 4654 δὶ
446 4599 816 4670 ³ιιεκριιιθρὲντες
855 4599 978 4662 ταῖς
1021 4595 1236 4668 ἡδοναῖς
1276 4595 1386 4650 τῶν
1416 4595 1636 4665 παθῶν,
1672 4597 1942 4670 ζωηφόρῳ

2072 4611 2198 4660 νονο,
2252 4597 2462 4664 ﬁdeles,
2515 4600 2835 4669 cu‘piclinum
2888 4601 3264 4671 voluptatibus
3295 4599 3637 4667 mortiﬁcati,

362 4691 606 4762 νηστείᾳ,
633 4689 836 4756 πιστοὶ,
869 4687 1255 4760 ἀναζήσωμεν.

433 4783 573 4847 Τοὺς
596 4783 888 4845 Νινευῖτας
914 4782 1150 4847 ἔσωσας,
1182 4781 1356 4855 Κύριε
1383 4782 1756 4855 φιλάνθρωπε,
1775 4782 1944 4839 πάλαι

367 4877 735 4950 μεταγνόντας
765 4877 828 4931 ἐν
871 4874 1134 4948 κλαυθμῷ
1181 4878 1276 4931 καὶ
1310 4875 1532 4948 νηστείᾳ
1561 4875 1639 4940 ὡς
1668 4874 1944 4945 εὔσπλαγ-

363 4984 516 5041 χνοςο
552 4967 648 5022 καὶ
675 4967 822 5038 ἡμᾶς
849 4965 929 5038 τῷ
960 4965 1103 5020 ἐλέει
1131 4965 1211 5038 τῷ
1254 4967 1334 5038 σῷ
1381 4965 1725 5037 οίκτείρησον
1745 5007 1762 5034 ,
1808 4968 1946 5021 ἀπο-

367 5057 596 5134 ροῦντας
620 5056 689 5110 δι’
713 5056 892 5130 ἔργων
923 5055 1364 5128 ἐξομολογεῖσθαι
1397 5075 1520 5114 σου.

445 5149 510 5204 Ἦ
542 5148 682 5220 μετὰ
725 5148 884 5204 τόκον
931 5148 1164 5218 ἄφθονος
1205 5150 1460 5220 μείνασα,
1495 5151 1826 5222 πανάμωμε,
1853 5149 1947 5203 λύ-

369 5257 596 5313 τρωσαι,
613 5241 870 5314 δεόμεθα,
889 5241 1052 5312 ἁγνὴ,
1071 5241 1426 5312 καταφθορᾶς
1440 5242 1568 5307 τοὺς
1585 5243 1804 5307 δούλους
1829 5259 1948 5310 σου,

365 5335 573 5400 πιστῶς
598 5337 726 5400 τοὺς
775 5335 1148 5408 μελῳδοῦντας
1192 5337 1252 5389 εν
1290 5336 1514 5409 ὁμονοίᾳ
1534 5337 1714 5409 ψυχῆς
1733 5353 1748 5368 ο
1777 5335 1949 5390 Εὐλοο

365 5431 534 5499 τεῖτε,
566 5430 635 5486 τά
659 5429 796 5500 ἔργα
821 5428 1050 5502 Κυρίου,
1085 5429 1179 5484 τὸν
1209 5429 1435 5503 Κύριον.

611 5607 837 5663 Καινὸν
870 5606 940 5661 τὸ
978 5606 1177 5677 θαῦμα
1213 5606 1315 5661 καὶ
1351 5607 1701 5678 θεοπρεπὲς.

439 5702 710 5775 Κρατῆρα
755 5699 902 5754 θεῖον
954 5699 1208 5771 πλήσασα
1253 5701 1372 5752 νυνὶ
1415 5699 1759 5765 κατανύξεως
1787 5701 1819 5772 ή
1852 5701 1957 5772 τῆς

370 5792 618 5871 νηστείας
643 5793 802 5869 χάρις
833 5789 1024 5862 σαφῶς
1055 5789 1429 5858 συγκαλεῖται,
1452 5790 1698 5856 ἅπαντας
1731 5793 1957 5856 πιστοὺς

649 5888 918 5948 ΡΔΤΒΟΙ..
953 5885 1072 5947 Gn.
1109 5886 1447 5951 LXXXVII.

2045 4702 2144 4761 per
2173 4688 2444 4745 viviﬁcum
2475 4690 2746 4772 jejuni/um
2781 4693 3198 4750 reviviscamus.

2127 4779 2397 4838 Ninivitas
2453 4782 2607 4847 olim,
2664 4784 2896 4857 benigne
2957 4785 3205 4853 Domine,
3255 4786 3638 4859 ptenitcntiam

2048 4873 2103 4928 in
2136 4869 2266 4927 ﬂetu
2296 4879 2351 4926 et
2384 4871 2599 4943 jejunio
2646 4885 2870 4946 agentes
2911 4875 3343 4933 misericorditer
3374 4876 3634 4944 salvasti;

2054 4977 2156 5017 nos
2210 4977 2431 5033 quoque
2491 4965 2872 5022 misericordia
2925 4975 3024 5023 tua
3080 4969 3382 5034 miserare,
3437 4969 3638 5038 quibus

2051 5065 2191 5122 opus
2223 5059 2310 5107 est
2345 5061 2404 5108 ut
2433 5059 2486 5108 te
2515 5055 2783 5125 operibus
2814 5056 3196 5113 conﬁteamur.

2127 5142 2260 5210 ρυω
2291 5151 2414 5214 post
2449 5154 2664 5216 partum
2708 5147 2918 5219 integra
2965 5148 3240 5216 mansisti,
3287 5147 3636 5219 irrepreben-

2055 5237 2255 5304 sibilis,
2308 5253 2339 5292 a
2397 5239 2774 5310 corruptione,
2824 5257 3162 5310 quaesumus,
3206 5240 3524 5311 purissima,
3567 5240 3638 5296 li-

2054 5331 2189 5387 bera
2241 5345 2433 5388 servos
2489 5342 2617 5388 tuos
2663 5333 2902 5387 ﬁdeliter
2936 5334 3233 5403 psallentes
3273 5333 3328 5387 in
3362 5333 3640 5388 unanimi-

2057 5429 2170 5478 tate
2236 5423 2465 5494 spiritus
2519 5442 2536 5480 :
2591 5423 2936 5492 benedicite,
2997 5439 3163 5498 opera
3222 5425 3472 5495 Domini,
3529 5423 3639 5483 Do-

2057 5515 2228 5570 mino.
3148 5518 3158 5532 ‘

2380 5604 2590 5660 Novum
2623 5603 2959 5679 divinumque
2997 5607 3334 5664 miraculum.

2130 5695 2387 5754 Divinum
2438 5699 2884 5770 compunctionis
2934 5701 3158 5757 calicem
3200 5715 3350 5757 nunc
3397 5688 3641 5774 implevit

2056 5791 2255 5864 jejunii
2283 5791 2483 5865 gratia,
2512 5800 2565 5848 et
2597 5806 2790 5848 omnes
2822 5803 3007 5866 aperte
3048 5809 3170 5852 cum
3217 5794 3403 5852 laetitia
3437 5810 3638 5853 convo-

3210 5891 3326 5957 122
