3986 6236
405 380 550 446 3-385

1811 373 2220 436 TRIODIUM.

3526 376 3664 444 3886

408 495 839 570 φοπαγῶγησον,
871 496 1035 568 ἁγνὴ,
1084 497 1117 568 ἡ
1169 496 1284 566 φῶς
1306 493 1556 562 τεκοῦσα,
1593 496 1677 548 ἵνα
1709 493 1857 564 πόθῳ
1899 493 1992 547 καί⁵

2105 489 2313 546 bratam
2345 491 2618 558 illumina,
2660 492 2978 563 purissima,
3016 507 3136 564 qua:
3189 493 3370 549 lumen
3401 496 3654 566 genuisti,

410 593 592 646 πίστει
618 591 706 644 ἀεὶ¹
735 588 1020 661 μεγαλύνω
1047 605 1128 645 σε.

907 681 1204 750 Οὐρανίης
1255 679 1493 749 ἁψῖδος.

483 772 831 842 Κατακρίνας
876 773 974 841 τὴν
1027 772 1227 844 ἔχθραν
1273 773 1332 826 ἐν
1379 771 1456 842 τῷ
1506 770 1725 842 σταυρῷ
1755 770 1987 838 έτεινας,

411 867 788 937 Δικαιοκρίτα,
820 864 1114 936 παλάμας·
1145 864 1239 918 νῦν
1283 863 1340 916 δὲ
1391 863 1720 935 κατάκριτον
1759 862 1886 916 ὄντα
1923 879 1989 932 με

413 957 713 1027 πταίσμασι
749 955 921 1010 σῶσον
968 956 1060 1010 τὸν
1104 956 1332 1024 ἄσωτον,
1368 956 1571 1027 Σῶτερ,
1607 954 1698 1007 τὸν
1749 969 1994 1027 παραπι-

414 1051 689 1123 κράναντά
724 1068 784 1104 σε
817 1050 910 1104 τὸν
938 1049 1338 1122 φιλάνθρωπον.

480 1143 592 1214 Τὴν
626 1142 870 1214 κτηνώδη
901 1143 1146 1213 ποθήσας
1180 1140 1475 1196 παθοποιδν
1509 1139 1727 1212 βίωσιν,
1765 1140 1859 1194 σοῦ
1883 1140 1990 1194 τῶν

413 1234 642 1288 ἐντολῶν
689 1234 1058 1306 ἐμακρύνθην,
1087 1233 1269 1304 Σῶτερ
1299 1232 1577 1302 πανάγαθε
1602 1274 1617 1299 ,
1651 1231 1821 1298 ξένοις
1870 1233 1992 1286 δου-

411 1326 672 1398 λούμενος
707 1329 797 1380 καὶ
834 1328 1166 1400 ἀκαθάρτοις
1195 1326 1474 1390 πολίταις’
1505 1326 1600 1380 νῦν
1639 1326 1694 1379 δὲ
1735 1323 1991 1396 ἐπιστρέ-

413 1437 583 1489 φοντα
609 1417 758 1485 δέξαι
789 1436 877 1489 με,
903 1418 1270 1490 εὔσπλαγχνε.

483 1511 792 1580 Μογιλάλου
822 1512 897 1574 ὼς
943 1511 1126 1586 πάλαι.
1152 1512 1250 1576 τάς
1297 1511 1468 1576 ἀκοὰς
1520 1507 1756 1582 ἧνοιξας,
1785 1507 1993 1576 ἄνοιξον

412 1599 593 1670 ψυχῆς
627 1600 729 1671 μου
759 1601 827 1654 τὰ
855 1595 972 1655 ὦτα
1005 1600 1200 1672 γνώμῃ
1227 1599 1563 1672 κωφεύοντα.
1595 1600 1691 1655 καὶ
1739 1598 1992 1665 ἐνωτίζε-

417 1693 541 1745 σθαί
578 1711 671 1747 σου
694 1693 784 1747 τὸν
810 1696 1076 1766 σωτήριον
1103 1694 1280 1763 λόγον,
1319 1693 1518 1766 Ἰησοῦ,
1562 1693 1812 1761 ἀξίωσον,
1863 1693 1991 1764 μόνε

415 1784 784 1858 φιλάνθρωπε.

2092 588 2154 634 ut
2183 581 2456 638 desiderio
2495 589 2550 638 et
2579 582 2684 638 ﬁde
2725 597 2941 654 semper
2973 585 3317 656 magnilicem
3353 595 3423 644 te.

2656 671 2898 728 Calcatis
2934 691 3113 731 arcus.

2163 762 2517 818 lnimicitiam
2559 763 2829 821 damnans
2870 767 2922 821 in
2955 783 3120 822 cruce
3160 769 3368 839 palmas
3414 771 3660 826 extendi-

2089 856 2182 923 sti,
2210 855 2360 926 juste
2394 855 2607 924 Iudex;
2645 873 2792 916 nunc
2818 875 2949 916 vero
2981 861 3227 932 lapsibus
3253 863 3568 920 damnatum
3604 872 3660 920 et

2089 944 2364 1017 perditum
2397 948 2546 1003 salva
2575 962 2682 1014 me,
2711 947 2980 1015 Salvator,
3013 952 3107 1024 qui
3149 962 3201 1009 le
3223 964 3331 1009 tam
3363 954 3657 1028 benignum

2091 1037 2432 1094 exacerbavi.

2169 1129 2475 1183 Belluinam
2531 1131 2892 1202 cupiditatum
2933 1135 3097 1189 vitam
3132 1135 3486 1205 desideravi,
3516 1147 3572 1194 et
3629 1156 3660 1196 a

2093 1220 2364 1276 mandatis
2395 1221 2506 1278 tuis
2544 1222 2815 1294 elongAvi,
2852 1223 3102 1280 Salvator
3125 1229 3348 1297 optime,
3384 1232 3662 1288 extraneis

2090 1319 2147 1365 et
2187 1311 2418 1382 impuris
2461 1313 2709 1370 serviens
2743 1317 2990 1385 civibus;
3045 1334 3193 1374 nunc
3223 1336 3354 1377 vero
3385 1331 3659 1379 reverten-

2092 1406 2201 1454 tem
2241 1417 2329 1456 me
2354 1403 2593 1474 suscipe.
2627 1405 2959 1462 misericors.

2169 1488 2324 1545 Sicut
2353 1492 2480 1546 olim
2525 1493 2810 1548 diliiculter
2838 1498 3110 1569 loquentis
3152 1513 3314 1556 aures
3359 1502 3659 1572 aperuisti,

2094 1593 2257 1635 aures
2294 1581 2490 1637 animm
2523 1599 2657 1646 meae
2697 1588 2978 1656 proposito
3001 1588 3461 1649 obsurdescentes
3486 1596 3657 1665 aperi,

2091 1679 2148 1727 et
2177 1673 2402 1743 dignare
2434 1690 2539 1739 me,
2581 1674 2734 1742 Jesu,
2784 1680 2934 1735 solus
2981 1681 3273 1754 benignus,
3323 1695 3477 1742 tuum
3510 1687 3663 1742 salu-

2094 1771 2212 1819 tare
2253 1765 2476 1819 verbum
2517 1768 2728 1826 audire.

494 1874 561 1929 Ἦ
591 1855 859 1949 σωτήριος
878 1877 1039 1950 πύλη,
1059 1879 1092 1950 ἡ
1121 1877 1255 1949 πρὸς
1279 1877 1412 1932 Θεδν
1434 1879 1668 1950 γέφυρα,
1683 1879 1792 1933 τῶν
1814 1880 1992 1952 ἁμαρ-

2163 1855 2339 1911 Janua
2373 1857 2584 1925 salutis,
2641 1859 2763 1914 fons
2813 1862 2880 1917 ad
2921 1862 3112 1932 Deum,
3158 1876 3508 1936 peccatorum
3561 1885 3664 1944 pa-

406 1963 600 2020 ’τωλῶν
616 1967 649 2037 ὴ
667 1963 983 2036 προστάτις,
1005 1967 1243 2036 πάναγνε
1265 1967 1550 2034 Δέσποινα,
1563 1969 1989 2041 περιστατούμε-

414 2073 508 2111 νον
531 2060 651 2120 ταῖς
676 2061 981 2128 συμφοραῖς
1009 2075 1076 2130 με
1103 2059 1198 2112 τοῦ
1226 2059 1366 2129 βίου,
1398 2061 1489 2114 καὶ
1511 2059 1990 2133 κλυδωνιζόμενοι),

413 2145 590 2221 Κόρη,
625 2147 981 2220 κυϐέρνησον.

821 2237 1282 2307 Ἐπταπλασίως
1321 2241 1597 2313 κάμινον.
1893 2312 1896 2314 _

483 2329 576 2400 Τῷ
601 2330 883 2402 ἀκοιμήτῳ
909 2331 1117 2401 ὄμματι
1161 2332 1464 2403 ἐπιϐλέψας
1496 2352 1564 2405 με
1593 2333 1884 2408 οἶκτειρον,
1918 2335 1994 2408 τῷ

412 2423 512 2493 τῆς
543 2423 813 2494 ῥᾳθυμίας
833 2423 1129 2494 νυσταγμῷ
1158 2425 1532 2497 κρατούμενον
1563 2429 1658 2481 καὶ
1694 2429 1846 2500 ὕπνῳ
1873 2429 1994 2484 δου-

412 2514 636 2570 λεύοντα
672 2516 779 2568 τῶν
809 2516 1011 2587 ἡδονῶν
1041 2519 1098 2571 ὲν
1123 2517 1280 2589 κλίνῃ
1316 2519 1508 2573 παθῶν
1531 2562 1545 2584 ,
1577 2522 1604 2574 ὁ
1634 2521 1724 2575 ἐπὶ
1757 2521 1993 2592 σταυροῦ

411 2607 510 2679 τὴν
537 2607 780 2678 κεφαλήν
811 2624 904 2660 σου
941 2609 1303 2680 προσκλίνας,
1335 2613 1428 2665 καὶ
1461 2610 1630 2665 θέλων
1663 2612 1995 2680 ἀφυπνώσας

413 2700 505 2752 καὶ
533 2699 628 2769 τὴν
667 2698 836 2753 νύκτα
867 2698 1106 2774 μειώσας
1127 2740 1142 2766 ,
1172 2702 1396 2774 Χριστὲ,
1428 2703 1531 2774 τῆς
1565 2706 1842 2779 ἁμαρτίας
1880 2707 1995 2780 φῶς

405 2790 487 2844 ὢν
524 2791 887 2864 δικαιοσύνης.

485 2882 866 2947 Πλουτοποιοῑς
897 2883 1200 2956 χαρίσμασι
1246 2890 1566 2960 κοσμισθεὶς
1596 2892 1660 2946 ὲκ
1691 2892 1996 2964 βαπτίσμα-

412 2989 522 3037 τος,
561 2974 759 3043 μᾶλλον
805 2967 915 3048 τῆν’
952 2979 1144 3033 πενίαν
1188 2979 1294 3034 τῶν
1345 2983 1527 3037 καλῶν
1568 2984 1865 3055 ἠγάπησαο
1901 2983 1995 3040 καὶ

415 3059 560 3129 ξένος
602 3066 910 3139 γεγένημαι
955 3069 1064 3125 τῶν
1095 3072 1306 3144 ἀρετῶν
1340 3077 1368 3129 ὁ
1396 3075 1563 3140 τάλας
1609 3074 1722 3146 ἐγώ
1745 3093 1760 3110 ο
1810 3077 1994 3151 χώραν

413 3159 492 3221 είς
521 3161 740 3230 μακρὰν
771 3162 1132 3234 ἀποδημήσας
1161 3167 1362 3232 κακίας
1382 3185 1396 3200 ·
1431 3169 1513 3224 διό
1557 3186 1625 3241 με
1661 3171 1994 3243 ἐπιστρέψας
2022 3211 2066 3272 c

415 3251 788 3320 ἔναγκάλισαι,
827 3254 1047 3327 Σῶτερ,
1102 3257 1179 3329 τῷ
1224 3259 1302 3332 σῷ
1353 3262 1572 3336 σταυρῷ
1621 3263 1866 3336 τειχίσας
1915 3265 1996 3329 είς

413 3343 624 3410 πάντας
647 3348 776 3410 τοὺς
810 3347 1033 3413 αἰῶνας.

484 3434 672 3506 Μέθην
696 3437 884 3492 παθῶν
931 3437 1256 3512 ἀπόρριψον,
1287 3443 1382 3497 καὶ
1411 3441 1662 3515 δακρύων
1695 3431 1997 3519 ὲκζήτησον

414 3527 505 3581 τὸν
555 3529 903 3610 καθαρτικὸν,
923 3533 1044 3616 διὰ.
1073 3537 1326 3606 νηστείας
1371 3533 1534 3605 οἶνον,
1565 3539 1734 3612 ψυχὴ,
1767 3541 1996 3612 καρδίαν

416 3621 797 3692 εὐφραίνοντα,
827 3625 923 3678 καὶ
969 3625 1176 3698 ἡδονὰς·
1215 3627 1572 3702 μαραίνοντα,
1606 3632 1701 3685 καὶ
1753 3632 1850 3697 τάς
1897 3635 1997 3704 τῆς

407 3713 619 3784 ’σαρκὸς
671 3715 1086 3787 ἀποτεφροῦντα
1137 3721 1433 3792 καμίνους·
1488 3725 1584 3777 καὶ
1633 3722 1870 3777 σπεῦσον
1917 3724 1995 3793 τῷ

418 3807 646 3870 παγέντι
669 3805 757 3859 διὰ
780 3807 842 3858 σὲ
875 3808 969 3860 ἐπὶ
1001 3807 1156 3872 ξύλου
1183 3810 1402 3882 Χριστῷ
1428 3812 1880 3884 συσταυρωθῆναι
1900 3811 1995 3866 καὶΙ

418 3889 582 3962 ζῆσαι
617 3896 695 3956 εἰς
725 3895 946 3960 αἰῶνας.

488 3986 860 4060 Θεογεννῆτορ
879 3989 1139 4058 πάναγνε,
1153 3991 1248 4060 τῆς
1273 3991 1451 4064 ψυχῆς
1470 4010 1570 4064 μου
1590 3992 1659 4047 τὰ
1673 3994 1990 4067 τραύματα,

415 4078 511 4131 καὶ
544 4078 642 4148 τῆς
674 4081 949 4152 ἁμαρτίας
993 4083 1091 4146 τὰς
1124 4085 1282 4148 οὐλὰς
1314 4086 1595 4157 ὲξάλειψον
1623 4091 1827 4158 πηγαῖς
1855 4089 1992 4143 ἀπο-

419 4170 704 4239 σμήχουσα
741 4174 862 4234 ταῖς
911 4174 974 4226 ὲκ
1020 4175 1261 4248 πλευρᾶς
1290 4177 1382 4230 τοῦ
1409 4179 1573 4235 τόκου
1605 4197 1721 4246 σου,
1755 4180 1848 4234 καὶ
1881 4182 1993 4245 τοῖς

415 4259 477 4325 ἐξ
496 4261 670 4331 αὐτῆς
701 4263 1151 4336 ἀποκαθαίρουσα
1175 4268 1412 4340 ῥείθροις
1432 4286 1446 4300 ·
1477 4269 1614 4342 πρὸς
1647 4272 1706 4325 σὲ
1725 4270 1835 4342 γὰρ
1859 4273 1992 4326 ἀνα-

413 4351 624 4421 κράζω,
655 4355 750 4408 καὶ
784 4355 921 4425 πρὸς
952 4357 1010 4410 σὲ
1041 4360 1388 4430 καταφεύγω,
1415 4363 1509 4417 καὶ
1535 4363 1592 4417 σὲ
1623 4363 1991 4437 ἐπικαλοῦμαι

413 4447 513 4517 τὴν
542 4450 1006 4520 κεχαριτωμένην.

720 4539 965 4610 Ἐξέστη
1002 4543 1100 4596 ἐπὶ
1139 4545 1317 4600 τοῦτο
1355 4549 1388 4600 ὁ
1425 4549 1699 4618 οὐρανός.

498 4629 670 4699 ὐρῶν
695 4647 751 4684 σε
781 4633 1102 4705 ὴπλωμένον
1122 4635 1212 4689 ἐπὶ
1236 4636 1467 4709 σταυροῦ
1489 4638 1585 4703 τὰς
1610 4641 1835 4705 ἀκτῖνας
1862 4660 1981 4697 συν-

415 4719 654 4774 έστειλεν
682 4721 851 4790 ἥλιος,
884 4726 1033 4778 πᾶσα
1061 4725 1118 4779 δὲ
1134 4726 1206 4798 γῆ
1221 4729 1410 4802 τρόμῳ
1442 4729 1728 4802 ὲκλονήθη,
1759 4733 1989 4804 παμϐα-

416 4811 587 4877 σιλεΰ,
620 4813 938 4880 ἐθελουσίως
972 4817 1243 4888 βλέπουσα
1293 4823 1571 4892 πάσχοντα
1613 4823 1702 4876 τὸν
1743 4823 1903 4892 φύσει
1929 4841 1988 4876 σε

411 4901 595 4972 ἀπαθῆ
619 4921 633 4936 ο
667 4905 746 4958 διό
799 4923 857 4960 σε
903 4910 1130 4965 ἱκετεύω
1157 4911 1225 4965 τά
1257 4912 1401 4985 πάθη
1437 4915 1534 4984 τῆς
1563 4913 1742 4986 ψυχῆς
1781 4931 1880 4983 μου
1910 4915 1989 4978 ὡς

415 5000 616 5070 ἰατρὸς,
643 5002 864 5072 Χριστὲ,
897 5001 1255 5075 θεράπευσον.

495 5089 678 5155 ὐδοὺς
711 5093 1074 5165 σωτηριώδεις
1108 5097 1443 5162 καταλιπὼν,
1480 5098 1577 5162 τὰς
1620 5100 1699 5164 είς
1730 5099 1860 5173 ᾅδην
1890 5118 1988 5169 φε-

412 5182 612 5254 ρούσας
639 5182 900 5240 διώδευσα
946 5189 1135 5252 σκότος
1171 5191 1341 5244 δεινὸν
1370 5191 1509 5262 ἔχων
1545 5192 1859 5264 περικύκλῳ
1887 5195 1985 5257 τὰς

409 5275 625 5344 ἡδονὰς,
644 5278 866 5334 καὶτῶν
885 5279 1074 5335 παθῶν
1090 5281 1180 5334 τὸν
1200 5282 1433 5348 ὄλισθον,
1454 5285 1544 5339 καὶ
1567 5288 1668 5358 τὴν
1689 5286 1982 5355 καταιγίδα

409 5365 517 5418 τῶν
561 5366 872 5438 λογισμῶνο
902 5370 982 5424 διό
1012 5388 1070 5427 σε
1101 5373 1350 5442 ἱκετεύω,
1391 5374 1470 5446 τῷ
1516 5376 1594 5449 σῷ
1646 5377 1864 5449 σταυρῷ
1913 5394 1980 5448 με

412 5455 605 5523 σῶσον,
638 5458 862 5530 Χριστὲ,
896 5460 971 5525 ὡς
1005 5463 1168 5533 μόνος
1205 5463 1512 5530 πολυέλεος.

477 5631 724 5702 Χειμῶνι
756 5636 1110 5707 συνεχόμενος
1141 5638 1414 5710 λογισμῶν
1450 5642 1542 5695 καὶ
1573 5641 1764 5696 παθῶν
1789 5661 1980 5712 τρικυ⁴

411 5741 560 5793 μιαις
591 5727 986 5798 ποντούμενος,
1034 5733 1129 5786 καὶ
1164 5733 1367 5804 ἡδονῶν
1401 5733 1547 5804 σάλῳ
1592 5735 1984 5805 χειμαζόμενος

403 5818 682 5888 χαλεπῶς,
715 5821 776 5902 τὸ
807 5823 904 5894 τῆς
933 5826 1186 5896 νηστείας
1220 5827 1456 5898 πέλαγος
1489 5827 1693 5897 ἔφθασα
1723 5828 1784 5882 τὸ
1809 5832 1984 5902 πρᾶον

2099 1955 2278 2013 trona,
2323 1948 2632 2003 castissima
2671 1947 2926 2018 Domina,
2963 1969 3050 2011 me
3089 1958 3494 2019 calamitatibus
3541 1964 3666 2020 vita:

2095 2037 2526 2093 circumventum
2599 2049 2654 2096 et
2727 2041 2982 2102 ﬂuctibus
3055 2049 3318 2121 agitatum
3388 2057 3662 2124 guberna.

2097 2127 2285 2200 Virgo.

2585 2227 2832 2298 δορικρίο
2888 2229 3179 2300 fornacem.

2185 2317 2439 2389 Vigilanti
2473 2321 2634 2377 oculo
2665 2337 2750 2379 me
2781 2323 3101 2395 inspiciens,
3150 2329 3412 2388 miserare
3441 2347 3527 2389 me
3567 2333 3667 2390 de-

2097 2406 2285 2478 siderii
2339 2425 2534 2492 sapore
2585 2413 2789 2469 victum
2844 2424 2900 2472 et
2949 2431 3145 2474 somno
3195 2422 3530 2492 voluptatum
3578 2441 3673 2483 cc-

2091 2497 2315 2554 dentem
2356 2490 2411 2556 in
2443 2503 2806 2574 cupiditatum
2835 2507 3024 2572 cubili,
3067 2510 3163 2581 qui
3217 2513 3271 2568 in
3302 2490 3466 2571 cruce
3503 2530 3668 2589 caput

2097 2600 2249 2646 tuum
2284 2595 2566 2650 reclinasti
2595 2606 2648 2652 et
2694 2607 2888 2666 sponte
2924 2600 3285 2660 obdormuisti
3343 2618 3669 2684 noctemque

2096 2685 2305 2756 peccati
2346 2687 2616 2756 minuisti,
2644 2689 2881 2762 Christe,
2915 2693 3097 2751 lumeu
3132 2697 3381 2767 iustitiae.

2168 2860 2441 2918 Divitibus
2465 2863 2655 2934 gratiis
2691 2875 2989 2924 exornatus
3019 2884 3084 2924 ex
3114 2869 3464 2942 baptismate,
3499 2877 3669 2947 magis

2097 2962 2473 3022 paupertatem
2505 2971 2668 3026 quam
2695 2957 2834 3012 bona
2860 2958 3046 3027 dilexi,
3077 2961 3451 3034 virtutumque
3483 2975 3668 3023 extra-

2095 3060 2237 3104 neus
2265 3045 2442 3103 factus
2475 3063 2599 3104 sum
2631 3048 2815 3105 infelix
2849 3066 2971 3122 ego,
3009 3053 3063 3107 in
3113 3053 3466 3127 longinquam
3515 3062 3672 3116 mali-

2097 3139 2190 3194 tias
2243 3140 2518 3211 regionem
2551 3141 2778 3209 abiens;
2851 3155 3140 3217 propterea
3196 3158 3456 3206 converte
3495 3167 3580 3209 me
3613 3161 3671 3209 et

2099 3233 2245 3289 ulnis
2289 3235 2648 3304 amplectere,
2694 3235 2964 3306 Salvator,
3021 3253 3188 3297 cruce
3240 3251 3332 3298 tua
3389 3259 3480 3301 me
3544 3261 3666 3302 mu-

2092 3323 2254 3380 niens
2285 3324 2344 3378 in
2373 3327 2559 3380 omnia
2597 3327 2820 3382 saecula.

2091 3446 2106 3454 -
2179 3413 2555 3486 Cupiditatum
2599 3419 2921 3474 ebrietatem
2981 3417 3178 3493 abilcc,
3228 3433 3282 3479 et
3333 3425 3544 3496 jejunio
3575 3445 3671 3485 ex-

2098 3509 2274 3580 quire,
2303 3513 2506 3576 anima,
2529 3511 2894 3584 laerymarum
2941 3514 3241 3586 puriﬁeans
3282 3517 3470 3572 vinum
3521 3520 3671 3590 quod

2099 3602 2337 3656 laetificat
2371 3618 2487 3669 cor,
2513 3606 2822 3675 voluptates
2851 3607 3203 3678 languescere
3237 3609 3366 3665 facit
3406 3621 3461 3667 et
3486 3614 3672 3670 carnis

2094 3692 2350 3751 {ornaees
2368 3696 2422 3750 in
2449 3698 2686 3752 cinerem
2716 3699 2901 3764 vertit,
2937 3700 3132 3754 festina
3161 3701 3388 3771 insuper
3413 3703 3520 3759 fixo
3545 3719 3673 3776 pro-

2099 3792 2220 3854 pter
2245 3792 2298 3840 te
2326 3800 2490 3856 super
2535 3789 2741 3859 lignum
2774 3789 2992 3845 Christo
3025 3793 3272 3864 (δι’υοίαεί
3329 3803 3384 3850 et
3418 3796 3472 3851 in
3507 3806 3670 3854 aeter-

2097 3891 2226 3930 num
2252 3878 2454 3933 vivere.

2170 3973 2266 4028 Dei
2300 3971 2565 4027 (ἔρυξα-ὴν
2595 3971 2915 4042 purissima,
2959 3973 3154 4030 animae
3187 3992 3318 4033 meae
3349 3977 3577 4037 vulnera
3611 3994 3670 4040 et

2095 4067 2308 4139 peccati
2341 4067 2628 4122 cicatrices
2681 4068 2936 4134 oblitera,
2981 4066 3227 4126 fontibus
3255 4072 3572 4144 abstergens
3601 4091 3669 4131 ex

2095 4161 2266 4216 latere
2299 4160 2509 4215 fructus
2545 4160 2624 4214 tui
2673 4162 3026 4215 manantibus
3067 4170 3121 4217 et
3168 4165 3474 4222 emundans
3516 4168 3669 4238 ejus-

2089 4251 2216 4307 dem
2250 4251 2504 4319 lluentis;
2546 4252 2610 4306 ad
2649 4262 2700 4307 te
2722 4252 2866 4307 enim
2897 4253 3166 4321 exclamo,
3217 4257 3284 4311 ad
3331 4265 3384 4312 te
3419 4260 3670 4334 perfugio
3694 4247 3707 4256 ”

2092 4351 2258 4412 teque
2289 4343 2483 4397 invoco
2515 4341 2688 4411 gratia
2726 4341 2966 4411 plenam.
3015 4389 3018 4391 .
3382 4336 3389 4342 ’

2499 4537 2784 4619 Obstupuit
2801 4537 2984 4593 caelum
3017 4555 3173 4609 super
3199 4541 3316 4598 hoc.

2165 4630 2373 4687 Videtis
2405 4639 2458 4686 te
2508 4631 2562 4685 in
2591 4646 2780 4686 cruce-
2813 4640 3124 4700 extensum,
3162 4633 3348 4690 radios
3396 4635 3673 4695 subtraxit

2096 4727 2205 4792 sol,
2260 4724 2445 4780 omnis
2494 4737 2628 4778 vero
2677 4729 2828 4777 terra
2901 4731 3142 4781 tremore
3192 4728 3525 4784 conturbata
3559 4739 3668 4798 est,

2094 4817 2206 4872 Rex
2266 4817 2536 4881 omnium,
2579 4829 2814 4872 cernens
2878 4827 2928 4872 le
2974 4824 3171 4888 sponte
3215 4821 3535 4890 patientem,
3575 4823 3670 4893 qui

2095 4917 2297 4964 natura
2329 4907 2695 4978 impassibilis
2725 4923 2786 4963 es
2823 4925 2838 4975 ;
2889 4923 3060 4978 quare
3121 4925 3288 4965 exoro
3322 4920 3395 4977 te,
3446 4913 3670 4969 morbos

2089 5003 2293 5055 anitum
2329 5015 2462 5055 meze
2501 5001 2924 5070 sana‘tanquam
2959 5001 3229 5067 medicus,
3257 5001 3499 5058 Christe.

2165 5090 2299 5148 Vias
2347 5091 2668 5148 salutiferas
2739 5092 3146 5162 derelinquens,
3191 5109 3393 5162 easque
3448 5101 3672 5150 secutus

2093 5199 2219 5254 qua:
2250 5185 2305 5238 in
2363 5183 2641 5238 infernum
2675 5185 2912 5251 ducunt,
2940 5186 3215 5240 terribiles
3243 5185 3472 5241 transivi
3513 5195 3672 5241 tene-

2094 5277 2246 5342 bras,
2284 5275 2708 5332 circumhabcns
2747 5276 3053 5346 voluptates
3077 5285 3133 5332 et
3187 5277 3553 5348 cupiditatum
3588 5280 3669 5332 la-

2093 5383 2230 5439 psus
2257 5375 2312 5422 et
2369 5367 2771 5438 cogitationum
2820 5367 3131 5436 procellas;
3177 5383 3351 5439 quare
3382 5384 3553 5425 exoro
3593 5379 3666 5438 te,

2097 5475 2266 5516 cruce
2288 5467 2380 5514 tua
2406 5459 2557 5516 salva
2587 5473 2696 5523 me,
2728 5455 2974 5526 Christe,
3000 5459 3094 5528 qui
3145 5459 3304 5514 solus
3354 5475 3415 5517 es
3459 5459 3670 5519 inﬁnite

2095 5551 2438 5608 misericors.

2163 5641 2516 5712 Tempestate
2537 5639 2940 5710 cogitationum
2985 5642 3324 5700 constrictus
3356 5653 3414 5699 et
3451 5642 3668 5716 cupidi-

2093 5744 2264 5789 tatum
2286 5734 2544 5789 [luctibus
2574 5747 2792 5789 mersus
2817 5745 2982 5802 atque
3006 5735 3350 5806 voluptatum
3381 5740 3670 5794 turbinosa

2097 5827 2392 5897 agitatione
2450 5825 2688 5898 graviter
2737 5826 3002 5897 jactatus,
3055 5827 3120 5883 ad
3185 5828 3378 5900 jejunii
3415 5832 3660 5904 pelagus,
