3986 6236
413 347 548 410 3387
1317 343 1376 403 S.
1412 341 1762 404 SOPHRON
1775 341 1827 400 ll
1853 339 2354 402 PATRMRCR-E
2387 345 2436 403 II
2449 345 2786 407 [EROSOL
3537 349 3667 414 3838

419 460 782 531 tranquillum
854 457 1242 529 placidumque
1299 458 1594 514 festinmi:
1657 458 1709 512 in
1763 464 1865 511 hoc
1911 467 1984 510 nn

2117 457 2193 510 ιαὶ
2224 459 2488 530 γαληνόν*
2526 462 2584 514 ὲν
2616 455 2660 530 ᾧ
2697 479 2762 532 με
2811 460 3154 532 κυϐερνήσας
3208 462 3281 533 τῷ
3331 463 3408 536 σῷ
3442 469 3668 538 σταυρῷ,

417 568 584 606 cruce
636 562 727 604 tua
783 551 1120 618 gubernans,
1169 549 1503 616 misericors,
1538 551 1602 603 ad
1639 549 1834 606 Salutis
1863 564 1994 618 por-

414 656 529 698 tum
563 645 794 714 appello.

489 736 820 805 Suscepisti,
888 733 1076 803 Virgo,
1159 734 1364 804 absque
1423 733 1632 792 semine
1689 732 1840 788 illum
1894 733 1986 802 qui

415 839 616 882 cuncta
651 828 881 892 creavit,
908 825 1146 881 Verbum
1183 826 1302 890 Dei,
1325 827 1533 896 absque
1565 826 1850 881 voluntate
1870 839 1994 879 car-

416 923 500 975 nis
535 938 548 984 ;
587 921 706 974 sine
736 919 1092 988 corruptione
1123 930 1302 972 autem
1333 917 1567 987 genuisti
1601 924 1657 972 et
1685 916 1806 971 sine
1836 913 1993 969 dolo-

418 1013 570 1064 ribus
644 1011 907 1064 maternis
936 1027 950 1076 ;
977 1024 1149 1077 quare
1194 1017 1244 1062 te
1279 1007 1563 1078 Dciparam
1614 1015 1668 1060 et
1715 1007 1906 1077 lingua
1937 1014 1992 1061 et

414 1104 580 1158 corde
613 1102 941 1157 confitcnter
969 1101 1409 1170 magniﬁcamns.

624 1196 663 1248 A
675 1196 840 1258 udivi,
872 1195 1112 1259 Domine,
1145 1194 1589 1265 dispensationem
1611 1201 1776 1246 tuam.

484 1286 587 1353 Qui
633 1288 684 1342 in
717 1287 1055 1342 continentia
1106 1287 1382 1349 vixerunt,
1441 1285 1733 1339 illuminati
1786 1283 1990 1340 Christi

411 1380 667 1449 apostoli,
733 1379 1087 1432 continentia:
1173 1387 1394 1449 tempus
1454 1378 1611 1433 nobis
1653 1375 1868 1430 facilem
1903 1373 1991 1430 di-

412 1475 536 1527 vina
596 1472 925 1527 mediatione
956 1470 1218 1541 przebcnt.

489 1565 785 1619 Duodecim
821 1564 1151 1617 chordarum
1187 1578 1392 1634 organo
1425 1563 1665 1625 salutare
1704 1562 1988 1631 personuit

414 1672 637 1711 carmen
679 1656 1078 1725 discipulorum
1110 1656 1313 1711 chorus
1339 1657 1566 1710 numine
1597 1655 1829 1719 amatus,
1871 1668 1991 1724 pcr-

416 1765 606 1806 versos
634 1748 982 1803 confundens
1011 1748 1269 1818 ρεειΙιιιοε.

2095 548 2400 618 οἰκτίρμον,
2441 550 2577 620 πρὸς
2609 550 2882 620 σωτηρίαν
2911 549 3334 622 ἐγκαοόρμισον.

2165 730 2486 794 Συνέλαὸες,
2541 732 2809 804 Παρθένε,
2857 732 2982 803 δίχα
3030 734 3240 802 σπορᾶς
3288 732 3381 786 τὸν
3431 733 3496 786 τὰ
3541 731 3666 804 σύμ·

2097 840 2276 877 παντα
2317 825 2804 896 δημιουργήσαντα
2844 827 3017 895 Λόγον
3063 825 3222 889 Θεοῦ,
3267 827 3398 879 ἄνευ
3449 825 3671 897 θεὶημά-

2095 931 2202 967 των
2233 914 2341 967 τῶν
2368 915 2467 986 τῆς
2498 916 2699 988 σαρκός
2717 932 2732 948 ·
2767 915 2900 970 ἄνευ
2929 916 3138 986 φθορᾶς
3169 916 3226 970 δὲ
3255 916 3499 982 τέτοκας,
3526 917 3668 969 ἄνευ·

2095 1003 2187 1058 θεν
2231 1005 2438 1060 ὠδίνων
2486 1007 2594 1061 τῶν
2641 1009 2962 1078 μητρικῶν·
3016 1009 3100 1062 διό
3151 1025 3210 1062 σε
3267 1009 3528 1061 Θεοτόκον
3583 1007 3669 1060 καὶ

2093 1095 2316 1168 γλώσσῃ
2350 1098 2441 1150 καὶ
2472 1097 2672 1170 καρδίᾳ
2697 1098 3089 1169 ὁμολογοῦντες
3120 1098 3518 1170 μεγαλύνομεν.

2237 1187 2607 1254 Εἱσακήκοα,
2639 1190 2839 1259 Κύριε,
2871 1189 2984 1258 τῆς
3023 1191 3362 1260 οἰκονομίας
3400 1208 3534 1244 σου.

2166 1278 2496 1350 Ἐγκρατείᾳ
2513 1280 2779 1352 ζήσαντες
2801 1282 2852 1335 οἱ
2870 1281 3270 1352 πεφωτισμένοι
3290 1280 3530 1352 Χριστοῦ
3551 1281 3670 1334 ἀπό·

2094 1371 2291 1437 στολοι,
2321 1374 2652 1447 ἐγκρατείας
2674 1373 2766 1429 τὸν
2791 1374 2985 1447 καιρὸν
3006 1377 3138 1448 ἡμῖν
3167 1376 3422 1447 μεσιτείᾳ
3446 1373 3565 1446 θείᾳ
3590 1374 3669 1427 εὖ·

2093 1464 2438 1536 μαρίζουσιν.

2160 1557 2572 1630 Δωδεκάχορδον
2600 1559 2830 1631 ὄργανον
2877 1561 3038 1632 μέλος
3079 1561 3373 1634 ὲκελάδησε
3405 1562 3467 1616 τὺ
3499 1565 3667 1634 σωτή-

2093 1665 2228 1716 ριον,
2261 1648 2522 1721 μαθητῶν
2551 1652 2709 1722 χορὸς
2728 1651 2758 1704 ὁ
2785 1650 2988 1716 ἔνθεος,
3017 1652 3232 1722 πονηρὰ
3264 1653 3512 1723 συγχέων
3540 1652 3665 1724 μελ-

2091 1741 2202 1812 ῳδή
2213 1759 2356 1811 ματα
2366 1780 2378 1794 .

494 1840 748 1910 Copiosis
775 1839 1011 1910 Spiritus
1041 1840 1312 1894 imbribus
1341 1852 1536 1896 cuncta
1566 1840 1669 1895 sub
1707 1840 1821 1895 sole
1860 1838 1984 1893 irri-

2117 1803 2120 1811 Ι
2159 1803 2518 1904 ’ἐπομϐρίαις
2571 1832 2665 1886 τοῦ
2718 1832 3034 1906 Πνεύματος
3087 1835 3270 1888 πᾶσαν
3316 1833 3417 1906 τὴν
3451 1833 3669 1905 ὐφὴλιον

414 1936 609 2005 gasris,
639 1933 984 2006 polythcismi
1029 1934 1335 1987 siccitatem
1396 1932 1753 2004 expcllentes,
1789 1933 1989 1989 beatis-

414 2023 560 2080 simi.

483 2114 718 2170 "’Ullliiia
747 2131 833 2170 mc
857 2124 911 2170 et
937 2117 1085 2171 salva
1113 2132 1195 2170 me
1218 2116 1360 2171 elato
1406 2116 1752 2172 incedentem
1779 2118 1985 2182 animo,

413 2203 580 2277 Virgo
615 2206 932 2274 purissima,
965 2223 1086 2277 quae
1108 2208 1344 2279 genuisti
1376 2209 1631 2280 delapsos
1657 2209 1982 2282 erigentem.

913 2386 1182 2458 Principio
1211 2398 1495 2444 carentem.
1851 2452 1858 2459 .

481 2474 639 2530 Sicut
675 2475 947 2532 carbones
1016 2477 1158 2546 ignis
1221 2476 1620 2542 innnaterialis,
1681 2475 1987 2532 comburite

411 2569 728 2624 materiales
770 2583 921 2624 meas
950 2569 1296 2639 cupiditates,
1335 2571 1593 2641 apostoli,
1627 2585 1776 2626 nunc
1807 2572 1860 2626 in
1900 2585 1986 2626 me

417 2658 775 2715 incendentes
801 2674 1042 2714 amorem
1065 2659 1266 2715 divinae
1297 2651 1631 2717 dilectionis.

481 2749 667 2807 Tnbas
693 2766 926 2806 canoras
959 2750 1121 2807 Verbi
1161 2753 1495 2808 honoremns
1549 2768 1645 2824 per
1676 2767 1814 2824 quas
1844 2753 1986 2808 ceci-

409 2844 607 2898 derunt
642 2843 915 2900 instabilia
947 2843 1154 2898 inimici
1199 2846 1425 2908 omnia,
1458 2855 1514 2902 et
1542 2845 1741 2902 divina
1771 2846 2015 2917 religio—'

408 2935 494 2990 nis
526 2936 933 3006 propugnacula
956 2936 1194 2991 stabilita
1225 2945 1374 2992 sunt.

478 3024 784 3079 Simulacra
812 3023 1127 3094 cupidinem
1167 3026 1359 3082 aninne
1395 3040 1527 3082 mea
1570 3028 1858 3091 conterite,
1890 3029 1986 3098 qui

2090 1923 2519 1996 κατηρδεύσατε,
2550 1924 2644 1978 τὸν
2688 1925 2899 1997 αὐχμὸν
2951 1925 3350 1994 ἀποδιώξαντες
3377 1927 3476 1998 τῆς
3511 1925 3667 1978 πολυ-

2092 2016 2245 2080 θεῖας
2280 2015 2766 2088 παμμακάριστοι.

2159 2109 2202 2164 Τ
2207 2111 2561 2167 απεινώσασα
2585 2111 2759 2165 σῶσόν
2784 2129 2850 2180 με
2872 2111 2964 2164 τὸν
2984 2110 3374 2183 ὑψηλοφρόνως
3396 2111 3667 2166 πολιτευό-

2092 2216 2275 2270 μενον,
2296 2201 2330 2272 ἡ
2355 2201 2588 2256 τεκοῦσα
2610 2199 2699 2255 τὸν
2719 2199 3010 2270 ύψώσαντα
3025 2202 3148 2265 τοὺς
3169 2200 3664 2272 κατερραγμένους,

2089 2292 2246 2363 Κόρη
2278 2293 2538 2362 πάναγνε.

2660 2386 2771 2438 Τὸν
2809 2383 3096 2452 ἄναρχον.

2171 2478 2259 2542 Ὠς
2287 2477 2557 2550 ἄνθρακες
2587 2477 2680 2533 τοῦ
2713 2477 2884 2548 πυρὸς
2913 2475 3007 2528 τοῦ
3039 2475 3206 2529 ἀΰλου
3238 2474 3586 2546 συμφλέξατε
3605 2475 3666 2528 τὰ

2089 2568 2265 2640 ὑλώδη
2295 2587 2395 2640 μου
2425 2569 2605 2642 πάθη,
2635 2565 2968 2631 ἀνάπτοντές
3003 2582 3094 2637 μοι
3123 2565 3216 2619 νῦν
3242 2566 3334 2620 τὸν
3365 2564 3547 2638 ἔρωτα
3574 2568 3666 2636 τῆς

2089 2660 2256 2726 θείας,
2291 2660 2598 2725 ἀπόστολοι,
2633 2658 2872 2728 ἀγάπης.

2159 2755 2270 2817 Τὰς
2303 2753 2608 2822 σάλπιγγας
2639 2753 2737 2817 τὰς
2769 2753 2998 2823 εύήχους
3021 2750 3116 2805 τοῦ
3144 2749 3304 2819 λόγου
3330 2749 3666 2820 τιμήσωμεν,

2087 2844 2154 2899 δι’
2181 2838 2255 2898 ὧν
2296 2844 2556 2897 πέπτωκε
2581 2843 2734 2914 τείχη
2763 2842 3028 2912 άνίδρυτα
3050 2838 3268 2912 ἐχθροῦ,
3298 2838 3394 2893 καὶ
3423 2838 3524 2908 τῆς
3557 2836 3667 2889 θεο-

2088 2936 2328 3006 γνωσίας
2358 2935 2710 3007 ἠδράσθησαν
2741 2933 3013 3000 ἐπάλξεις.

2159 3029 2485 3102 ’ἰνδάλματα
2523 3028 2746 3100 ἐμπαθῆ
2771 3029 2872 3098 τῆς
2901 3027 3079 3100 ψυχῆς
3110 3043 3213 3098 μου
3241 3022 3596 3098 συντρίψατε,
3623 3026 3666 3079 οἱ

408 3115 608 3186 templa
639 3121 696 3171 et
725 3116 1010 3172 columnas
1065 3118 1406 3176 contrivistis
1461 3118 1693 3184 inimici,
1749 3119 1982 3191 apostoli

2117 3121 2251 3188 acti:
2281 3139 2340 3176 τε
2371 3123 2465 3176 καὶ
2498 3123 2698 3192 στήλας
2730 3119 3118 3192 συντρίψαντες
3142 3118 3360 3191 ἐχθροῦ,
3385 3119 3666 3175 ἀπόστολοι

410 3206 649 3271 Domini,
685 3209 884 3277 templa
916 3217 1260 3265 consecrata.

477 3297 950 3369 Comprehendisti
1005 3299 1544 3373 incomprelicnsum,
1584 3309 1794 3359 naturae
1847 3302 1984 3376 legi-

408 3389 512 3445 bus
542 3388 797 3460 bajulasti
827 3391 920 3461 qui
978 3389 1188 3462 baiulat
1219 3393 1443 3459 omnia;
1478 3393 1716 3458 lactasti,
1745 3393 1984 3465 purissi-

406 3495 520 3546 ma,
551 3482 644 3554 qui
673 3493 955 3539 creaturas
981 3484 1181 3549 nutrit,
1213 3484 1494 3540 Chriswm
1526 3483 1918 3546 viviﬁcantem.

686 3576 910 3647 Proprie
945 3577 1228 3646 Deiparam
1255 3588 1302 3633 te
1335 3579 1663 3648 conﬁtentes.

475 3669 579 3737 Qui
614 3667 790 3724 fontes
816 3668 1078 3724 salutaris
1107 3668 1300 3726 liuenti
1333 3671 1693 3741 apparuistis,
1719 3673 1980 3745 apostoli,

407 3775 585 3817 meam
643 3763 883 3816 animam
919 3769 1267 3834 peccatorum
1317 3763 1408 3820 siti
1454 3763 1800 3836 liquefactam
1852 3768 1982 3824 irri-

410 3863 554 3926 gate.
1017 3921 1024 3930 ι

480 3941 651 4011 Quasi
699 3943 782 4000 sal
817 3944 1057 4000 dulcium
1088 3943 1540 4004 documentorum
1565 3947 1764 4014 effecti,
1794 3955 1983 4020 putre-

410 4036 592 4092 dincm
636 4037 833 4092 anima:
868 4052 1002 4092 mea:
1057 4035 1346 4104 arefacite,
1381 4047 1438 4093 ct
1468 4038 1794 4110 ignorantia:
1849 4057 1983 4098 mere

408 4129 666 4187 tenebras
691 4129 966 4201 expellite.

487 4221 808 4304 Immersum
834 4228 1180 4298 negligentia:
1205 4228 1397 4298 pelago
1424 4235 1478 4284 et
1519 4227 1632 4298 jam
1667 4227 1770 4285 sub
1805 4227 1982 4285 ductio

411 4319 514 4373 bus
531 4318 782 4388 pressum
813 4328 904 4374 tua
934 4320 1126 4377 dextra
1159 4321 1301 4378 sicut
1323 4319 1546 4376 Petrum
1577 4321 1726 4378 salva
1757 4338 1862 4388 me,
1883 4322 1980 4379 be-

410 4424 596 4481 ungue.

2085 3216 2320 3288 Κυρίου,
2348 3215 2468 3270 ναοὶ
2499 3214 2848 3286 ἡγιασμένοι.

2158 3310 2478 3383 Ἐχὼρησας
2526 3309 2618 3364 τὸν
2663 3308 2968 3379 ἁχώρητον,
3016 3305 3176 3376 φύσει
3227 3306 3542 3373 ἐϐάστασας
3585 3305 3667 3362 τὸν

2085 3403 2424 3478 βαστάζοντα
2442 3404 2619 3459 πάντα
2642 3416 2658 3434 ο
2681 3401 2970 3472 ἐθήλασας,
2994 3399 3155 3473 ἁγνὴ,
3177 3399 3271 3456 τὸν
3287 3401 3563 3474 τρέφοντα
3575 3401 3666 3473 τὴν

2083 3497 2286 3562 κτίσιν,
2313 3495 2547 3566 Χριστὸν
2580 3494 2673 3548 τὸν
2701 3493 2992 3565 ζωοδύτην.

2291 3589 2514 3659 Κυρίως
2556 3590 2852 3644 Θεοτόκον
2888 3603 2963 3643 σε
3001 3587 3466 3659 ὁμολογοῦντες.

2155 3681 2335 3752 Πηγαὶ
2368 3680 2463 3734 τοῦ
2495 3679 2766 3752 σωτηρίου
2800 3681 3044 3752 νάματος
3077 3679 3384 3752 δειχθέντες
3405 3720 3419 3744 ,
3454 3681 3559 3751 τὴν
3583 3679 3664 3733 ὲκ-

2083 3777 2342 3828 τακεῖσαν
2362 3775 2538 3844 ψυχήν
2562 3791 2687 3845 μου,
2724 3772 3035 3842 ἀπόστολοι,
3055 3773 3158 3846 τῆς
3182 3773 3458 3846 ἁμαρτίας
3481 3772 3560 3845 τῷ
3590 3772 3662 3827 δί-

2083 3865 2174 3936 ψει
2207 3864 2660 3936 καταδροσίσατε.

2167 3957 2252 4021 Ὠς
2282 3956 2406 4020 ἆλες
2429 3955 2539 4011 τῶν
2570 3955 2840 4027 νοστίμων
2871 3958 3024 4022 ὄντες
3051 3958 3421 4028 διδαγμάτων,
3445 3957 3548 4030 τὴν
3577 3973 3664 4026 ση-

2083 4049 2283 4104 πεδόνα
2333 4049 2513 4120 ψυχῆς
2563 4065 2665 4120 μου
2704 4047 3001 4120 ξηράνατε,
3035 4052 3129 4105 καὶ
3181 4049 3281 4122 τῆς
3335 4052 3562 4120 ἀγνοίας
3609 4047 3663 4104 τὲ

2085 4143 2276 4206 σκότος
2308 4141 2668 4208 ἀποδιώξατε.

2152 4232 2467 4304 Νηχόμενον
2493 4232 2720 4302 πελάγει
2749 4231 2827 4303 τῷ
2859 4236 2958 4305 τῆς
2985 4232 3274 4304 ἀμελείας,
3304 4235 3398 4288 καὶ
3428 4231 3660 4305 ὑποϐρύ-

2082 4340 2198 4396 χιον
2227 4323 2330 4396 ήδη
2359 4324 2674 4395 γενῦμενον,
2705 4326 2771 4395 σῇ
2820 4323 2968 4395 δεξιᾷ
3011 4325 3085 4390 ὼς
3112 4324 3204 4380 τὸν
3234 4325 3437 4396 Πέτρον
3468 4327 3659 4390 σῶσον,

2084 4415 2276 4486 φιλάνθ
2285 4431 2456 4485 ρωπε.

481 4495 614 4562 Qua:
661 4497 918 4567 gaudium
955 4498 1238 4570 peperisti,
1289 4500 1536 4558 dolorem
1590 4501 1722 4557 mihi
1775 4503 1975 4574 praebe,

2153 4504 2346 4575 Χαρὰν
2374 4504 2451 4569 ὼς
2477 4506 2749 4570 τετοκυῖα,
2783 4503 2978 4569 πένθος
3027 4521 3116 4576 μοι
3171 4506 3478 4578 παράσχου,
3506 4507 3576 4560 δι’
3602 4499 3660 4558 οὗ

405 4579 660 4658 Domina,
697 4600 808 4655 quo
837 4585 1075 4642 divinam
1105 4589 1538 4648 consolationem
1595 4591 1649 4646 in
1702 4591 1792 4648 die
1846 4607 1978 4653 ven-

413 4685 532 4732 tura
564 4677 807 4734 invenire
827 4681 1058 4752 possim.

909 4771 966 4826 F
969 4774 1053 4829 ide
1081 4776 1415 4833 illuminant.

479 4861 586 4930 Qui
642 4864 934 4922 extendisti
987 4870 1187 4924 cazlum
1239 4869 1384 4925 sicut
1419 4868 1638 4940 pellem,
1687 4871 1982 4929 ostendisti

410 4956 620 5024 palmas
671 4955 726 5010 in
773 4971 958 5026 cruce,
997 4960 1202 5028 optime
1247 4957 1376 5016 Jesu
1413 4977 1428 5024 ;
1469 4963 1979 5031 quareobsecrotc,

409 5042 673 5100 miserare
702 5060 787 5101 me
809 5047 1019 5103 inimici
1049 5048 1249 5116 injuria
1283 5059 1612 5120 postratum.

481 5255 741 5314 Libenter
774 5260 828 5314 in
887 5275 1054 5316 cruce
1109 5261 1477 5327 obdormiisti,
1512 5265 1770 5336 benigne,
1797 5269 1984 5325 susci-

409 5349 672 5405 tationem
692 5352 888 5409 salutis
915 5353 1078 5408 nobis
1101 5354 1705 5426 praebcnsjaeentibus,
1729 5359 1980 5425 Domine,

409 5455 464 5495 ιιι
508 5439 833 5510 perditionis
861 5442 1056 5500 intimo
1085 5463 1100 5512 ;
1134 5446 1278 5501 unde
1335 5455 1388 5502 te
1438 5445 1542 5502 ﬁde
1587 5447 1980 5519 gloriﬁcamus.

482 5611 765 5672 Passionis
789 5625 895 5673 tum
928 5619 1072 5676 diem
1102 5622 1286 5679 videre
1326 5625 1555 5696 dignare
1615 5639 1806 5681 servos
1860 5633 1984 5683 tuos

413 5704 755 5764 illuminatos
774 5710 968 5781 jejunii
999 5715 1389 5785 splendoribus
1419 5725 1584 5788 atque
1617 5717 1982 5775 viviﬁcantem

418 5807 567 5849 tuam
598 5803 1073 5871 resurrectionem,
1127 5807 1398 5879 Salvator,
1456 5811 1672 5882 hymnis
1701 5810 1983 5868 celebran-

422 5893 506 5940 tes
536 5885 688 5952 regni
714 5891 789 5945 tui
829 5897 1146 5962 potentiam.

2082 4595 2180 4668 τὴν
2196 4595 2344 4649 θείαν
2366 4595 2732 4668 παράκλησιν,
2748 4595 3036 4662 Δέσποινα,
3049 4597 3108 4649 ὲν
3121 4597 3190 4667 τῇ
3207 4595 3472 4669 μελλούσῃ
3486 4597 3661 4668 ἡμέρᾳ

2082 4688 2265 4759 εὑρεῖν
2295 4687 2617 4758 δυνήσομαι.

2453 4778 2517 4832 '0
2541 4780 2810 4848 φωτίσας
2848 4778 2924 4850 τῇ
2961 4780 3279 4850 ἐλλάμψει.

2149 4871 2228 4924 Ὀ
2275 4869 2520 4933 ἐκτείνας
2562 4870 2790 4941 οὐρανὸν
2832 4871 2963 4924 ὡσεὶ
3003 4870 3220 4942 δέρῤιν,
3252 4869 3523 4936 ἐξέτεινας
3566 4870 3658 4934 τὰς

2087 4959 2344 5028 παλάμας
2390 4962 2447 5012 ὲν
2479 4959 2716 5032 σταυρῷ,
2735 4958 2906 5032 Ἰησοῦ
2940 4959 3256 5032 ύπεράγαθε
3275 4976 3289 4991 °
3319 4961 3400 5014 διὸ
3437 4959 3658 5014 ἱκετεύω

2087 5068 2145 5104 σε
2176 5051 2624 5121 κατατεινόμενον
2658 5050 2852 5122 ἐχθροῦ
2889 5068 2957 5123 με
2984 5055 3104 5118 ταῖς
3131 5051 3417 5125 ὲπηρείαις
3460 5052 3656 5108 οἰκτεί-

2087 5159 2272 5214 ρησον.

2155 5269 2518 5339 ’Δφύπνωσας
2570 5271 2628 5323 ὲν
2679 5269 2901 5342 σταυρῷ
2947 5271 3234 5334 ἑκουσίως,
3287 5269 3653 5341 φιλάνθρωπε,

2088 5362 2417 5433 ἐγρήγορσιν
2449 5363 2720 5434 σωτηρίας
2749 5365 2880 5434 ἡμῖν
2920 5363 3295 5432 παρεχόμενος
3328 5367 3440 5428 τοῖς
3474 5363 3646 5433 κειμέ-

2087 5469 2218 5517 νοις,
2246 5453 2441 5526 Κύριε,
2473 5455 2531 5508 ὲν
2560 5457 2857 5528 κατωτάτῳ
2883 5456 3188 5520 ἀπωλείας·
3219 5456 3341 5511 ὃθεν
3374 5475 3433 5511 σε
3479 5459 3654 5510 πίστει

2085 5541 2397 5614 δοξάζομεν.

2158 5635 2262 5688 Τοῦ
2287 5637 2492 5701 πάθους
2520 5654 2613 5691 σου
2642 5639 2742 5709 τὴν
2773 5638 2985 5710 ἡμέραν
3019 5640 3146 5695 ἰδεῖν
3169 5639 3654 5707 καταξίωσον,τοὺς

2086 5723 2306 5791 δούλους
2357 5744 2453 5781 σου
2500 5730 2866 5798 φωτισθέντας
2897 5731 3151 5801 νηστείας
3184 5733 3528 5805 φαιδρότησι,
3563 5730 3657 5786 καὶ

2088 5816 2187 5885 τὴν
2213 5817 2485 5889 ζωοφόρον
2521 5837 2636 5884 σου,
2673 5823 2874 5892 Σῶτερ,
2907 5825 3235 5893 ἀνάστασιν,
3273 5825 3568 5897 ὑμνοῦντας
3594 5824 3655 5875 τδ

2091 5906 2292 5976 κράτος
2321 5911 2419 5980 τῆς
2453 5910 2726 5982 βασιλείας
2763 5932 2878 5971 σου.
