  <div class='ocr_page' id='page_1' title='image "/cluster/home/n/w/nwhite01/storage/ocr_20150623/87 pt.3 1965/mdp.39015012172931/586.png"; bbox 0 0 3986 6236; ppageno 0'>
   <div class='ocr_carea' id='block_1_1' title="bbox 449 315 586 381">
    <p class='ocr_par' dir='ltr' id='par_1_1' title="bbox 449 315 586 381">
     <span class='ocr_line' id='line_1_1' title="bbox 449 315 586 381; baseline -0.007 0"><span class='ocrx_word' id='word_1_1' title='bbox 449 315 586 381; x_wconf 73' lang='grc' dir='ltr'><strong>388ῡ</strong></span> 
     </span>
    </p>
   </div>
   <div class='ocr_carea' id='block_1_2' title="bbox 1878 300 2289 364">
    <p class='ocr_par' dir='ltr' id='par_1_2' title="bbox 1878 300 2289 364">
     <span class='ocr_line' id='line_1_2' title="bbox 1878 300 2289 364; baseline -0.015 0"><span class='ocrx_word' id='word_1_2' title='bbox 1878 300 2289 364; x_wconf 80' lang='lat' dir='ltr'><strong>TRIODIUM.</strong></span> 
     </span>
    </p>
   </div>
   <div class='ocr_carea' id='block_1_3' title="bbox 3479 288 3719 362">
    <p class='ocr_par' dir='ltr' id='par_1_3' title="bbox 3479 288 3719 362">
     <span class='ocr_line' id='line_1_3' title="bbox 3479 288 3719 362; baseline 0.025 -12"><span class='ocrx_word' id='word_1_3' title='bbox 3479 347 3498 362; x_wconf 77' lang='grc'><strong>,</strong></span> <span class='ocrx_word' id='word_1_4' title='bbox 3575 288 3719 357; x_wconf 66' lang='grc' dir='ltr'>3ὓθθ</span> 
     </span>
    </p>
   </div>
   <div class='ocr_carea' id='block_1_4' title="bbox 529 400 2012 498">
    <p class='ocr_par' dir='ltr' id='par_1_4' title="bbox 529 412 2012 498">
     <span class='ocr_line' id='line_1_4' title="bbox 529 412 2012 498; baseline -0.011 -18"><span class='ocrx_word' id='word_1_5' title='bbox 529 424 745 497; x_wconf 79' lang='grc' dir='ltr'>Ὀρῶσά</span> <span class='ocrx_word' id='word_1_6' title='bbox 777 442 836 478; x_wconf 86' lang='grc' dir='ltr'><strong>σε</strong></span> <span class='ocrx_word' id='word_1_7' title='bbox 872 425 1182 498; x_wconf 78' lang='grc' dir='ltr'>ἠρτημένον</span> <span class='ocrx_word' id='word_1_8' title='bbox 1222 423 1442 494; x_wconf 81' lang='grc' dir='ltr'>σταυρῷ</span> <span class='ocrx_word' id='word_1_9' title='bbox 1471 423 1506 491; x_wconf 82' lang='grc' dir='ltr'>ἡ</span> <span class='ocrx_word' id='word_1_10' title='bbox 1539 420 1878 488; x_wconf 76' lang='grc' dir='ltr'>πανάμωμος</span> <span class='ocrx_word' id='word_1_11' title='bbox 1908 412 2012 483; x_wconf 71' lang='grc' dir='ltr'><strong>ὴλὰ</strong></span> 
     </span>
    </p>
   </div>
   <div class='ocr_carea' id='block_1_5' title="bbox 2134 400 3716 498">
    <p class='ocr_par' dir='ltr' id='par_1_5' title="bbox 2217 400 3716 475">
     <span class='ocr_line' id='line_1_5' title="bbox 2217 400 3716 475; baseline -0.003 -13"><span class='ocrx_word' id='word_1_12' title='bbox 2217 407 2420 462; x_wconf 74' lang='lat' dir='ltr'><strong>Videtis</strong></span> <span class='ocrx_word' id='word_1_13' title='bbox 2489 412 2542 461; x_wconf 88' lang='lat' dir='ltr'><strong>te</strong></span> <span class='ocrx_word' id='word_1_14' title='bbox 2595 417 2926 475; x_wconf 84' lang='lat' dir='ltr'><strong>suspensum</strong></span> <span class='ocrx_word' id='word_1_15' title='bbox 2989 401 3137 458; x_wconf 84' lang='lat' dir='ltr'><strong>cruci</strong></span> <span class='ocrx_word' id='word_1_16' title='bbox 3219 400 3716 470; x_wconf 75' lang='lat' dir='ltr'><strong>irrcprehensibilis</strong></span> 
     </span>
    </p>
   </div>
   <div class='ocr_carea' id='block_1_6' title="bbox 443 507 2028 588">
    <p class='ocr_par' dir='ltr' id='par_1_6' title="bbox 443 507 2028 588">
     <span class='ocr_line' id='line_1_6' title="bbox 443 507 2028 588; baseline -0.008 -18"><span class='ocrx_word' id='word_1_17' title='bbox 443 515 576 581; x_wconf 76' lang='grc' dir='ltr'>λαζε</span> <span class='ocrx_word' id='word_1_18' title='bbox 593 517 906 588; x_wconf 76' lang='grc' dir='ltr'>τετρωμὲνη</span> <span class='ocrx_word' id='word_1_19' title='bbox 927 516 996 570; x_wconf 80' lang='grc' dir='ltr'>τὰ</span> <span class='ocrx_word' id='word_1_20' title='bbox 1017 515 1320 585; x_wconf 84' lang='grc' dir='ltr'>σπλάγχνα,</span> <span class='ocrx_word' id='word_1_21' title='bbox 1338 515 1433 566; x_wconf 73' lang='grc' dir='ltr'>καὶ</span> <span class='ocrx_word' id='word_1_22' title='bbox 1448 511 1599 580; x_wconf 70' lang='grc' dir='ltr'>ἔλεγε</span> <span class='ocrx_word' id='word_1_23' title='bbox 1619 509 1706 564; x_wconf 74' lang='grc' dir='ltr'><strong>διὰ</strong></span> <span class='ocrx_word' id='word_1_24' title='bbox 1725 507 2028 575; x_wconf 80' lang='grc' dir='ltr'>σπλάγχνα⁸</span> 
     </span>
    </p>
   </div>
   <div class='ocr_carea' id='block_1_7' title="bbox 446 597 2033 682">
    <p class='ocr_par' dir='ltr' id='par_1_7' title="bbox 446 597 2033 682">
     <span class='ocr_line' id='line_1_7' title="bbox 446 597 2033 682; baseline -0.006 -18"><span class='ocrx_word' id='word_1_25' title='bbox 446 610 640 680; x_wconf 82' lang='grc' dir='ltr'>Κύριε,</span> <span class='ocrx_word' id='word_1_26' title='bbox 661 611 770 666; x_wconf 98' lang='grc' dir='ltr'><strong>σῶν</strong></span> <span class='ocrx_word' id='word_1_27' title='bbox 800 608 1104 682; x_wconf 75' lang='grc' dir='ltr'>οἰκτιρμῶν</span> <span class='ocrx_word' id='word_1_28' title='bbox 1131 607 1324 664; x_wconf 77' lang='grc' dir='ltr'><strong>παθεῖν</strong></span> <span class='ocrx_word' id='word_1_29' title='bbox 1347 606 1600 678; x_wconf 71' lang='grc' dir='ltr'>ἠνέσχου,</span> <span class='ocrx_word' id='word_1_30' title='bbox 1619 604 1753 658; x_wconf 81' lang='grc' dir='ltr'>πᾶσι</span> <span class='ocrx_word' id='word_1_31' title='bbox 1779 597 2033 671; x_wconf 77' lang='grc' dir='ltr'><strong>παρέχων</strong></span> 
     </span>
    </p>
   </div>
   <div class='ocr_carea' id='block_1_8' title="bbox 449 700 741 760">
    <p class='ocr_par' dir='ltr' id='par_1_8' title="bbox 449 700 741 760">
     <span class='ocr_line' id='line_1_8' title="bbox 449 700 741 760; baseline 0.017 -5"><span class='ocrx_word' id='word_1_32' title='bbox 449 700 741 760; x_wconf 71' lang='grc' dir='ltr'>ἀπάθειαν.</span> 
     </span>
    </p>
   </div>
   <div class='ocr_carea' id='block_1_9' title="bbox 637 875 1838 949">
    <p class='ocr_par' dir='ltr' id='par_1_9' title="bbox 637 875 1838 949">
     <span class='ocr_line' id='line_1_9' title="bbox 637 875 1838 949; baseline -0.005 -17"><span class='ocrx_word' id='word_1_33' title='bbox 637 879 947 948; x_wconf 81' lang='grc' dir='ltr'>Θαύματος</span> <span class='ocrx_word' id='word_1_34' title='bbox 982 878 1332 949; x_wconf 74' lang='grc' dir='ltr'><strong>ὑπερφυοῦς</strong></span> <span class='ocrx_word' id='word_1_35' title='bbox 1369 878 1408 946; x_wconf 79' lang='grc' dir='ltr'>ἡ</span> <span class='ocrx_word' id='word_1_36' title='bbox 1447 875 1838 944; x_wconf 67' lang='grc' dir='ltr'>δροσοϐόλος.</span> 
     </span>
    </p>
   </div>
   <div class='ocr_carea' id='block_1_10' title="bbox 521 962 2030 1041">
    <p class='ocr_par' dir='ltr' id='par_1_10' title="bbox 521 962 2030 1041">
     <span class='ocr_line' id='line_1_10' title="bbox 521 962 2030 1041; baseline -0.005 -18"><span class='ocrx_word' id='word_1_37' title='bbox 521 970 842 1038; x_wconf 77' lang='grc' dir='ltr'>Ἥμσλυνας</span> <span class='ocrx_word' id='word_1_38' title='bbox 870 970 966 1024; x_wconf 90' lang='grc' dir='ltr'><strong>τοῦ</strong></span> <span class='ocrx_word' id='word_1_39' title='bbox 996 969 1260 1041; x_wconf 77' lang='grc' dir='ltr'>πονηροῦ,</span> <span class='ocrx_word' id='word_1_40' title='bbox 1293 969 1501 1039; x_wconf 82' lang='grc' dir='ltr'>Σῶτερ,</span> <span class='ocrx_word' id='word_1_41' title='bbox 1529 965 1598 1021; x_wconf 81' lang='grc' dir='ltr'>τὰ</span> <span class='ocrx_word' id='word_1_42' title='bbox 1633 964 1861 1036; x_wconf 84' lang='grc' dir='ltr'>κέντρα,</span> <span class='ocrx_word' id='word_1_43' title='bbox 1898 962 2030 1018; x_wconf 89' lang='grc' dir='ltr'>καθ-</span> 
     </span>
    </p>
   </div>
   <div class='ocr_carea' id='block_1_11' title="bbox 446 1055 2030 1133">
    <p class='ocr_par' dir='ltr' id='par_1_11' title="bbox 446 1055 2030 1133">
     <span class='ocr_line' id='line_1_11' title="bbox 446 1055 2030 1133; baseline -0.003 -20"><span class='ocrx_word' id='word_1_44' title='bbox 446 1059 742 1130; x_wconf 79' lang='grc' dir='ltr'>ηλούμενος</span> <span class='ocrx_word' id='word_1_45' title='bbox 770 1062 937 1133; x_wconf 76' lang='grc' dir='ltr'>ἥλοις,</span> <span class='ocrx_word' id='word_1_46' title='bbox 962 1063 1020 1116; x_wconf 78' lang='grc' dir='ltr'>ὲν</span> <span class='ocrx_word' id='word_1_47' title='bbox 1053 1062 1196 1132; x_wconf 82' lang='grc' dir='ltr'>ξύλῳ</span> <span class='ocrx_word' id='word_1_48' title='bbox 1232 1059 1490 1115; x_wconf 81' lang='grc' dir='ltr'><strong>ἀκανθῶν</strong></span> <span class='ocrx_word' id='word_1_49' title='bbox 1517 1059 1755 1130; x_wconf 85' lang='grc' dir='ltr'>διάδημα</span> <span class='ocrx_word' id='word_1_50' title='bbox 1783 1055 2030 1127; x_wconf 81' lang='grc' dir='ltr'>ἁνεδήσω</span> 
     </span>
    </p>
   </div>
   <div class='ocr_carea' id='block_1_12' title="bbox 444 1147 2025 1226">
    <p class='ocr_par' dir='ltr' id='par_1_12' title="bbox 444 1147 2025 1226">
     <span class='ocr_line' id='line_1_12' title="bbox 444 1147 2025 1226; baseline -0.003 -22"><span class='ocrx_word' id='word_1_51' title='bbox 444 1152 836 1222; x_wconf 81' lang='grc' dir='ltr'>χλευαστικῶς,</span> <span class='ocrx_word' id='word_1_52' title='bbox 855 1152 1089 1226; x_wconf 80' lang='grc' dir='ltr'>ὲκριζῶν</span> <span class='ocrx_word' id='word_1_53' title='bbox 1107 1153 1205 1222; x_wconf 84' lang='grc' dir='ltr'>τῆς</span> <span class='ocrx_word' id='word_1_54' title='bbox 1229 1151 1598 1224; x_wconf 76' lang='grc' dir='ltr'>παραϐάσεως</span> <span class='ocrx_word' id='word_1_55' title='bbox 1625 1149 1727 1220; x_wconf 83' lang='grc' dir='ltr'>τὴν</span> <span class='ocrx_word' id='word_1_56' title='bbox 1747 1147 1992 1204; x_wconf 81' lang='grc' dir='ltr'>ἄκανθαν</span> <span class='ocrx_word' id='word_1_57' title='bbox 2009 1163 2025 1179; x_wconf 76' lang='grc' dir='ltr'><strong>ο</strong></span> 
     </span>
    </p>
   </div>
   <div class='ocr_carea' id='block_1_13' title="bbox 441 1238 2028 1315">
    <p class='ocr_par' dir='ltr' id='par_1_13' title="bbox 441 1238 2028 1315">
     <span class='ocr_line' id='line_1_13' title="bbox 441 1238 2028 1315; baseline -0.002 -20"><span class='ocrx_word' id='word_1_58' title='bbox 441 1242 525 1296; x_wconf 84' lang='grc' dir='ltr'><strong>διδ</strong></span> <span class='ocrx_word' id='word_1_59' title='bbox 558 1242 925 1314; x_wconf 79' lang='grc' dir='ltr'>ἀνυμνοῦντες</span> <span class='ocrx_word' id='word_1_60' title='bbox 957 1243 1348 1315; x_wconf 79' lang='grc' dir='ltr'>ἀναμέλπομεν</span> <span class='ocrx_word' id='word_1_61' title='bbox 1369 1259 1384 1276; x_wconf 78' lang='grc' dir='ltr'><strong>ο</strong></span> <span class='ocrx_word' id='word_1_62' title='bbox 1415 1241 1720 1312; x_wconf 84' lang='grc' dir='ltr'>Εύλογείτω</span> <span class='ocrx_word' id='word_1_63' title='bbox 1768 1241 1804 1312; x_wconf 77' lang='grc' dir='ltr'><strong>ἠ</strong></span> <span class='ocrx_word' id='word_1_64' title='bbox 1852 1238 2028 1304; x_wconf 78' lang='grc' dir='ltr'><strong>κτίσις</strong></span> 
     </span>
    </p>
   </div>
   <div class='ocr_carea' id='block_1_14' title="bbox 445 1334 1996 1407">
    <p class='ocr_par' dir='ltr' id='par_1_14' title="bbox 445 1334 1996 1407">
     <span class='ocr_line' id='line_1_14' title="bbox 445 1334 1996 1407; baseline 0.008 -21"><span class='ocrx_word' id='word_1_65' title='bbox 445 1334 598 1388; x_wconf 80' lang='grc' dir='ltr'>πᾶσα</span> <span class='ocrx_word' id='word_1_66' title='bbox 633 1335 726 1390; x_wconf 70' lang='grc' dir='ltr'><strong>τὸν</strong></span> <span class='ocrx_word' id='word_1_67' title='bbox 753 1336 984 1407; x_wconf 83' lang='grc' dir='ltr'><strong>Κύριον.</strong></span> <span class='ocrx_word' id='word_1_68' title='bbox 1993 1359 1996 1361; x_wconf 70' lang='lat'>‘</span> 
     </span>
    </p>
   </div>
   <div class='ocr_carea' id='block_1_15' title="bbox 516 1426 2027 1502">
    <p class='ocr_par' dir='ltr' id='par_1_15' title="bbox 516 1426 2027 1502">
     <span class='ocr_line' id='line_1_15' title="bbox 516 1426 2027 1502; baseline -0.001 -22"><span class='ocrx_word' id='word_1_69' title='bbox 516 1427 816 1492; x_wconf 81' lang='grc' dir='ltr'>Ἤπλωσας</span> <span class='ocrx_word' id='word_1_70' title='bbox 841 1429 936 1482; x_wconf 72' lang='grc' dir='ltr'><strong>ἐπὶ</strong></span> <span class='ocrx_word' id='word_1_71' title='bbox 968 1429 1226 1502; x_wconf 84' lang='grc' dir='ltr'>σταυροῦ,</span> <span class='ocrx_word' id='word_1_72' title='bbox 1258 1429 1482 1501; x_wconf 80' lang='grc' dir='ltr'>Χριστὲ,</span> <span class='ocrx_word' id='word_1_73' title='bbox 1517 1427 1812 1498; x_wconf 78' lang='grc' dir='ltr'><strong>παλάμας,</strong></span> <span class='ocrx_word' id='word_1_74' title='bbox 1845 1428 1909 1480; x_wconf 76' lang='grc' dir='ltr'>τὸ</span> <span class='ocrx_word' id='word_1_75' title='bbox 1932 1426 2027 1480; x_wconf 85' lang='grc' dir='ltr'>ἀν-</span> 
     </span>
    </p>
   </div>
   <div class='ocr_carea' id='block_1_16' title="bbox 443 1518 2026 1594">
    <p class='ocr_par' dir='ltr' id='par_1_16' title="bbox 443 1518 2026 1594">
     <span class='ocr_line' id='line_1_16' title="bbox 443 1518 2026 1594; baseline 0.001 -23"><span class='ocrx_word' id='word_1_76' title='bbox 443 1518 712 1590; x_wconf 86' lang='grc' dir='ltr'>θρώπινον</span> <span class='ocrx_word' id='word_1_77' title='bbox 741 1519 1088 1591; x_wconf 70' lang='grc' dir='ltr'>ἔπισυνάγων</span> <span class='ocrx_word' id='word_1_78' title='bbox 1118 1521 1256 1594; x_wconf 74' lang='grc' dir='ltr'>πρὸς</span> <span class='ocrx_word' id='word_1_79' title='bbox 1295 1521 1395 1593; x_wconf 83' lang='grc' dir='ltr'>τὴν</span> <span class='ocrx_word' id='word_1_80' title='bbox 1429 1521 1530 1592; x_wconf 70' lang='grc' dir='ltr'>σὴν</span> <span class='ocrx_word' id='word_1_81' title='bbox 1558 1520 1858 1590; x_wconf 74' lang='grc' dir='ltr'>ἐπίγνωσιν</span> <span class='ocrx_word' id='word_1_82' title='bbox 1880 1536 1896 1550; x_wconf 77' lang='grc' dir='ltr'><strong>ο</strong></span> <span class='ocrx_word' id='word_1_83' title='bbox 1932 1519 2026 1572; x_wconf 83' lang='grc' dir='ltr'>καὶ</span> 
     </span>
    </p>
   </div>
   <div class='ocr_carea' id='block_1_17' title="bbox 441 1607 2025 1683">
    <p class='ocr_par' dir='ltr' id='par_1_17' title="bbox 441 1607 2025 1683">
     <span class='ocr_line' id='line_1_17' title="bbox 441 1607 2025 1683; baseline 0.001 -21"><span class='ocrx_word' id='word_1_84' title='bbox 441 1609 612 1682; x_wconf 74' lang='grc' dir='ltr'>λόγχῃ</span> <span class='ocrx_word' id='word_1_85' title='bbox 639 1612 740 1681; x_wconf 75' lang='grc' dir='ltr'>τὴν</span> <span class='ocrx_word' id='word_1_86' title='bbox 770 1610 870 1683; x_wconf 78' lang='grc' dir='ltr'><strong>σὴν</strong></span> <span class='ocrx_word' id='word_1_87' title='bbox 906 1610 1152 1680; x_wconf 70' lang='grc' dir='ltr'>πλευρὰν</span> <span class='ocrx_word' id='word_1_88' title='bbox 1184 1609 1516 1682; x_wconf 67' lang='grc' dir='ltr'>κεπηθῆναι</span> <span class='ocrx_word' id='word_1_89' title='bbox 1545 1607 1840 1673; x_wconf 80' lang='grc' dir='ltr'>κατεδέξω,</span> <span class='ocrx_word' id='word_1_90' title='bbox 1887 1607 2025 1664; x_wconf 84' lang='grc' dir='ltr'>ἀνα·</span> 
     </span>
    </p>
   </div>
   <div class='ocr_carea' id='block_1_18' title="bbox 441 1699 2019 1774">
    <p class='ocr_par' dir='ltr' id='par_1_18' title="bbox 441 1699 2019 1774">
     <span class='ocr_line' id='line_1_18' title="bbox 441 1699 2019 1774; baseline 0.001 -21"><span class='ocrx_word' id='word_1_91' title='bbox 441 1699 644 1765; x_wconf 77' lang='grc' dir='ltr'>σλύσας</span> <span class='ocrx_word' id='word_1_92' title='bbox 694 1704 829 1773; x_wconf 79' lang='grc' dir='ltr'>ἡμῖν</span> <span class='ocrx_word' id='word_1_93' title='bbox 880 1703 1065 1774; x_wconf 83' lang='grc' dir='ltr'>πηγὴν</span> <span class='ocrx_word' id='word_1_94' title='bbox 1118 1703 1399 1774; x_wconf 85' lang='grc' dir='ltr'>φωτισμοῦ</span> <span class='ocrx_word' id='word_1_95' title='bbox 1431 1705 1543 1766; x_wconf 86' lang='grc' dir='ltr'>τοῖς</span> <span class='ocrx_word' id='word_1_96' title='bbox 1570 1699 1978 1774; x_wconf 80' lang='grc' dir='ltr'>ἁναμέλπουσιν</span> <span class='ocrx_word' id='word_1_97' title='bbox 2003 1714 2019 1732; x_wconf 78' lang='grc'><strong><em>⁸</em></strong></span> 
     </span>
    </p>
   </div>
   <div class='ocr_carea' id='block_1_19' title="bbox 438 1791 1216 1865">
    <p class='ocr_par' dir='ltr' id='par_1_19' title="bbox 438 1791 1216 1865">
     <span class='ocr_line' id='line_1_19' title="bbox 438 1791 1216 1865; baseline 0.001 -17"><span class='ocrx_word' id='word_1_98' title='bbox 438 1791 746 1862; x_wconf 82' lang='grc' dir='ltr'>Εὐλογείτω</span> <span class='ocrx_word' id='word_1_99' title='bbox 770 1795 803 1865; x_wconf 77' lang='grc' dir='ltr'><strong>ἡ</strong></span> <span class='ocrx_word' id='word_1_100' title='bbox 841 1795 1016 1859; x_wconf 81' lang='grc' dir='ltr'><strong>κτίσις</strong></span> <span class='ocrx_word' id='word_1_101' title='bbox 1045 1796 1216 1849; x_wconf 80' lang='grc' dir='ltr'>πᾶσα.</span> 
     </span>
    </p>
   </div>
   <div class='ocr_carea' id='block_1_20' title="bbox 517 1884 2016 1961">
    <p class='ocr_par' dir='ltr' id='par_1_20' title="bbox 517 1884 2016 1961">
     <span class='ocr_line' id='line_1_20' title="bbox 517 1884 2016 1961; baseline 0.003 -22"><span class='ocrx_word' id='word_1_102' title='bbox 517 1884 782 1958; x_wconf 86' lang='grc' dir='ltr'>Ῥείθροις</span> <span class='ocrx_word' id='word_1_103' title='bbox 803 1888 1211 1959; x_wconf 71' lang='grc' dir='ltr'>εὐσπλαγχνίας</span> <span class='ocrx_word' id='word_1_104' title='bbox 1242 1906 1358 1955; x_wconf 86' lang='grc' dir='ltr'>σου,</span> <span class='ocrx_word' id='word_1_105' title='bbox 1393 1888 1699 1961; x_wconf 85' lang='grc' dir='ltr'>οίκτίρμον,</span> <span class='ocrx_word' id='word_1_106' title='bbox 1731 1888 2016 1944; x_wconf 82' lang='grc' dir='ltr'>ἀποκάθα-</span> 
     </span>
    </p>
   </div>
   <div class='ocr_carea' id='block_1_21' title="bbox 439 1979 2014 2053">
    <p class='ocr_par' dir='ltr' id='par_1_21' title="bbox 439 1979 2014 2053">
     <span class='ocr_line' id='line_1_21' title="bbox 439 1979 2014 2053; baseline 0.003 -21"><span class='ocrx_word' id='word_1_107' title='bbox 439 1979 533 2046; x_wconf 81' lang='grc' dir='ltr'>ρόν</span> <span class='ocrx_word' id='word_1_108' title='bbox 564 1995 662 2049; x_wconf 89' lang='grc' dir='ltr'><strong>μου</strong></span> <span class='ocrx_word' id='word_1_109' title='bbox 685 1980 784 2048; x_wconf 78' lang='grc' dir='ltr'>τὴν</span> <span class='ocrx_word' id='word_1_110' title='bbox 806 1979 1036 2050; x_wconf 76' lang='grc' dir='ltr'>καρδίαν</span> <span class='ocrx_word' id='word_1_111' title='bbox 1065 1981 1342 2053; x_wconf 80' lang='grc' dir='ltr'>ἁμαρτίας</span> <span class='ocrx_word' id='word_1_112' title='bbox 1363 1982 1604 2053; x_wconf 80' lang='grc' dir='ltr'><strong>δήγματι</strong></span> <span class='ocrx_word' id='word_1_113' title='bbox 1631 1982 2014 2037; x_wconf 83' lang='grc' dir='ltr'>σπιλωθεῖσαν·</span> 
     </span>
    </p>
   </div>
   <div class='ocr_carea' id='block_1_22' title="bbox 439 2068 2017 2145">
    <p class='ocr_par' dir='ltr' id='par_1_22' title="bbox 439 2068 2017 2145">
     <span class='ocr_line' id='line_1_22' title="bbox 439 2068 2017 2145; baseline 0.003 -23"><span class='ocrx_word' id='word_1_114' title='bbox 439 2068 532 2122; x_wconf 74' lang='grc' dir='ltr'>καὶ</span> <span class='ocrx_word' id='word_1_115' title='bbox 583 2069 863 2139; x_wconf 79' lang='grc' dir='ltr'>ποταμοὺς</span> <span class='ocrx_word' id='word_1_116' title='bbox 909 2070 1258 2138; x_wconf 81' lang='grc' dir='ltr'>κατανύξεως</span> <span class='ocrx_word' id='word_1_117' title='bbox 1315 2071 1583 2144; x_wconf 81' lang='grc' dir='ltr'>πηγάζειν</span> <span class='ocrx_word' id='word_1_118' title='bbox 1640 2091 1707 2145; x_wconf 79' lang='grc' dir='ltr'><strong>με</strong></span> <span class='ocrx_word' id='word_1_119' title='bbox 1759 2073 2017 2140; x_wconf 78' lang='grc' dir='ltr'><strong>ἀξίωσον,</strong></span> 
     </span>
    </p>
   </div>
   <div class='ocr_carea' id='block_1_23' title="bbox 436 2158 2017 2236">
    <p class='ocr_par' dir='ltr' id='par_1_23' title="bbox 436 2158 2017 2236">
     <span class='ocr_line' id='line_1_23' title="bbox 436 2158 2017 2236; baseline 0.003 -22"><span class='ocrx_word' id='word_1_120' title='bbox 436 2159 640 2229; x_wconf 77' lang='grc' dir='ltr'>Χριστὲ</span> <span class='ocrx_word' id='word_1_121' title='bbox 656 2158 850 2233; x_wconf 81' lang='grc' dir='ltr'><strong>Ἰησοῦ,</strong></span> <span class='ocrx_word' id='word_1_122' title='bbox 870 2161 960 2217; x_wconf 82' lang='grc' dir='ltr'>ἴνα</span> <span class='ocrx_word' id='word_1_123' title='bbox 981 2161 1278 2233; x_wconf 74' lang='grc' dir='ltr'>κραυγάξω</span> <span class='ocrx_word' id='word_1_124' title='bbox 1305 2179 1422 2217; x_wconf 86' lang='grc' dir='ltr'>σοι·</span> <span class='ocrx_word' id='word_1_125' title='bbox 1453 2164 1760 2235; x_wconf 84' lang='grc' dir='ltr'>Εύλογείτω</span> <span class='ocrx_word' id='word_1_126' title='bbox 1779 2166 1814 2236; x_wconf 78' lang='grc' dir='ltr'>ἡ</span> <span class='ocrx_word' id='word_1_127' title='bbox 1838 2163 2017 2230; x_wconf 84' lang='grc' dir='ltr'>κτίσις</span> 
     </span>
    </p>
   </div>
   <div class='ocr_carea' id='block_1_24' title="bbox 436 2269 606 2306">
    <p class='ocr_par' dir='ltr' id='par_1_24' title="bbox 436 2269 606 2306">
     <span class='ocr_line' id='line_1_24' title="bbox 436 2269 606 2306; baseline 0.006 -1"><span class='ocrx_word' id='word_1_128' title='bbox 436 2269 606 2306; x_wconf 85' lang='grc' dir='ltr'>πασα.</span> 
     </span>
    </p>
   </div>
   <div class='ocr_carea' id='block_1_25' title="bbox 504 2347 2019 2420">
    <p class='ocr_par' dir='ltr' id='par_1_25' title="bbox 504 2347 2019 2420">
     <span class='ocr_line' id='line_1_25' title="bbox 504 2347 2019 2420; baseline 0.001 -19"><span class='ocrx_word' id='word_1_129' title='bbox 504 2347 748 2416; x_wconf 81' lang='grc' dir='ltr'>Στάμνον</span> <span class='ocrx_word' id='word_1_130' title='bbox 783 2363 844 2401; x_wconf 85' lang='grc' dir='ltr'><strong>σε</strong></span> <span class='ocrx_word' id='word_1_131' title='bbox 889 2347 952 2402; x_wconf 75' lang='grc' dir='ltr'>τὸ</span> <span class='ocrx_word' id='word_1_132' title='bbox 1002 2347 1178 2418; x_wconf 82' lang='grc' dir='ltr'>μάννα</span> <span class='ocrx_word' id='word_1_133' title='bbox 1223 2347 1572 2420; x_wconf 64' lang='grc' dir='ltr'>κεκτημένην</span> <span class='ocrx_word' id='word_1_134' title='bbox 1619 2350 1718 2419; x_wconf 83' lang='grc' dir='ltr'>τῆς</span> <span class='ocrx_word' id='word_1_135' title='bbox 1765 2347 2019 2420; x_wconf 80' lang='grc' dir='ltr'><strong>θεότητος</strong></span> 
     </span>
    </p>
   </div>
   <div class='ocr_carea' id='block_1_26' title="bbox 431 2439 2013 2514">
    <p class='ocr_par' dir='ltr' id='par_1_26' title="bbox 431 2439 2013 2514">
     <span class='ocr_line' id='line_1_26' title="bbox 431 2439 2013 2514; baseline 0.003 -22"><span class='ocrx_word' id='word_1_136' title='bbox 431 2439 698 2510; x_wconf 70' lang='grc' dir='ltr'>ἔγνωμεν,</span> <span class='ocrx_word' id='word_1_137' title='bbox 731 2440 907 2510; x_wconf 76' lang='grc' dir='ltr'>Κόρη,</span> <span class='ocrx_word' id='word_1_138' title='bbox 943 2440 1175 2494; x_wconf 73' lang='grc' dir='ltr'>κιϐωτὸν</span> <span class='ocrx_word' id='word_1_139' title='bbox 1217 2440 1314 2494; x_wconf 69' lang='grc' dir='ltr'><strong>καὶ</strong></span> <span class='ocrx_word' id='word_1_140' title='bbox 1343 2441 1622 2513; x_wconf 81' lang='grc' dir='ltr'>τράπεζαν</span> <span class='ocrx_word' id='word_1_141' title='bbox 1651 2441 1748 2496; x_wconf 73' lang='grc' dir='ltr'>καὶ</span> <span class='ocrx_word' id='word_1_142' title='bbox 1771 2441 2013 2514; x_wconf 83' lang='grc' dir='ltr'>λυχνίαν,</span> 
     </span>
    </p>
   </div>
   <div class='ocr_carea' id='block_1_27' title="bbox 433 2527 2017 2603">
    <p class='ocr_par' dir='ltr' id='par_1_27' title="bbox 433 2527 2017 2603">
     <span class='ocr_line' id='line_1_27' title="bbox 433 2527 2017 2603; baseline 0.004 -23"><span class='ocrx_word' id='word_1_143' title='bbox 433 2527 621 2599; x_wconf 84' lang='grc' dir='ltr'>θρόνον</span> <span class='ocrx_word' id='word_1_144' title='bbox 647 2529 783 2583; x_wconf 84' lang='grc' dir='ltr'>Θεοῦ</span> <span class='ocrx_word' id='word_1_145' title='bbox 830 2531 928 2584; x_wconf 80' lang='grc' dir='ltr'>καὶ</span> <span class='ocrx_word' id='word_1_146' title='bbox 967 2529 1231 2585; x_wconf 82' lang='grc' dir='ltr'>παλάτιον</span> <span class='ocrx_word' id='word_1_147' title='bbox 1275 2531 1370 2585; x_wconf 75' lang='grc' dir='ltr'>καὶ</span> <span class='ocrx_word' id='word_1_148' title='bbox 1401 2531 1646 2602; x_wconf 82' lang='grc' dir='ltr'>γέφυραν</span> <span class='ocrx_word' id='word_1_149' title='bbox 1676 2533 2017 2603; x_wconf 85' lang='grc' dir='ltr'>μετάγουσαν</span> 
     </span>
    </p>
   </div>
   <div class='ocr_carea' id='block_1_28' title="bbox 431 2619 2017 2697">
    <p class='ocr_par' dir='ltr' id='par_1_28' title="bbox 431 2619 2017 2697">
     <span class='ocr_line' id='line_1_28' title="bbox 431 2619 2017 2697; baseline 0.004 -25"><span class='ocrx_word' id='word_1_150' title='bbox 431 2619 570 2690; x_wconf 82' lang='grc' dir='ltr'>πρὸς</span> <span class='ocrx_word' id='word_1_151' title='bbox 599 2620 749 2675; x_wconf 86' lang='grc' dir='ltr'>θείαν</span> <span class='ocrx_word' id='word_1_152' title='bbox 781 2621 929 2692; x_wconf 78' lang='grc' dir='ltr'>ζωὴν</span> <span class='ocrx_word' id='word_1_153' title='bbox 958 2621 1376 2694; x_wconf 79' lang='grc' dir='ltr'>ἀναμέλποντας</span> <span class='ocrx_word' id='word_1_154' title='bbox 1398 2639 1414 2656; x_wconf 77' lang='grc'><strong>⁸</strong></span> <span class='ocrx_word' id='word_1_155' title='bbox 1440 2623 1750 2693; x_wconf 81' lang='grc' dir='ltr'>Εὐλογείτω</span> <span class='ocrx_word' id='word_1_156' title='bbox 1773 2625 1807 2697; x_wconf 80' lang='grc' dir='ltr'><strong>ἠ</strong></span> <span class='ocrx_word' id='word_1_157' title='bbox 1837 2624 2017 2690; x_wconf 87' lang='grc' dir='ltr'>κτίσις</span> 
     </span>
    </p>
   </div>
   <div class='ocr_carea' id='block_1_29' title="bbox 434 2712 605 2766">
    <p class='ocr_par' dir='ltr' id='par_1_29' title="bbox 434 2712 605 2766">
     <span class='ocr_line' id='line_1_29' title="bbox 434 2712 605 2766; baseline 0 0"><span class='ocrx_word' id='word_1_158' title='bbox 434 2712 605 2766; x_wconf 75' lang='grc' dir='ltr'>πᾶσα.</span> 
     </span>
    </p>
   </div>
   <div class='ocr_carea' id='block_1_30' title="bbox 705 2803 1740 2877">
    <p class='ocr_par' dir='ltr' id='par_1_30' title="bbox 705 2803 1740 2877">
     <span class='ocr_line' id='line_1_30' title="bbox 705 2803 1740 2877; baseline 0.003 -20"><span class='ocrx_word' id='word_1_159' title='bbox 705 2805 902 2871; x_wconf 74' lang='grc' dir='ltr'>Τύπος</span> <span class='ocrx_word' id='word_1_160' title='bbox 936 2803 1050 2875; x_wconf 79' lang='grc' dir='ltr'>τῆς</span> <span class='ocrx_word' id='word_1_161' title='bbox 1087 2803 1281 2877; x_wconf 76' lang='grc' dir='ltr'>ἁγνῆς</span> <span class='ocrx_word' id='word_1_162' title='bbox 1317 2805 1564 2875; x_wconf 73' lang='grc' dir='ltr'>λοχείας</span> <span class='ocrx_word' id='word_1_163' title='bbox 1599 2821 1740 2862; x_wconf 85' lang='grc' dir='ltr'><strong>σου.</strong></span> 
     </span>
    </p>
   </div>
   <div class='ocr_carea' id='block_1_31' title="bbox 501 2888 2014 2972">
    <p class='ocr_par' dir='ltr' id='par_1_31' title="bbox 501 2888 2014 2972">
     <span class='ocr_line' id='line_1_31' title="bbox 501 2888 2014 2972; baseline 0.005 -26"><span class='ocrx_word' id='word_1_164' title='bbox 501 2888 656 2948; x_wconf 79' lang='grc' dir='ltr'>Εἷδεν</span> <span class='ocrx_word' id='word_1_165' title='bbox 691 2894 876 2949; x_wconf 82' lang='grc' dir='ltr'>Ἠλίου</span> <span class='ocrx_word' id='word_1_166' title='bbox 908 2895 1001 2950; x_wconf 81' lang='grc' dir='ltr'>τὸν</span> <span class='ocrx_word' id='word_1_167' title='bbox 1026 2896 1234 2967; x_wconf 82' lang='grc' dir='ltr'>Κύριον</span> <span class='ocrx_word' id='word_1_168' title='bbox 1279 2899 1337 2952; x_wconf 70' lang='grc' dir='ltr'>ἑν</span> <span class='ocrx_word' id='word_1_169' title='bbox 1387 2897 1687 2971; x_wconf 78' lang='grc' dir='ltr'>λεπτοτάτῃ</span> <span class='ocrx_word' id='word_1_170' title='bbox 1737 2898 1883 2972; x_wconf 73' lang='grc' dir='ltr'>αὖρα</span> <span class='ocrx_word' id='word_1_171' title='bbox 1923 2899 2014 2953; x_wconf 82' lang='grc' dir='ltr'>λε·-</span> 
     </span>
    </p>
   </div>
   <div class='ocr_carea' id='block_1_32' title="bbox 429 2985 2016 3064">
    <p class='ocr_par' dir='ltr' id='par_1_32' title="bbox 429 2985 2016 3064">
     <span class='ocr_line' id='line_1_32' title="bbox 429 2985 2016 3064; baseline 0.005 -26"><span class='ocrx_word' id='word_1_172' title='bbox 429 2985 637 3050; x_wconf 82' lang='grc' dir='ltr'>πτύνας</span> <span class='ocrx_word' id='word_1_173' title='bbox 686 2986 952 3059; x_wconf 80' lang='grc' dir='ltr'>πρότερον</span> <span class='ocrx_word' id='word_1_174' title='bbox 1001 2989 1180 3061; x_wconf 78' lang='grc' dir='ltr'>σάρκα</span> <span class='ocrx_word' id='word_1_175' title='bbox 1239 2990 1504 3062; x_wconf 74' lang='grc' dir='ltr'>νηστειῶν</span> <span class='ocrx_word' id='word_1_176' title='bbox 1552 2992 1647 3044; x_wconf 79' lang='grc' dir='ltr'>καὶ</span> <span class='ocrx_word' id='word_1_177' title='bbox 1695 2993 2016 3064; x_wconf 84' lang='grc' dir='ltr'>προσευχῶν</span> 
     </span>
    </p>
   </div>
   <div class='ocr_carea' id='block_1_33' title="bbox 2137 494 3714 571">
    <p class='ocr_par' dir='ltr' id='par_1_33' title="bbox 2137 494 3714 571">
     <span class='ocr_line' id='line_1_33' title="bbox 2137 494 3714 571; baseline -0.006 -15"><span class='ocrx_word' id='word_1_178' title='bbox 2137 501 2304 571; x_wconf 78' lang='lat' dir='ltr'><strong>Virgo</strong></span> <span class='ocrx_word' id='word_1_179' title='bbox 2327 498 2586 570; x_wconf 86' lang='lat' dir='ltr'><strong>eiulabat.</strong></span> <span class='ocrx_word' id='word_1_180' title='bbox 2618 496 2924 554; x_wconf 77' lang='lat' dir='ltr'><strong>visceribus</strong></span> <span class='ocrx_word' id='word_1_181' title='bbox 2949 495 3213 561; x_wconf 80' lang='lat' dir='ltr'><strong>sauciata,</strong></span> <span class='ocrx_word' id='word_1_182' title='bbox 3245 505 3299 551; x_wconf 92' lang='lat' dir='ltr'><strong>et</strong></span> <span class='ocrx_word' id='word_1_183' title='bbox 3321 495 3537 550; x_wconf 89' lang='lat' dir='ltr'><strong>dicebat</strong></span> <span class='ocrx_word' id='word_1_184' title='bbox 3569 512 3582 548; x_wconf 89' lang='lat'>:</span> <span class='ocrx_word' id='word_1_185' title='bbox 3611 494 3714 550; x_wconf 82' lang='lat' dir='ltr'><strong>Per</strong></span> 
     </span>
    </p>
   </div>
   <div class='ocr_carea' id='block_1_34' title="bbox 2135 587 3712 658">
    <p class='ocr_par' dir='ltr' id='par_1_34' title="bbox 2135 587 3712 658">
     <span class='ocr_line' id='line_1_34' title="bbox 2135 587 3712 658; baseline -0.004 -11"><span class='ocrx_word' id='word_1_186' title='bbox 2135 593 2345 647; x_wconf 82' lang='lat' dir='ltr'><strong>viscera</strong></span> <span class='ocrx_word' id='word_1_187' title='bbox 2403 590 2798 646; x_wconf 79' lang='lat' dir='ltr'><strong>misericordiae</strong></span> <span class='ocrx_word' id='word_1_188' title='bbox 2837 598 2967 656; x_wconf 68' lang='lat' dir='ltr'><strong>tuae,</strong></span> <span class='ocrx_word' id='word_1_189' title='bbox 3003 589 3250 655; x_wconf 86' lang='lat' dir='ltr'><strong>Domine,</strong></span> <span class='ocrx_word' id='word_1_190' title='bbox 3276 587 3342 643; x_wconf 87' lang='lat' dir='ltr'><strong>ad</strong></span> <span class='ocrx_word' id='word_1_191' title='bbox 3391 587 3712 658; x_wconf 86' lang='lat' dir='ltr'><strong>patiendum</strong></span> 
     </span>
    </p>
   </div>
   <div class='ocr_carea' id='block_1_35' title="bbox 2133 679 3711 752">
    <p class='ocr_par' dir='ltr' id='par_1_35' title="bbox 2133 679 3711 752">
     <span class='ocr_line' id='line_1_35' title="bbox 2133 679 3711 752; baseline -0.003 -15"><span class='ocrx_word' id='word_1_192' title='bbox 2133 682 2433 738; x_wconf 88' lang='lat' dir='ltr'><strong>obstrictus</strong></span> <span class='ocrx_word' id='word_1_193' title='bbox 2514 681 2686 748; x_wconf 78' lang='lat' dir='ltr'><strong>fuisti,</strong></span> <span class='ocrx_word' id='word_1_194' title='bbox 2751 683 3010 739; x_wconf 90' lang='lat' dir='ltr'><strong>omnibus</strong></span> <span class='ocrx_word' id='word_1_195' title='bbox 3069 679 3308 752; x_wconf 78' lang='lat' dir='ltr'><strong>largiens</strong></span> <span class='ocrx_word' id='word_1_196' title='bbox 3354 679 3711 751; x_wconf 82' lang='lat' dir='ltr'><strong>impassibili-</strong></span> 
     </span>
    </p>
   </div>
   <div class='ocr_carea' id='block_1_36' title="bbox 2132 783 2319 830">
    <p class='ocr_par' dir='ltr' id='par_1_36' title="bbox 2132 783 2319 830">
     <span class='ocr_line' id='line_1_36' title="bbox 2132 783 2319 830; baseline -0.016 0"><span class='ocrx_word' id='word_1_197' title='bbox 2132 783 2319 830; x_wconf 80' lang='lat' dir='ltr'><strong>tatem.</strong></span> 
     </span>
    </p>
   </div>
   <div class='ocr_carea' id='block_1_37' title="bbox 2489 864 3428 938">
    <p class='ocr_par' dir='ltr' id='par_1_37' title="bbox 2489 864 3428 938">
     <span class='ocr_line' id='line_1_37' title="bbox 2489 864 3428 938; baseline -0.001 -17"><span class='ocrx_word' id='word_1_198' title='bbox 2489 866 2762 922; x_wconf 74' lang='lat' dir='ltr'><strong>Miracula</strong></span> <span class='ocrx_word' id='word_1_199' title='bbox 2785 867 3007 938; x_wconf 76' lang='lat' dir='ltr'><strong>insignis</strong></span> <span class='ocrx_word' id='word_1_200' title='bbox 3049 882 3171 922; x_wconf 80' lang='lat' dir='ltr'><strong>rore</strong></span> <span class='ocrx_word' id='word_1_201' title='bbox 3193 864 3428 937; x_wconf 73' lang='lat' dir='ltr'><strong>perfusa.</strong></span> 
     </span>
    </p>
   </div>
   <div class='ocr_carea' id='block_1_38' title="bbox 2201 955 3720 1030">
    <p class='ocr_par' dir='ltr' id='par_1_38' title="bbox 2201 955 3720 1030">
     <span class='ocr_line' id='line_1_38' title="bbox 2201 955 3720 1030; baseline -0.003 -16"><span class='ocrx_word' id='word_1_202' title='bbox 2201 957 2499 1027; x_wconf 85' lang='lat' dir='ltr'><strong>Obtudisti,</strong></span> <span class='ocrx_word' id='word_1_203' title='bbox 2533 957 2807 1022; x_wconf 89' lang='lat' dir='ltr'><strong>Salvator,</strong></span> <span class='ocrx_word' id='word_1_204' title='bbox 2844 958 3068 1030; x_wconf 76' lang='lat' dir='ltr'><strong>maligni</strong></span> <span class='ocrx_word' id='word_1_205' title='bbox 3102 958 3356 1015; x_wconf 89' lang='lat' dir='ltr'><strong>stimulos</strong></span> <span class='ocrx_word' id='word_1_206' title='bbox 3400 955 3572 1012; x_wconf 84' lang='lat' dir='ltr'><strong>clavis</strong></span> <span class='ocrx_word' id='word_1_207' title='bbox 3604 959 3720 1010; x_wconf 86' lang='lat' dir='ltr'><strong>de-</strong></span> 
     </span>
    </p>
   </div>
   <div class='ocr_carea' id='block_1_39' title="bbox 2129 1047 3710 1129">
    <p class='ocr_par' dir='ltr' id='par_1_39' title="bbox 2129 1047 3710 1129">
     <span class='ocr_line' id='line_1_39' title="bbox 2129 1047 3710 1129; baseline -0.003 -23"><span class='ocrx_word' id='word_1_208' title='bbox 2129 1050 2272 1107; x_wconf 79' lang='lat' dir='ltr'><strong>ﬁxus</strong></span> <span class='ocrx_word' id='word_1_209' title='bbox 2305 1050 2358 1105; x_wconf 90' lang='lat' dir='ltr'><strong>in</strong></span> <span class='ocrx_word' id='word_1_210' title='bbox 2391 1050 2558 1129; x_wconf 80' lang='lat' dir='ltr'><strong>ligno,</strong></span> <span class='ocrx_word' id='word_1_211' title='bbox 2591 1051 2874 1120; x_wconf 81' lang='lat' dir='ltr'><strong>spinarum</strong></span> <span class='ocrx_word' id='word_1_212' title='bbox 2902 1050 3208 1106; x_wconf 88' lang='lat' dir='ltr'><strong>diademate</strong></span> <span class='ocrx_word' id='word_1_213' title='bbox 3238 1048 3526 1106; x_wconf 72' lang='lat' dir='ltr'><strong>redimitus</strong></span> <span class='ocrx_word' id='word_1_214' title='bbox 3542 1063 3602 1103; x_wconf 91' lang='lat' dir='ltr'><strong>es</strong></span> <span class='ocrx_word' id='word_1_215' title='bbox 3634 1047 3710 1101; x_wconf 89' lang='lat' dir='ltr'><strong>ir-</strong></span> 
     </span>
    </p>
   </div>
   <div class='ocr_carea' id='block_1_40' title="bbox 2129 1142 3714 1214">
    <p class='ocr_par' dir='ltr' id='par_1_40' title="bbox 2129 1142 3714 1214">
     <span class='ocr_line' id='line_1_40' title="bbox 2129 1142 3714 1214; baseline -0.004 -16"><span class='ocrx_word' id='word_1_216' title='bbox 2129 1145 2344 1210; x_wconf 88' lang='lat' dir='ltr'><strong>risorie,</strong></span> <span class='ocrx_word' id='word_1_217' title='bbox 2372 1142 2832 1213; x_wconf 82' lang='lat' dir='ltr'><strong>transgressionis</strong></span> <span class='ocrx_word' id='word_1_218' title='bbox 2885 1142 3172 1198; x_wconf 90' lang='lat' dir='ltr'><strong>eradicans</strong></span> <span class='ocrx_word' id='word_1_219' title='bbox 3229 1143 3487 1211; x_wconf 88' lang='lat' dir='ltr'><strong>spinam;</strong></span> <span class='ocrx_word' id='word_1_220' title='bbox 3541 1154 3714 1214; x_wconf 86' lang='lat' dir='ltr'><strong>quare</strong></span> 
     </span>
    </p>
   </div>
   <div class='ocr_carea' id='block_1_41' title="bbox 2129 1231 3712 1306">
    <p class='ocr_par' dir='ltr' id='par_1_41' title="bbox 2129 1231 3712 1306">
     <span class='ocr_line' id='line_1_41' title="bbox 2129 1231 3712 1306; baseline -0.001 -18"><span class='ocrx_word' id='word_1_221' title='bbox 2129 1232 2348 1306; x_wconf 81' lang='lat' dir='ltr'><strong>hymnis</strong></span> <span class='ocrx_word' id='word_1_222' title='bbox 2376 1235 2718 1292; x_wconf 84' lang='lat' dir='ltr'><strong>celebrantes</strong></span> <span class='ocrx_word' id='word_1_223' title='bbox 2763 1236 3121 1291; x_wconf 82' lang='lat' dir='ltr'><strong>decantamus</strong></span> <span class='ocrx_word' id='word_1_224' title='bbox 3151 1249 3168 1288; x_wconf 93' lang='lat'><strong>:</strong></span> <span class='ocrx_word' id='word_1_225' title='bbox 3211 1231 3503 1289; x_wconf 89' lang='lat' dir='ltr'><strong>Benedicat</strong></span> <span class='ocrx_word' id='word_1_226' title='bbox 3532 1232 3712 1287; x_wconf 91' lang='lat' dir='ltr'><strong>omnis</strong></span> 
     </span>
    </p>
   </div>
   <div class='ocr_carea' id='block_1_42' title="bbox 2131 1327 2724 1384">
    <p class='ocr_par' dir='ltr' id='par_1_42' title="bbox 2131 1327 2724 1384">
     <span class='ocr_line' id='line_1_42' title="bbox 2131 1327 2724 1384; baseline 0 0"><span class='ocrx_word' id='word_1_227' title='bbox 2131 1337 2386 1384; x_wconf 79' lang='lat' dir='ltr'><strong>creatura</strong></span> <span class='ocrx_word' id='word_1_228' title='bbox 2412 1327 2724 1384; x_wconf 87' lang='lat' dir='ltr'><strong>Dominum.</strong></span> 
     </span>
    </p>
   </div>
   <div class='ocr_carea' id='block_1_43' title="bbox 2197 1419 3711 1492">
    <p class='ocr_par' dir='ltr' id='par_1_43' title="bbox 2197 1419 3711 1492">
     <span class='ocr_line' id='line_1_43' title="bbox 2197 1419 3711 1492; baseline 0 -19"><span class='ocrx_word' id='word_1_229' title='bbox 2197 1419 2514 1490; x_wconf 82' lang='lat' dir='ltr'><strong>Expandisti</strong></span> <span class='ocrx_word' id='word_1_230' title='bbox 2542 1420 2599 1476; x_wconf 90' lang='lat' dir='ltr'><strong>in</strong></span> <span class='ocrx_word' id='word_1_231' title='bbox 2637 1435 2802 1477; x_wconf 86' lang='lat' dir='ltr'><strong>cruce</strong></span> <span class='ocrx_word' id='word_1_232' title='bbox 2837 1421 3066 1492; x_wconf 85' lang='lat' dir='ltr'><strong>palmas,</strong></span> <span class='ocrx_word' id='word_1_233' title='bbox 3101 1420 3346 1490; x_wconf 87' lang='lat' dir='ltr'><strong>Christe,</strong></span> <span class='ocrx_word' id='word_1_234' title='bbox 3410 1422 3711 1476; x_wconf 89' lang='lat' dir='ltr'><strong>humanum</strong></span> 
     </span>
    </p>
   </div>
   <div class='ocr_carea' id='block_1_44' title="bbox 2130 1510 3711 1584">
    <p class='ocr_par' dir='ltr' id='par_1_44' title="bbox 2130 1510 3711 1584">
     <span class='ocr_line' id='line_1_44' title="bbox 2130 1510 3711 1584; baseline -0.001 -18"><span class='ocrx_word' id='word_1_235' title='bbox 2130 1525 2308 1582; x_wconf 74' lang='lat' dir='ltr'><strong>genus</strong></span> <span class='ocrx_word' id='word_1_236' title='bbox 2340 1510 2408 1566; x_wconf 90' lang='lat' dir='ltr'><strong>ad</strong></span> <span class='ocrx_word' id='word_1_237' title='bbox 2467 1519 2617 1566; x_wconf 85' lang='lat' dir='ltr'><strong>tuam</strong></span> <span class='ocrx_word' id='word_1_238' title='bbox 2669 1512 3042 1584; x_wconf 76' lang='lat' dir='ltr'><strong>cognitionem</strong></span> <span class='ocrx_word' id='word_1_239' title='bbox 3081 1511 3385 1578; x_wconf 83' lang='lat' dir='ltr'><strong>adducens,</strong></span> <span class='ocrx_word' id='word_1_240' title='bbox 3421 1521 3475 1568; x_wconf 92' lang='lat' dir='ltr'><strong>et</strong></span> <span class='ocrx_word' id='word_1_241' title='bbox 3525 1512 3711 1566; x_wconf 80' lang='lat' dir='ltr'><strong>lancea</strong></span> 
     </span>
    </p>
   </div>
   <div class='ocr_carea' id='block_1_45' title="bbox 2127 1600 3714 1672">
    <p class='ocr_par' dir='ltr' id='par_1_45' title="bbox 2127 1600 3714 1672">
     <span class='ocr_line' id='line_1_45' title="bbox 2127 1600 3714 1672; baseline -0.002 -16"><span class='ocrx_word' id='word_1_242' title='bbox 2127 1600 2272 1657; x_wconf 85' lang='lat' dir='ltr'><strong>latus</strong></span> <span class='ocrx_word' id='word_1_243' title='bbox 2299 1607 2449 1655; x_wconf 89' lang='lat' dir='ltr'><strong>tuum</strong></span> <span class='ocrx_word' id='word_1_244' title='bbox 2483 1601 2652 1672; x_wconf 75' lang='lat' dir='ltr'><strong>pungi</strong></span> <span class='ocrx_word' id='word_1_245' title='bbox 2703 1617 2903 1672; x_wconf 85' lang='lat' dir='ltr'><strong>passus</strong></span> <span class='ocrx_word' id='word_1_246' title='bbox 2924 1617 3006 1666; x_wconf 88' lang='lat' dir='ltr'><strong>es,</strong></span> <span class='ocrx_word' id='word_1_247' title='bbox 3046 1600 3333 1657; x_wconf 81' lang='lat' dir='ltr'><strong>eﬂ&#39;undens</strong></span> <span class='ocrx_word' id='word_1_248' title='bbox 3383 1600 3544 1657; x_wconf 89' lang='lat' dir='ltr'><strong>nobis</strong></span> <span class='ocrx_word' id='word_1_249' title='bbox 3591 1601 3714 1654; x_wconf 78' lang='lat' dir='ltr'><strong>fon-</strong></span> 
     </span>
    </p>
   </div>
   <div class='ocr_carea' id='block_1_46' title="bbox 2128 1691 3712 1750">
    <p class='ocr_par' dir='ltr' id='par_1_46' title="bbox 2128 1691 3712 1750">
     <span class='ocr_line' id='line_1_46' title="bbox 2128 1691 3712 1750; baseline -0.001 -3"><span class='ocrx_word' id='word_1_250' title='bbox 2128 1699 2238 1748; x_wconf 88' lang='lat' dir='ltr'><strong>tem</strong></span> <span class='ocrx_word' id='word_1_251' title='bbox 2315 1691 2810 1750; x_wconf 87' lang='lat' dir='ltr'><strong>illuminationibus</strong></span> <span class='ocrx_word' id='word_1_252' title='bbox 2875 1693 3354 1750; x_wconf 85' lang='lat' dir='ltr'><strong>decantantibus:</strong></span> <span class='ocrx_word' id='word_1_253' title='bbox 3417 1691 3712 1749; x_wconf 77' lang='lat' dir='ltr'><strong>Benedirat</strong></span> 
     </span>
    </p>
   </div>
   <div class='ocr_carea' id='block_1_47' title="bbox 2048 1762 2616 1837">
    <p class='ocr_par' dir='ltr' id='par_1_47' title="bbox 2048 1762 2616 1837">
     <span class='ocr_line' id='line_1_47' title="bbox 2048 1762 2616 1837; baseline 0.002 -1"><span class='ocrx_word' id='word_1_254' title='bbox 2048 1762 2094 1820; x_wconf 74' lang='grc' dir='ltr'><strong><em>Β</em></strong></span> <span class='ocrx_word' id='word_1_255' title='bbox 2122 1781 2301 1837; x_wconf 91' lang='lat' dir='ltr'><strong>omnis</strong></span> <span class='ocrx_word' id='word_1_256' title='bbox 2333 1789 2616 1837; x_wconf 83' lang='lat' dir='ltr'><strong>creatura.</strong></span> 
     </span>
    </p>
   </div>
   <div class='ocr_carea' id='block_1_48' title="bbox 2189 1872 3708 1938">
    <p class='ocr_par' dir='ltr' id='par_1_48' title="bbox 2189 1872 3708 1938">
     <span class='ocr_line' id='line_1_48' title="bbox 2189 1872 3708 1938; baseline -0.001 -10"><span class='ocrx_word' id='word_1_257' title='bbox 2189 1872 2436 1930; x_wconf 88' lang='lat' dir='ltr'><strong>Fluentis</strong></span> <span class='ocrx_word' id='word_1_258' title='bbox 2457 1873 2828 1929; x_wconf 87' lang='lat' dir='ltr'><strong>miserationis</strong></span> <span class='ocrx_word' id='word_1_259' title='bbox 2858 1880 2964 1928; x_wconf 65' lang='lat' dir='ltr'><strong>tum</strong></span> <span class='ocrx_word' id='word_1_260' title='bbox 2983 1872 3318 1938; x_wconf 90' lang='lat' dir='ltr'><strong>misericors,</strong></span> <span class='ocrx_word' id='word_1_261' title='bbox 3333 1873 3568 1929; x_wconf 88' lang='lat' dir='ltr'><strong>emunda</strong></span> <span class='ocrx_word' id='word_1_262' title='bbox 3612 1888 3708 1926; x_wconf 87' lang='lat' dir='ltr'><strong>cot&#39;</strong></span> 
     </span>
    </p>
   </div>
   <div class='ocr_carea' id='block_1_49' title="bbox 2119 1965 3708 2039">
    <p class='ocr_par' dir='ltr' id='par_1_49' title="bbox 2119 1965 3708 2039">
     <span class='ocr_line' id='line_1_49' title="bbox 2119 1965 3708 2039; baseline -0.004 -16"><span class='ocrx_word' id='word_1_263' title='bbox 2119 1982 2298 2023; x_wconf 87' lang='lat' dir='ltr'><strong>meum</strong></span> <span class='ocrx_word' id='word_1_264' title='bbox 2334 1967 2540 2039; x_wconf 80' lang='lat' dir='ltr'><strong>peccati</strong></span> <span class='ocrx_word' id='word_1_265' title='bbox 2572 1980 2758 2023; x_wconf 85' lang='lat' dir='ltr'><strong>morsu</strong></span> <span class='ocrx_word' id='word_1_266' title='bbox 2787 1967 3120 2022; x_wconf 88' lang='lat' dir='ltr'><strong>maculatum</strong></span> <span class='ocrx_word' id='word_1_267' title='bbox 3147 1982 3162 2032; x_wconf 90' lang='lat'><strong>;</strong></span> <span class='ocrx_word' id='word_1_268' title='bbox 3193 1975 3246 2022; x_wconf 91' lang='lat' dir='ltr'><strong>et</strong></span> <span class='ocrx_word' id='word_1_269' title='bbox 3281 1965 3505 2022; x_wconf 80' lang='lat' dir='ltr'><strong>ﬂumina</strong></span> <span class='ocrx_word' id='word_1_270' title='bbox 3556 1980 3708 2021; x_wconf 87' lang='lat' dir='ltr'><strong>com-</strong></span> 
     </span>
    </p>
   </div>
   <div class='ocr_carea' id='block_1_50' title="bbox 2118 2055 3706 2130">
    <p class='ocr_par' dir='ltr' id='par_1_50' title="bbox 2118 2055 3706 2130">
     <span class='ocr_line' id='line_1_50' title="bbox 2118 2055 3706 2130; baseline -0.004 -16"><span class='ocrx_word' id='word_1_271' title='bbox 2118 2058 2438 2130; x_wconf 88' lang='lat' dir='ltr'><strong>punctionis</strong></span> <span class='ocrx_word' id='word_1_272' title='bbox 2467 2057 2750 2115; x_wconf 78' lang='lat' dir='ltr'><strong>eﬁ‘undere</strong></span> <span class='ocrx_word' id='word_1_273' title='bbox 2800 2072 2887 2114; x_wconf 78' lang='lat' dir='ltr'><strong>me</strong></span> <span class='ocrx_word' id='word_1_274' title='bbox 2935 2055 3186 2130; x_wconf 73' lang='lat' dir='ltr'><strong>dignare,</strong></span> <span class='ocrx_word' id='word_1_275' title='bbox 3215 2056 3432 2112; x_wconf 83' lang='lat' dir='ltr'><strong>Christe</strong></span> <span class='ocrx_word' id='word_1_276' title='bbox 3454 2055 3606 2124; x_wconf 85' lang='lat' dir='ltr'><strong>Jesu,</strong></span> <span class='ocrx_word' id='word_1_277' title='bbox 3648 2064 3706 2109; x_wconf 90' lang='lat' dir='ltr'><strong>ut</strong></span> 
     </span>
    </p>
   </div>
   <div class='ocr_carea' id='block_1_51' title="bbox 2118 2151 3444 2208">
    <p class='ocr_par' dir='ltr' id='par_1_51' title="bbox 2118 2151 3444 2208">
     <span class='ocr_line' id='line_1_51' title="bbox 2118 2151 3444 2208; baseline -0.002 0"><span class='ocrx_word' id='word_1_278' title='bbox 2118 2152 2349 2208; x_wconf 85' lang='lat' dir='ltr'><strong>clamem</strong></span> <span class='ocrx_word' id='word_1_279' title='bbox 2381 2152 2449 2208; x_wconf 89' lang='lat' dir='ltr'><strong>ad</strong></span> <span class='ocrx_word' id='word_1_280' title='bbox 2479 2162 2573 2208; x_wconf 90' lang='lat' dir='ltr'><strong>te:</strong></span> <span class='ocrx_word' id='word_1_281' title='bbox 2613 2151 2911 2208; x_wconf 87' lang='lat' dir='ltr'><strong>Benedicat</strong></span> <span class='ocrx_word' id='word_1_282' title='bbox 2947 2152 3130 2208; x_wconf 86' lang='lat' dir='ltr'><strong>omnis</strong></span> <span class='ocrx_word' id='word_1_283' title='bbox 3167 2160 3444 2208; x_wconf 79' lang='lat' dir='ltr'><strong>creatura.</strong></span> 
     </span>
    </p>
   </div>
   <div class='ocr_carea' id='block_1_52' title="bbox 2191 2340 3701 2415">
    <p class='ocr_par' dir='ltr' id='par_1_52' title="bbox 2191 2340 3701 2415">
     <span class='ocr_line' id='line_1_52' title="bbox 2191 2340 3701 2415; baseline 0.001 -18"><span class='ocrx_word' id='word_1_284' title='bbox 2191 2340 2269 2399; x_wconf 82' lang='lat' dir='ltr'><strong>Te</strong></span> <span class='ocrx_word' id='word_1_285' title='bbox 2299 2357 2494 2399; x_wconf 86' lang='lat' dir='ltr'><strong>urnam</strong></span> <span class='ocrx_word' id='word_1_286' title='bbox 2527 2342 2752 2400; x_wconf 84' lang='lat' dir='ltr'><strong>deitatis</strong></span> <span class='ocrx_word' id='word_1_287' title='bbox 2816 2358 3017 2400; x_wconf 85' lang='lat' dir='ltr'><strong>manna</strong></span> <span class='ocrx_word' id='word_1_288' title='bbox 3067 2343 3438 2415; x_wconf 82' lang='lat' dir='ltr'><strong>possidentem</strong></span> <span class='ocrx_word' id='word_1_289' title='bbox 3477 2345 3701 2414; x_wconf 78' lang='lat' dir='ltr'><strong>agnmi-</strong></span> 
     </span>
    </p>
   </div>
   <div class='ocr_carea' id='block_1_53' title="bbox 2117 2433 3692 2504">
    <p class='ocr_par' dir='ltr' id='par_1_53' title="bbox 2117 2433 3692 2504">
     <span class='ocr_line' id='line_1_53' title="bbox 2117 2433 3692 2504; baseline -0.003 -12"><span class='ocrx_word' id='word_1_290' title='bbox 2117 2449 2264 2499; x_wconf 86' lang='lat' dir='ltr'><strong>mus,</strong></span> <span class='ocrx_word' id='word_1_291' title='bbox 2320 2433 2511 2504; x_wconf 77' lang='lat' dir='ltr'><strong>Virgo,</strong></span> <span class='ocrx_word' id='word_1_292' title='bbox 2566 2448 2751 2490; x_wconf 89' lang='lat' dir='ltr'><strong>arcam</strong></span> <span class='ocrx_word' id='word_1_293' title='bbox 2799 2443 2856 2491; x_wconf 94' lang='lat' dir='ltr'><strong>et</strong></span> <span class='ocrx_word' id='word_1_294' title='bbox 2909 2450 3152 2492; x_wconf 85' lang='lat' dir='ltr'><strong>mensam</strong></span> <span class='ocrx_word' id='word_1_295' title='bbox 3189 2443 3246 2490; x_wconf 89' lang='lat' dir='ltr'><strong>et</strong></span> <span class='ocrx_word' id='word_1_296' title='bbox 3271 2434 3692 2500; x_wconf 85' lang='lat' dir='ltr'><strong>candelabrum,</strong></span> 
     </span>
    </p>
   </div>
   <div class='ocr_carea' id='block_1_54' title="bbox 2119 2525 3688 2598">
    <p class='ocr_par' dir='ltr' id='par_1_54' title="bbox 2119 2525 3688 2598">
     <span class='ocr_line' id='line_1_54' title="bbox 2119 2525 3688 2598; baseline -0.001 -17"><span class='ocrx_word' id='word_1_297' title='bbox 2119 2525 2377 2582; x_wconf 88' lang='lat' dir='ltr'><strong>thronum</strong></span> <span class='ocrx_word' id='word_1_298' title='bbox 2405 2526 2497 2581; x_wconf 89' lang='lat' dir='ltr'><strong>Dei</strong></span> <span class='ocrx_word' id='word_1_299' title='bbox 2527 2533 2584 2582; x_wconf 90' lang='lat' dir='ltr'><strong>et</strong></span> <span class='ocrx_word' id='word_1_300' title='bbox 2610 2527 2872 2598; x_wconf 85' lang='lat' dir='ltr'><strong>palatium</strong></span> <span class='ocrx_word' id='word_1_301' title='bbox 2900 2534 2956 2582; x_wconf 94' lang='lat' dir='ltr'><strong>et</strong></span> <span class='ocrx_word' id='word_1_302' title='bbox 2985 2526 3191 2582; x_wconf 81' lang='lat' dir='ltr'><strong>fontem</strong></span> <span class='ocrx_word' id='word_1_303' title='bbox 3209 2526 3567 2582; x_wconf 77' lang='lat' dir='ltr'><strong>deducentem</strong></span> <span class='ocrx_word' id='word_1_304' title='bbox 3620 2527 3688 2580; x_wconf 84' lang='lat' dir='ltr'><strong>ad</strong></span> 
     </span>
    </p>
   </div>
   <div class='ocr_carea' id='block_1_55' title="bbox 2115 2617 3688 2678">
    <p class='ocr_par' dir='ltr' id='par_1_55' title="bbox 2115 2617 3688 2678">
     <span class='ocr_line' id='line_1_55' title="bbox 2115 2617 3688 2678; baseline 0 -4"><span class='ocrx_word' id='word_1_305' title='bbox 2115 2618 2284 2674; x_wconf 88' lang='lat' dir='ltr'><strong>vitam</strong></span> <span class='ocrx_word' id='word_1_306' title='bbox 2345 2617 2587 2675; x_wconf 79' lang='lat' dir='ltr'><strong>divinam</strong></span> <span class='ocrx_word' id='word_1_307' title='bbox 2662 2617 3021 2678; x_wconf 85' lang='lat' dir='ltr'><strong>decantantes</strong></span> <span class='ocrx_word' id='word_1_308' title='bbox 3081 2637 3094 2676; x_wconf 86' lang='lat'><strong>:</strong></span> <span class='ocrx_word' id='word_1_309' title='bbox 3150 2619 3446 2677; x_wconf 84' lang='lat' dir='ltr'><strong>Benedicat</strong></span> <span class='ocrx_word' id='word_1_310' title='bbox 3505 2620 3688 2676; x_wconf 84' lang='lat' dir='ltr'><strong>omnis</strong></span> 
     </span>
    </p>
   </div>
   <div class='ocr_carea' id='block_1_56' title="bbox 2119 2720 2392 2766">
    <p class='ocr_par' dir='ltr' id='par_1_56' title="bbox 2119 2720 2392 2766">
     <span class='ocr_line' id='line_1_56' title="bbox 2119 2720 2392 2766; baseline 0.004 -1"><span class='ocrx_word' id='word_1_311' title='bbox 2119 2720 2392 2766; x_wconf 87' lang='lat' dir='ltr'><strong>creatura.</strong></span> 
     </span>
    </p>
   </div>
   <div class='ocr_carea' id='block_1_57' title="bbox 2579 2803 3273 2876">
    <p class='ocr_par' dir='ltr' id='par_1_57' title="bbox 2579 2803 3273 2876">
     <span class='ocr_line' id='line_1_57' title="bbox 2579 2803 3273 2876; baseline 0 -16"><span class='ocrx_word' id='word_1_312' title='bbox 2579 2803 2753 2876; x_wconf 77' lang='lat' dir='ltr'><strong>Typus</strong></span> <span class='ocrx_word' id='word_1_313' title='bbox 2784 2804 2920 2860; x_wconf 73' lang='lat' dir='ltr'><strong>casti</strong></span> <span class='ocrx_word' id='word_1_314' title='bbox 2959 2813 3146 2874; x_wconf 78' lang='lat' dir='ltr'><strong>partus</strong></span> <span class='ocrx_word' id='word_1_315' title='bbox 3177 2804 3273 2860; x_wconf 81' lang='lat' dir='ltr'><strong>tui.</strong></span> 
     </span>
    </p>
   </div>
   <div class='ocr_carea' id='block_1_58' title="bbox 2195 2891 3700 2968">
    <p class='ocr_par' dir='ltr' id='par_1_58' title="bbox 2195 2891 3700 2968">
     <span class='ocr_line' id='line_1_58' title="bbox 2195 2891 3700 2968; baseline 0.001 -21"><span class='ocrx_word' id='word_1_316' title='bbox 2195 2891 2344 2953; x_wconf 83' lang='lat' dir='ltr'><strong>Vidit</strong></span> <span class='ocrx_word' id='word_1_317' title='bbox 2372 2895 2504 2952; x_wconf 63' lang='lat' dir='ltr'><strong>Elim</strong></span> <span class='ocrx_word' id='word_1_318' title='bbox 2541 2895 2852 2968; x_wconf 77' lang='lat' dir='ltr'><strong>discipulus</strong></span> <span class='ocrx_word' id='word_1_319' title='bbox 2924 2895 3215 2950; x_wconf 83' lang='lat' dir='ltr'><strong>Dominum</strong></span> <span class='ocrx_word' id='word_1_320' title='bbox 3267 2897 3319 2951; x_wconf 89' lang='lat' dir='ltr'><strong>in</strong></span> <span class='ocrx_word' id='word_1_321' title='bbox 3378 2895 3700 2951; x_wconf 77' lang='lat' dir='ltr'><strong>tenuissima</strong></span> 
     </span>
    </p>
   </div>
   <div class='ocr_carea' id='block_1_59' title="bbox 2118 2985 3702 3059">
    <p class='ocr_par' dir='ltr' id='par_1_59' title="bbox 2118 2985 3702 3059">
     <span class='ocr_line' id='line_1_59' title="bbox 2118 2985 3702 3059; baseline -0.001 -19"><span class='ocrx_word' id='word_1_322' title='bbox 2118 2999 2276 3050; x_wconf 88' lang='lat' dir='ltr'><strong>aura,</strong></span> <span class='ocrx_word' id='word_1_323' title='bbox 2317 2995 2609 3059; x_wconf 85' lang='lat' dir='ltr'><strong>postquam</strong></span> <span class='ocrx_word' id='word_1_324' title='bbox 2669 2987 2974 3042; x_wconf 85' lang='lat' dir='ltr'><strong>attenuavit</strong></span> <span class='ocrx_word' id='word_1_325' title='bbox 3011 3001 3232 3042; x_wconf 89' lang='lat' dir='ltr'><strong>carnem</strong></span> <span class='ocrx_word' id='word_1_326' title='bbox 3259 2985 3597 3058; x_wconf 89' lang='lat' dir='ltr'><strong>ieiuniorum</strong></span> <span class='ocrx_word' id='word_1_327' title='bbox 3646 2993 3702 3040; x_wconf 91' lang='lat' dir='ltr'><strong>et</strong></span> 
     </span>
    </p>
   </div>
   <div class='ocr_carea' id='block_1_60' title="bbox 430 3075 2012 3177">
    <p class='ocr_par' dir='ltr' id='par_1_60' title="bbox 430 3075 2012 3157">
     <span class='ocr_line' id='line_1_60' title="bbox 430 3075 2012 3157; baseline 0.007 -27"><span class='ocrx_word' id='word_1_328' title='bbox 430 3075 732 3133; x_wconf 74' lang='grc' dir='ltr'>ἑπιδόσεσιν</span> <span class='ocrx_word' id='word_1_329' title='bbox 754 3092 770 3108; x_wconf 78' lang='grc'><em>³</em></span> <span class='ocrx_word' id='word_1_330' title='bbox 803 3079 862 3134; x_wconf 79' lang='grc' dir='ltr'>ὃν</span> <span class='ocrx_word' id='word_1_331' title='bbox 897 3080 1157 3151; x_wconf 82' lang='grc' dir='ltr'>ζηλοῦσα,</span> <span class='ocrx_word' id='word_1_332' title='bbox 1207 3083 1351 3153; x_wconf 78' lang='grc' dir='ltr'>ψυχή</span> <span class='ocrx_word' id='word_1_333' title='bbox 1379 3100 1505 3152; x_wconf 87' lang='grc' dir='ltr'>μου,</span> <span class='ocrx_word' id='word_1_334' title='bbox 1553 3084 1860 3156; x_wconf 76' lang='grc' dir='ltr'>ἀπόρριψον</span> <span class='ocrx_word' id='word_1_335' title='bbox 1903 3086 2012 3157; x_wconf 78' lang='grc' dir='ltr'><strong>τῶν</strong></span> 
     </span>
    </p>
   </div>
   <div class='ocr_carea' id='block_1_61' title="bbox 2134 3075 3696 3177">
    <p class='ocr_par' dir='ltr' id='par_1_61' title="bbox 2134 3077 3696 3148">
     <span class='ocr_line' id='line_1_61' title="bbox 2134 3077 3696 3148; baseline 0.001 -15"><span class='ocrx_word' id='word_1_336' title='bbox 2134 3077 2428 3133; x_wconf 69' lang='grc' dir='ltr'>παιίοουιη</span> <span class='ocrx_word' id='word_1_337' title='bbox 2511 3078 2867 3135; x_wconf 87' lang='lat' dir='ltr'><strong>incrementis</strong></span> <span class='ocrx_word' id='word_1_338' title='bbox 2912 3095 2928 3144; x_wconf 87' lang='lat'>;</span> <span class='ocrx_word' id='word_1_339' title='bbox 2980 3093 3143 3148; x_wconf 84' lang='lat' dir='ltr'><strong>quem</strong></span> <span class='ocrx_word' id='word_1_340' title='bbox 3197 3079 3439 3144; x_wconf 84' lang='lat' dir='ltr'><strong>imitans,</strong></span> <span class='ocrx_word' id='word_1_341' title='bbox 3511 3080 3696 3134; x_wconf 84' lang='lat' dir='ltr'><strong>anima</strong></span> 
     </span>
    </p>
   </div>
   <div class='ocr_carea' id='block_1_62' title="bbox 427 3168 1814 3248">
    <p class='ocr_par' dir='ltr' id='par_1_62' title="bbox 427 3168 1814 3248">
     <span class='ocr_line' id='line_1_62' title="bbox 427 3168 1814 3248; baseline 0.009 -27"><span class='ocrx_word' id='word_1_342' title='bbox 427 3168 631 3240; x_wconf 73' lang='grc' dir='ltr'>ἡδονῶν</span> <span class='ocrx_word' id='word_1_343' title='bbox 655 3171 717 3224; x_wconf 80' lang='grc' dir='ltr'>τὸ</span> <span class='ocrx_word' id='word_1_344' title='bbox 740 3171 930 3243; x_wconf 82' lang='grc' dir='ltr'>πάχος,</span> <span class='ocrx_word' id='word_1_345' title='bbox 962 3173 1111 3239; x_wconf 81' lang='grc' dir='ltr'>ὅπως</span> <span class='ocrx_word' id='word_1_346' title='bbox 1139 3173 1312 3246; x_wconf 80' lang='grc' dir='ltr'>θεάσῃ</span> <span class='ocrx_word' id='word_1_347' title='bbox 1338 3179 1428 3229; x_wconf 85' lang='grc' dir='ltr'>τὸν</span> <span class='ocrx_word' id='word_1_348' title='bbox 1456 3177 1814 3248; x_wconf 87' lang='grc' dir='ltr'>ποθούμενον.</span> 
     </span>
    </p>
   </div>
   <div class='ocr_carea' id='block_1_63' title="bbox 496 3351 2017 3430">
    <p class='ocr_par' dir='ltr' id='par_1_63' title="bbox 496 3351 2017 3430">
     <span class='ocr_line' id='line_1_63' title="bbox 496 3351 2017 3430; baseline 0.005 -22"><span class='ocrx_word' id='word_1_349' title='bbox 496 3351 652 3424; x_wconf 84' lang='grc' dir='ltr'>Ξύλῳ</span> <span class='ocrx_word' id='word_1_350' title='bbox 676 3353 967 3425; x_wconf 83' lang='grc' dir='ltr'>ἀνυψώσας</span> <span class='ocrx_word' id='word_1_351' title='bbox 996 3355 1262 3428; x_wconf 86' lang='grc' dir='ltr'>πρότερον</span> <span class='ocrx_word' id='word_1_352' title='bbox 1291 3357 1320 3410; x_wconf 79' lang='grc' dir='ltr'>ὁ</span> <span class='ocrx_word' id='word_1_353' title='bbox 1346 3357 1581 3429; x_wconf 82' lang='grc' dir='ltr'>Μωῦσῆς</span> <span class='ocrx_word' id='word_1_354' title='bbox 1612 3358 1704 3414; x_wconf 80' lang='grc' dir='ltr'>τὸν</span> <span class='ocrx_word' id='word_1_355' title='bbox 1728 3359 1873 3430; x_wconf 79' lang='grc' dir='ltr'>ὅφιν,</span> <span class='ocrx_word' id='word_1_356' title='bbox 1902 3361 2017 3416; x_wconf 79' lang='grc' dir='ltr'><strong>Σῶ-</strong></span> 
     </span>
    </p>
   </div>
   <div class='ocr_carea' id='block_1_64' title="bbox 425 3445 2014 3526">
    <p class='ocr_par' dir='ltr' id='par_1_64' title="bbox 425 3445 2014 3526">
     <span class='ocr_line' id='line_1_64' title="bbox 425 3445 2014 3526; baseline 0.008 -30"><span class='ocrx_word' id='word_1_357' title='bbox 425 3460 522 3516; x_wconf 84' lang='grc' dir='ltr'><strong>τερ</strong></span> <span class='ocrx_word' id='word_1_358' title='bbox 538 3487 554 3512; x_wconf 86' lang='grc'><strong>,</strong></span> <span class='ocrx_word' id='word_1_359' title='bbox 579 3445 777 3502; x_wconf 79' lang='grc' dir='ltr'>ὲτύπυυ</span> <span class='ocrx_word' id='word_1_360' title='bbox 801 3464 895 3501; x_wconf 88' lang='grc' dir='ltr'><strong>σου</strong></span> <span class='ocrx_word' id='word_1_361' title='bbox 925 3447 1023 3518; x_wconf 81' lang='grc' dir='ltr'>τὴν</span> <span class='ocrx_word' id='word_1_362' title='bbox 1049 3448 1327 3520; x_wconf 83' lang='grc' dir='ltr'>ἀνύψωσιν</span> <span class='ocrx_word' id='word_1_363' title='bbox 1351 3450 1451 3522; x_wconf 74' lang='grc' dir='ltr'>τὴν</span> <span class='ocrx_word' id='word_1_364' title='bbox 1475 3453 1534 3504; x_wconf 85' lang='grc' dir='ltr'>ὲν</span> <span class='ocrx_word' id='word_1_365' title='bbox 1566 3453 1808 3525; x_wconf 84' lang='grc' dir='ltr'>σταυρῷ,</span> <span class='ocrx_word' id='word_1_366' title='bbox 1844 3455 2014 3526; x_wconf 80' lang='grc' dir='ltr'>ὑπερ-</span> 
     </span>
    </p>
   </div>
   <div class='ocr_carea' id='block_1_65' title="bbox 427 3535 2014 3616">
    <p class='ocr_par' dir='ltr' id='par_1_65' title="bbox 427 3535 2014 3616">
     <span class='ocr_line' id='line_1_65' title="bbox 427 3535 2014 3616; baseline 0.007 -28"><span class='ocrx_word' id='word_1_367' title='bbox 427 3535 597 3603; x_wconf 79' lang='grc' dir='ltr'>ἀγαθε</span> <span class='ocrx_word' id='word_1_368' title='bbox 617 3577 632 3600; x_wconf 95' lang='grc'><strong>,</strong></span> <span class='ocrx_word' id='word_1_369' title='bbox 666 3536 872 3593; x_wconf 76' lang='grc' dir='ltr'>ίοϐὁλου</span> <span class='ocrx_word' id='word_1_370' title='bbox 901 3541 1096 3604; x_wconf 82' lang='grc' dir='ltr'>κακίας</span> <span class='ocrx_word' id='word_1_371' title='bbox 1124 3541 1218 3594; x_wconf 81' lang='grc' dir='ltr'><strong>τοῦ</strong></span> <span class='ocrx_word' id='word_1_372' title='bbox 1250 3541 1426 3610; x_wconf 72' lang='grc' dir='ltr'>ὄφεως</span> <span class='ocrx_word' id='word_1_373' title='bbox 1455 3541 1522 3596; x_wconf 82' lang='grc' dir='ltr'><strong>δι’</strong></span> <span class='ocrx_word' id='word_1_374' title='bbox 1551 3535 1612 3597; x_wconf 75' lang='grc' dir='ltr'>οὗ</span> <span class='ocrx_word' id='word_1_375' title='bbox 1640 3542 2014 3616; x_wconf 81' lang='grc' dir='ltr'>ἀπελυτρώσω</span> 
     </span>
    </p>
   </div>
   <div class='ocr_carea' id='block_1_66' title="bbox 425 3626 1410 3701">
    <p class='ocr_par' dir='ltr' id='par_1_66' title="bbox 425 3626 1410 3701">
     <span class='ocr_line' id='line_1_66' title="bbox 425 3626 1410 3701; baseline 0.007 -21"><span class='ocrx_word' id='word_1_376' title='bbox 425 3626 604 3681; x_wconf 81' lang='grc' dir='ltr'>πάντα</span> <span class='ocrx_word' id='word_1_377' title='bbox 628 3627 697 3682; x_wconf 82' lang='grc' dir='ltr'><strong>τὰ</strong></span> <span class='ocrx_word' id='word_1_378' title='bbox 723 3628 852 3698; x_wconf 73' lang='grc' dir='ltr'>ἔθνη</span> <span class='ocrx_word' id='word_1_379' title='bbox 884 3629 1301 3701; x_wconf 83' lang='grc' dir='ltr'>προσκυνοῦντά</span> <span class='ocrx_word' id='word_1_380' title='bbox 1328 3649 1410 3687; x_wconf 91' lang='grc' dir='ltr'>σε.</span> 
     </span>
    </p>
   </div>
   <div class='ocr_carea' id='block_1_67' title="bbox 497 3717 2009 3796">
    <p class='ocr_par' dir='ltr' id='par_1_67' title="bbox 497 3717 2009 3796">
     <span class='ocr_line' id='line_1_67' title="bbox 497 3717 2009 3796; baseline 0.008 -26"><span class='ocrx_word' id='word_1_381' title='bbox 497 3717 668 3788; x_wconf 81' lang='grc' dir='ltr'>Τάφῳ</span> <span class='ocrx_word' id='word_1_382' title='bbox 714 3719 990 3790; x_wconf 80' lang='grc' dir='ltr'>ῥᾳθυμίας</span> <span class='ocrx_word' id='word_1_383' title='bbox 1032 3722 1284 3791; x_wconf 81' lang='grc' dir='ltr'>κείμενος</span> <span class='ocrx_word' id='word_1_384' title='bbox 1308 3723 1678 3795; x_wconf 76' lang='grc' dir='ltr'>ἐπιϐαροῦντα</span> <span class='ocrx_word' id='word_1_385' title='bbox 1715 3725 1823 3796; x_wconf 73' lang='grc' dir='ltr'>ἔχω</span> <span class='ocrx_word' id='word_1_386' title='bbox 1865 3727 2009 3782; x_wconf 84' lang='grc' dir='ltr'>λίθον</span> 
     </span>
    </p>
   </div>
   <div class='ocr_carea' id='block_1_68' title="bbox 427 3807 2007 3888">
    <p class='ocr_par' dir='ltr' id='par_1_68' title="bbox 427 3807 2007 3888">
     <span class='ocr_line' id='line_1_68' title="bbox 427 3807 2007 3888; baseline 0.007 -27"><span class='ocrx_word' id='word_1_387' title='bbox 427 3807 772 3878; x_wconf 84' lang='grc' dir='ltr'>πωρώσεως,</span> <span class='ocrx_word' id='word_1_388' title='bbox 795 3812 886 3865; x_wconf 83' lang='grc' dir='ltr'>τὸν</span> <span class='ocrx_word' id='word_1_389' title='bbox 935 3813 1162 3878; x_wconf 78' lang='grc' dir='ltr'>ἀείζωον</span> <span class='ocrx_word' id='word_1_390' title='bbox 1208 3813 1284 3884; x_wconf 85' lang='grc' dir='ltr'>μὴ</span> <span class='ocrx_word' id='word_1_391' title='bbox 1335 3815 1552 3881; x_wconf 88' lang='grc' dir='ltr'>συνιὼν,</span> <span class='ocrx_word' id='word_1_392' title='bbox 1597 3816 1803 3887; x_wconf 85' lang='grc' dir='ltr'>Σῶτερ,</span> <span class='ocrx_word' id='word_1_393' title='bbox 1850 3817 2007 3888; x_wconf 89' lang='grc' dir='ltr'>λόγον</span> 
     </span>
    </p>
   </div>
   <div class='ocr_carea' id='block_1_69' title="bbox 429 3899 2008 3982">
    <p class='ocr_par' dir='ltr' id='par_1_69' title="bbox 429 3899 2008 3982">
     <span class='ocr_line' id='line_1_69' title="bbox 429 3899 2008 3982; baseline 0.009 -31"><span class='ocrx_word' id='word_1_394' title='bbox 429 3914 546 3961; x_wconf 85' lang='grc' dir='ltr'>σου,</span> <span class='ocrx_word' id='word_1_395' title='bbox 577 3899 671 3953; x_wconf 78' lang='grc' dir='ltr'>καὶ</span> <span class='ocrx_word' id='word_1_396' title='bbox 703 3900 798 3954; x_wconf 85' lang='grc' dir='ltr'><strong>τοῦ</strong></span> <span class='ocrx_word' id='word_1_397' title='bbox 844 3902 1013 3972; x_wconf 80' lang='grc' dir='ltr'>φόὸου</span> <span class='ocrx_word' id='word_1_398' title='bbox 1043 3920 1138 3957; x_wconf 87' lang='grc' dir='ltr'><strong>σου</strong></span> <span class='ocrx_word' id='word_1_399' title='bbox 1172 3904 1250 3975; x_wconf 79' lang='grc' dir='ltr'>μὴ</span> <span class='ocrx_word' id='word_1_400' title='bbox 1277 3905 1700 3977; x_wconf 75' lang='grc' dir='ltr'>αίσθανόμενοςο</span> <span class='ocrx_word' id='word_1_401' title='bbox 1729 3909 2008 3982; x_wconf 80' lang='grc' dir='ltr'>οίκτείρη-</span> 
     </span>
    </p>
   </div>
   <div class='ocr_carea' id='block_1_70' title="bbox 428 3990 1566 4066">
    <p class='ocr_par' dir='ltr' id='par_1_70' title="bbox 428 3990 1566 4066">
     <span class='ocr_line' id='line_1_70' title="bbox 428 3990 1566 4066; baseline 0.011 -24"><span class='ocrx_word' id='word_1_402' title='bbox 428 3990 519 4042; x_wconf 85' lang='grc' dir='ltr'>σόν</span> <span class='ocrx_word' id='word_1_403' title='bbox 545 4007 645 4062; x_wconf 87' lang='grc' dir='ltr'><strong>με,</strong></span> <span class='ocrx_word' id='word_1_404' title='bbox 679 3992 852 4048; x_wconf 84' lang='grc' dir='ltr'>σῶσον</span> <span class='ocrx_word' id='word_1_405' title='bbox 877 3992 956 4066; x_wconf 82' lang='grc' dir='ltr'>τῷ</span> <span class='ocrx_word' id='word_1_406' title='bbox 987 3993 1066 4066; x_wconf 83' lang='grc' dir='ltr'><strong>σῷ</strong></span> <span class='ocrx_word' id='word_1_407' title='bbox 1094 3994 1256 4062; x_wconf 76' lang='grc' dir='ltr'>ἐλέει,</span> <span class='ocrx_word' id='word_1_408' title='bbox 1289 3996 1566 4054; x_wconf 83' lang='grc' dir='ltr'>πολυέλεσ.</span> 
     </span>
    </p>
   </div>
   <div class='ocr_carea' id='block_1_71' title="bbox 427 4167 2004 4244">
    <p class='ocr_par' dir='ltr' id='par_1_71' title="bbox 427 4167 2004 4244">
     <span class='ocr_line' id='line_1_71' title="bbox 427 4167 2004 4244; baseline 0.006 -20"><span class='ocrx_word' id='word_1_409' title='bbox 427 4222 429 4224; x_wconf 80' lang='lat'><strong>.</strong></span> <span class='ocrx_word' id='word_1_410' title='bbox 495 4167 719 4223; x_wconf 83' lang='grc' dir='ltr'>Πάντων</span> <span class='ocrx_word' id='word_1_411' title='bbox 734 4171 1030 4242; x_wconf 79' lang='grc' dir='ltr'>ὑπερτέρα,</span> <span class='ocrx_word' id='word_1_412' title='bbox 1045 4174 1331 4240; x_wconf 83' lang='grc' dir='ltr'>Δέσποινα,</span> <span class='ocrx_word' id='word_1_413' title='bbox 1351 4175 1446 4244; x_wconf 85' lang='grc' dir='ltr'>τῆς</span> <span class='ocrx_word' id='word_1_414' title='bbox 1464 4174 1573 4229; x_wconf 89' lang='grc' dir='ltr'><strong>τῶν</strong></span> <span class='ocrx_word' id='word_1_415' title='bbox 1591 4176 1782 4229; x_wconf 86' lang='grc' dir='ltr'>παθῶν</span> <span class='ocrx_word' id='word_1_416' title='bbox 1802 4177 2004 4242; x_wconf 82' lang='grc' dir='ltr'>κακίας</span> 
     </span>
    </p>
   </div>
   <div class='ocr_carea' id='block_1_72' title="bbox 2118 3169 3700 3243">
    <p class='ocr_par' dir='ltr' id='par_1_72' title="bbox 2118 3169 3700 3243">
     <span class='ocr_line' id='line_1_72' title="bbox 2118 3169 3700 3243; baseline 0.003 -19"><span class='ocrx_word' id='word_1_417' title='bbox 2118 3185 2262 3238; x_wconf 88' lang='lat' dir='ltr'><strong>mea,</strong></span> <span class='ocrx_word' id='word_1_418' title='bbox 2295 3169 2477 3242; x_wconf 89' lang='lat' dir='ltr'><strong>abiice</strong></span> <span class='ocrx_word' id='word_1_419' title='bbox 2507 3172 2849 3243; x_wconf 88' lang='lat' dir='ltr'><strong>voluptatum</strong></span> <span class='ocrx_word' id='word_1_420' title='bbox 2879 3170 3190 3228; x_wconf 82' lang='lat' dir='ltr'><strong>crassitiem</strong></span> <span class='ocrx_word' id='word_1_421' title='bbox 3229 3177 3287 3226; x_wconf 91' lang='lat' dir='ltr'><strong>ut</strong></span> <span class='ocrx_word' id='word_1_422' title='bbox 3335 3171 3522 3228; x_wconf 84' lang='lat' dir='ltr'><strong>videas</strong></span> <span class='ocrx_word' id='word_1_423' title='bbox 3552 3171 3700 3228; x_wconf 86' lang='lat' dir='ltr'><strong>desi-</strong></span> 
     </span>
    </p>
   </div>
   <div class='ocr_carea' id='block_1_73' title="bbox 2116 3258 2392 3315">
    <p class='ocr_par' dir='ltr' id='par_1_73' title="bbox 2116 3258 2392 3315">
     <span class='ocr_line' id='line_1_73' title="bbox 2116 3258 2392 3315; baseline 0.004 -1"><span class='ocrx_word' id='word_1_424' title='bbox 2116 3258 2392 3315; x_wconf 84' lang='lat' dir='ltr'><strong>deratum.</strong></span> 
     </span>
    </p>
   </div>
   <div class='ocr_carea' id='block_1_74' title="bbox 2185 3349 3696 3426">
    <p class='ocr_par' dir='ltr' id='par_1_74' title="bbox 2185 3349 3696 3426">
     <span class='ocr_line' id='line_1_74' title="bbox 2185 3349 3696 3426; baseline 0.001 -19"><span class='ocrx_word' id='word_1_425' title='bbox 2185 3349 2419 3417; x_wconf 87' lang='lat' dir='ltr'><strong>Quando</strong></span> <span class='ocrx_word' id='word_1_426' title='bbox 2448 3351 2603 3423; x_wconf 90' lang='lat' dir='ltr'><strong>prius</strong></span> <span class='ocrx_word' id='word_1_427' title='bbox 2631 3353 2778 3424; x_wconf 82' lang='lat' dir='ltr'><strong>ligno</strong></span> <span class='ocrx_word' id='word_1_428' title='bbox 2809 3353 3088 3409; x_wconf 86' lang='lat' dir='ltr'><strong>exaltabat</strong></span> <span class='ocrx_word' id='word_1_429' title='bbox 3116 3361 3426 3426; x_wconf 84' lang='lat' dir='ltr'><strong>serpentem</strong></span> <span class='ocrx_word' id='word_1_430' title='bbox 3459 3357 3696 3426; x_wconf 81' lang='lat' dir='ltr'><strong>Moyses,</strong></span> 
     </span>
    </p>
   </div>
   <div class='ocr_carea' id='block_1_75' title="bbox 2117 3443 3697 3516">
    <p class='ocr_par' dir='ltr' id='par_1_75' title="bbox 2117 3443 3697 3516">
     <span class='ocr_line' id='line_1_75' title="bbox 2117 3443 3697 3516; baseline 0.001 -18"><span class='ocrx_word' id='word_1_431' title='bbox 2117 3452 2292 3508; x_wconf 89' lang='lat' dir='ltr'><strong>tuam,</strong></span> <span class='ocrx_word' id='word_1_432' title='bbox 2323 3443 2576 3499; x_wconf 81' lang='lat' dir='ltr'><strong>Salvator</strong></span> <span class='ocrx_word' id='word_1_433' title='bbox 2625 3445 2852 3516; x_wconf 89' lang='lat' dir='ltr'><strong>optime,</strong></span> <span class='ocrx_word' id='word_1_434' title='bbox 2899 3445 3287 3502; x_wconf 78' lang='lat' dir='ltr'><strong>exaltationem</strong></span> <span class='ocrx_word' id='word_1_435' title='bbox 3337 3446 3392 3501; x_wconf 93' lang='lat' dir='ltr'><strong>in</strong></span> <span class='ocrx_word' id='word_1_436' title='bbox 3431 3461 3596 3500; x_wconf 78' lang='lat' dir='ltr'><strong>cruce</strong></span> <span class='ocrx_word' id='word_1_437' title='bbox 3637 3447 3697 3500; x_wconf 85' lang='lat' dir='ltr'><strong>li-</strong></span> 
     </span>
    </p>
   </div>
   <div class='ocr_carea' id='block_1_76' title="bbox 2111 3533 3698 3606">
    <p class='ocr_par' dir='ltr' id='par_1_76' title="bbox 2111 3533 3698 3606">
     <span class='ocr_line' id='line_1_76' title="bbox 2111 3533 3698 3606; baseline 0.001 -16"><span class='ocrx_word' id='word_1_438' title='bbox 2111 3533 2364 3606; x_wconf 76' lang='lat' dir='ltr'><strong>gurabat,</strong></span> <span class='ocrx_word' id='word_1_439' title='bbox 2389 3547 2486 3604; x_wconf 89' lang='lat' dir='ltr'><strong>per</strong></span> <span class='ocrx_word' id='word_1_440' title='bbox 2510 3547 2673 3605; x_wconf 89' lang='lat' dir='ltr'><strong>quam</strong></span> <span class='ocrx_word' id='word_1_441' title='bbox 2727 3549 2757 3588; x_wconf 87' lang='lat' dir='ltr'><strong>a</strong></span> <span class='ocrx_word' id='word_1_442' title='bbox 2810 3533 3020 3589; x_wconf 86' lang='lat' dir='ltr'><strong>malitia</strong></span> <span class='ocrx_word' id='word_1_443' title='bbox 3076 3549 3346 3590; x_wconf 83' lang='lat' dir='ltr'><strong>venenum</strong></span> <span class='ocrx_word' id='word_1_444' title='bbox 3402 3534 3698 3604; x_wconf 87' lang='lat' dir='ltr'><strong>iaculantis</strong></span> 
     </span>
    </p>
   </div>
   <div class='ocr_carea' id='block_1_77' title="bbox 2111 3624 3516 3696">
    <p class='ocr_par' dir='ltr' id='par_1_77' title="bbox 2111 3624 3516 3696">
     <span class='ocr_line' id='line_1_77' title="bbox 2111 3624 3516 3696; baseline 0 -17"><span class='ocrx_word' id='word_1_445' title='bbox 2111 3626 2390 3696; x_wconf 83' lang='lat' dir='ltr'><strong>serpentis</strong></span> <span class='ocrx_word' id='word_1_446' title='bbox 2411 3625 2661 3683; x_wconf 86' lang='lat' dir='ltr'><strong>liberasti</strong></span> <span class='ocrx_word' id='word_1_447' title='bbox 2692 3641 2884 3682; x_wconf 89' lang='lat' dir='ltr'><strong>omnes</strong></span> <span class='ocrx_word' id='word_1_448' title='bbox 2900 3632 3092 3696; x_wconf 75' lang='lat' dir='ltr'><strong>gentes</strong></span> <span class='ocrx_word' id='word_1_449' title='bbox 3124 3624 3420 3681; x_wconf 86' lang='lat' dir='ltr'><strong>adorantes</strong></span> <span class='ocrx_word' id='word_1_450' title='bbox 3445 3633 3516 3681; x_wconf 83' lang='lat' dir='ltr'><strong>te.</strong></span> 
     </span>
    </p>
   </div>
   <div class='ocr_carea' id='block_1_78' title="bbox 2181 3712 3696 3788">
    <p class='ocr_par' dir='ltr' id='par_1_78' title="bbox 2181 3712 3696 3788">
     <span class='ocr_line' id='line_1_78' title="bbox 2181 3712 3696 3788; baseline 0.003 -22"><span class='ocrx_word' id='word_1_451' title='bbox 2181 3712 2238 3767; x_wconf 89' lang='lat' dir='ltr'><strong>In</strong></span> <span class='ocrx_word' id='word_1_452' title='bbox 2271 3714 2493 3771; x_wconf 70' lang='lat' dir='ltr'><strong>desidiae</strong></span> <span class='ocrx_word' id='word_1_453' title='bbox 2545 3717 2801 3788; x_wconf 87' lang='lat' dir='ltr'><strong>sepulcro</strong></span> <span class='ocrx_word' id='word_1_454' title='bbox 2831 3717 3024 3785; x_wconf 89' lang='lat' dir='ltr'><strong>iacens</strong></span> <span class='ocrx_word' id='word_1_455' title='bbox 3091 3725 3474 3787; x_wconf 76' lang='lat' dir='ltr'><strong>aggravantem</strong></span> <span class='ocrx_word' id='word_1_456' title='bbox 3523 3717 3696 3773; x_wconf 85' lang='lat' dir='ltr'><strong>habeo</strong></span> 
     </span>
    </p>
   </div>
   <div class='ocr_carea' id='block_1_79' title="bbox 2111 3804 3692 3878">
    <p class='ocr_par' dir='ltr' id='par_1_79' title="bbox 2111 3804 3692 3878">
     <span class='ocr_line' id='line_1_79' title="bbox 2111 3804 3692 3878; baseline 0.002 -19"><span class='ocrx_word' id='word_1_457' title='bbox 2111 3804 2345 3876; x_wconf 87' lang='lat' dir='ltr'><strong>lapidem</strong></span> <span class='ocrx_word' id='word_1_458' title='bbox 2373 3807 2774 3870; x_wconf 89' lang='lat' dir='ltr'><strong>obdurationis,</strong></span> <span class='ocrx_word' id='word_1_459' title='bbox 2805 3815 2959 3862; x_wconf 90' lang='lat' dir='ltr'><strong>tuum</strong></span> <span class='ocrx_word' id='word_1_460' title='bbox 2996 3822 3210 3878; x_wconf 87' lang='lat' dir='ltr'><strong>semper</strong></span> <span class='ocrx_word' id='word_1_461' title='bbox 3235 3807 3422 3864; x_wconf 89' lang='lat' dir='ltr'><strong>vivens</strong></span> <span class='ocrx_word' id='word_1_462' title='bbox 3445 3808 3692 3873; x_wconf 82' lang='lat' dir='ltr'><strong>verbum,</strong></span> 
     </span>
    </p>
   </div>
   <div class='ocr_carea' id='block_1_80' title="bbox 2112 3896 3696 3971">
    <p class='ocr_par' dir='ltr' id='par_1_80' title="bbox 2112 3896 3696 3971">
     <span class='ocr_line' id='line_1_80' title="bbox 2112 3896 3696 3971; baseline 0.003 -21"><span class='ocrx_word' id='word_1_463' title='bbox 2112 3896 2391 3964; x_wconf 79' lang='lat' dir='ltr'><strong>Salvator,</strong></span> <span class='ocrx_word' id='word_1_464' title='bbox 2426 3913 2536 3953; x_wconf 88' lang='lat' dir='ltr'><strong>non</strong></span> <span class='ocrx_word' id='word_1_465' title='bbox 2569 3899 2904 3971; x_wconf 77' lang='lat' dir='ltr'><strong>intelligens,</strong></span> <span class='ocrx_word' id='word_1_466' title='bbox 2939 3913 3040 3955; x_wconf 90' lang='lat' dir='ltr'><strong>nec</strong></span> <span class='ocrx_word' id='word_1_467' title='bbox 3073 3900 3325 3956; x_wconf 85' lang='lat' dir='ltr'><strong>timorem</strong></span> <span class='ocrx_word' id='word_1_468' title='bbox 3366 3909 3518 3956; x_wconf 90' lang='lat' dir='ltr'><strong>tuum</strong></span> <span class='ocrx_word' id='word_1_469' title='bbox 3571 3917 3696 3956; x_wconf 85' lang='lat' dir='ltr'><strong>scn-</strong></span> 
     </span>
    </p>
   </div>
   <div class='ocr_carea' id='block_1_81' title="bbox 2107 3987 3693 4060">
    <p class='ocr_par' dir='ltr' id='par_1_81' title="bbox 2107 3987 3693 4060">
     <span class='ocr_line' id='line_1_81' title="bbox 2107 3987 3693 4060; baseline 0 -14"><span class='ocrx_word' id='word_1_470' title='bbox 2107 3987 2251 4046; x_wconf 89' lang='lat' dir='ltr'><strong>tiens</strong></span> <span class='ocrx_word' id='word_1_471' title='bbox 2281 4006 2296 4043; x_wconf 89' lang='lat'><strong>:</strong></span> <span class='ocrx_word' id='word_1_472' title='bbox 2333 3989 2604 4046; x_wconf 87' lang='lat' dir='ltr'><strong>miserere</strong></span> <span class='ocrx_word' id='word_1_473' title='bbox 2660 3991 2790 4060; x_wconf 91' lang='lat' dir='ltr'><strong>mei,</strong></span> <span class='ocrx_word' id='word_1_474' title='bbox 2833 3993 2985 4048; x_wconf 86' lang='lat' dir='ltr'><strong>salva</strong></span> <span class='ocrx_word' id='word_1_475' title='bbox 3044 4007 3130 4048; x_wconf 91' lang='lat' dir='ltr'><strong>me</strong></span> <span class='ocrx_word' id='word_1_476' title='bbox 3161 4001 3255 4047; x_wconf 90' lang='lat' dir='ltr'><strong>tua</strong></span> <span class='ocrx_word' id='word_1_477' title='bbox 3288 3993 3693 4060; x_wconf 79' lang='lat' dir='ltr'><strong>misericordia,</strong></span> 
     </span>
    </p>
   </div>
   <div class='ocr_carea' id='block_1_82' title="bbox 2073 4079 2637 4162">
    <p class='ocr_par' dir='ltr' id='par_1_82' title="bbox 2073 4079 2637 4162">
     <span class='ocr_line' id='line_1_82' title="bbox 2073 4079 2637 4162; baseline 0.009 -28"><span class='ocrx_word' id='word_1_478' title='bbox 2073 4155 2079 4162; x_wconf 33' lang='lat'>.</span> <span class='ocrx_word' id='word_1_479' title='bbox 2105 4080 2267 4135; x_wconf 87' lang='lat' dir='ltr'><strong>valde</strong></span> <span class='ocrx_word' id='word_1_480' title='bbox 2296 4079 2637 4139; x_wconf 86' lang='lat' dir='ltr'><strong>misericors.</strong></span> 
     </span>
    </p>
   </div>
   <div class='ocr_carea' id='block_1_83' title="bbox 2174 4169 3693 4246">
    <p class='ocr_par' dir='ltr' id='par_1_83' title="bbox 2174 4169 3693 4246">
     <span class='ocr_line' id='line_1_83' title="bbox 2174 4169 3693 4246; baseline 0.004 -20"><span class='ocrx_word' id='word_1_481' title='bbox 2174 4169 2446 4226; x_wconf 87' lang='lat' dir='ltr'><strong>Onmibus</strong></span> <span class='ocrx_word' id='word_1_482' title='bbox 2481 4173 2757 4243; x_wconf 88' lang='lat' dir='ltr'><strong>superior,</strong></span> <span class='ocrx_word' id='word_1_483' title='bbox 2794 4173 3051 4243; x_wconf 88' lang='lat' dir='ltr'><strong>Domina,</strong></span> <span class='ocrx_word' id='word_1_484' title='bbox 3083 4176 3406 4246; x_wconf 88' lang='lat' dir='ltr'><strong>cupidinum</strong></span> <span class='ocrx_word' id='word_1_485' title='bbox 3473 4177 3693 4232; x_wconf 72' lang='lat' dir='ltr'><strong>malitia:</strong></span> 
     </span>
    </p>
   </div>
   <div class='ocr_carea' id='block_1_84' title="bbox 421 4255 2012 4339">
    <p class='ocr_par' dir='ltr' id='par_1_84' title="bbox 421 4255 2002 4339">
     <span class='ocr_line' id='line_1_84' title="bbox 421 4255 2002 4339; baseline 0.009 -29"><span class='ocrx_word' id='word_1_486' title='bbox 421 4255 592 4323; x_wconf 78' lang='grc' dir='ltr'>δεῖξον</span> <span class='ocrx_word' id='word_1_487' title='bbox 623 4259 954 4332; x_wconf 77' lang='grc' dir='ltr'>ὑπέρτερον,</span> <span class='ocrx_word' id='word_1_488' title='bbox 983 4264 1074 4316; x_wconf 80' lang='grc' dir='ltr'>τὸν</span> <span class='ocrx_word' id='word_1_489' title='bbox 1115 4263 1402 4330; x_wconf 78' lang='grc' dir='ltr'>δοξάζοντα</span> <span class='ocrx_word' id='word_1_490' title='bbox 1432 4267 1712 4339; x_wconf 87' lang='grc' dir='ltr'>παναληθῆ</span> <span class='ocrx_word' id='word_1_491' title='bbox 1742 4268 2002 4324; x_wconf 84' lang='grc' dir='ltr'>Θεοτόκον</span> 
     </span>
    </p>
   </div>
   <div class='ocr_carea' id='block_1_85' title="bbox 2134 4255 3692 4339">
    <p class='ocr_par' dir='ltr' id='par_1_85' title="bbox 2135 4265 3692 4339">
     <span class='ocr_line' id='line_1_85' title="bbox 2135 4265 3692 4339; baseline 0.004 -22"><span class='ocrx_word' id='word_1_492' title='bbox 2135 4268 2445 4334; x_wconf 89' lang='lat' dir='ltr'><strong>uperiorem</strong></span> <span class='ocrx_word' id='word_1_493' title='bbox 2475 4265 2630 4322; x_wconf 79' lang='lat' dir='ltr'><strong>ellice</strong></span> <span class='ocrx_word' id='word_1_494' title='bbox 2677 4267 2772 4336; x_wconf 89' lang='lat' dir='ltr'><strong>qui</strong></span> <span class='ocrx_word' id='word_1_495' title='bbox 2817 4268 3091 4339; x_wconf 74' lang='lat' dir='ltr'><strong>gloriﬁcat</strong></span> <span class='ocrx_word' id='word_1_496' title='bbox 3129 4277 3183 4325; x_wconf 94' lang='lat' dir='ltr'><strong>te</strong></span> <span class='ocrx_word' id='word_1_497' title='bbox 3215 4269 3562 4326; x_wconf 89' lang='lat' dir='ltr'><strong>verissimam</strong></span> <span class='ocrx_word' id='word_1_498' title='bbox 3595 4269 3692 4324; x_wconf 86' lang='lat' dir='ltr'><strong>Dei</strong></span> 
     </span>
    </p>
   </div>
   <div class='ocr_carea' id='block_1_86' title="bbox 425 4351 2000 4432">
    <p class='ocr_par' dir='ltr' id='par_1_86' title="bbox 425 4351 2000 4432">
     <span class='ocr_line' id='line_1_86' title="bbox 425 4351 2000 4432; baseline 0.009 -32"><span class='ocrx_word' id='word_1_499' title='bbox 425 4364 482 4401; x_wconf 80' lang='grc' dir='ltr'><strong>σε</strong></span> <span class='ocrx_word' id='word_1_500' title='bbox 514 4351 607 4403; x_wconf 77' lang='grc' dir='ltr'>καὶ</span> <span class='ocrx_word' id='word_1_501' title='bbox 635 4351 908 4422; x_wconf 76' lang='grc' dir='ltr'>ὑμνοῦντα</span> <span class='ocrx_word' id='word_1_502' title='bbox 931 4355 1023 4408; x_wconf 78' lang='grc' dir='ltr'>τὸν</span> <span class='ocrx_word' id='word_1_503' title='bbox 1055 4357 1213 4410; x_wconf 80' lang='grc' dir='ltr'>τόκον</span> <span class='ocrx_word' id='word_1_504' title='bbox 1241 4373 1357 4422; x_wconf 83' lang='grc' dir='ltr'>σου,</span> <span class='ocrx_word' id='word_1_505' title='bbox 1389 4358 1645 4432; x_wconf 74' lang='grc' dir='ltr'>ἀχραντε,</span> <span class='ocrx_word' id='word_1_506' title='bbox 1677 4358 1766 4414; x_wconf 83' lang='grc' dir='ltr'>τὸν</span> <span class='ocrx_word' id='word_1_507' title='bbox 1792 4362 2000 4414; x_wconf 79' lang='grc' dir='ltr'>ἀκατα-</span> 
     </span>
    </p>
   </div>
   <div class='ocr_carea' id='block_1_87' title="bbox 421 4440 1372 4519">
    <p class='ocr_par' dir='ltr' id='par_1_87' title="bbox 421 4440 1372 4519">
     <span class='ocr_line' id='line_1_87' title="bbox 421 4440 1372 4519; baseline 0.014 -27"><span class='ocrx_word' id='word_1_508' title='bbox 421 4440 611 4514; x_wconf 77' lang='grc' dir='ltr'>ληψίᾳ,</span> <span class='ocrx_word' id='word_1_509' title='bbox 643 4443 1028 4518; x_wconf 81' lang='grc' dir='ltr'>θεοχαρίτωτε,</span> <span class='ocrx_word' id='word_1_510' title='bbox 1063 4448 1372 4519; x_wconf 82' lang='grc' dir='ltr'>νοούμενον.</span> 
     </span>
    </p>
   </div>
   <div class='ocr_carea' id='block_1_88' title="bbox 532 4625 1875 4702">
    <p class='ocr_par' dir='ltr' id='par_1_88' title="bbox 532 4625 1875 4702">
     <span class='ocr_line' id='line_1_88' title="bbox 532 4625 1875 4702; baseline 0.009 -25"><span class='ocrx_word' id='word_1_511' title='bbox 532 4625 914 4690; x_wconf 76' lang='grc' dir='ltr'><strong>Δροσοὸόλον</strong></span> <span class='ocrx_word' id='word_1_512' title='bbox 946 4629 1065 4698; x_wconf 76' lang='grc' dir='ltr'><strong>μὲν</strong></span> <span class='ocrx_word' id='word_1_513' title='bbox 1101 4629 1216 4699; x_wconf 79' lang='grc' dir='ltr'><strong>τὴν</strong></span> <span class='ocrx_word' id='word_1_514' title='bbox 1247 4631 1502 4700; x_wconf 78' lang='grc' dir='ltr'>κάμινον</span> <span class='ocrx_word' id='word_1_515' title='bbox 1536 4631 1875 4702; x_wconf 68' lang='grc' dir='ltr'>εἰργάσατο.</span> 
     </span>
    </p>
   </div>
   <div class='ocr_carea' id='block_1_89' title="bbox 503 4715 1998 4795">
    <p class='ocr_par' dir='ltr' id='par_1_89' title="bbox 503 4715 1998 4795">
     <span class='ocr_line' id='line_1_89' title="bbox 503 4715 1998 4795; baseline 0.007 -28"><span class='ocrx_word' id='word_1_516' title='bbox 503 4715 566 4767; x_wconf 87' lang='lat' dir='ltr'><strong>&#39;H</strong></span> <span class='ocrx_word' id='word_1_517' title='bbox 598 4717 916 4788; x_wconf 82' lang='grc' dir='ltr'>ὑπέρφωτος</span> <span class='ocrx_word' id='word_1_518' title='bbox 943 4721 1214 4792; x_wconf 82' lang='grc' dir='ltr'>ὁμήγυρις</span> <span class='ocrx_word' id='word_1_519' title='bbox 1237 4720 1346 4774; x_wconf 88' lang='grc' dir='ltr'><strong>τῶν</strong></span> <span class='ocrx_word' id='word_1_520' title='bbox 1376 4722 1536 4778; x_wconf 87' lang='grc' dir='ltr'>θείων</span> <span class='ocrx_word' id='word_1_521' title='bbox 1565 4740 1658 4776; x_wconf 89' lang='grc' dir='ltr'><strong>σου</strong></span> <span class='ocrx_word' id='word_1_522' title='bbox 1683 4723 1998 4795; x_wconf 85' lang='grc' dir='ltr'>μαρτύρων,</span> 
     </span>
    </p>
   </div>
   <div class='ocr_carea' id='block_1_90' title="bbox 422 4804 1996 4885">
    <p class='ocr_par' dir='ltr' id='par_1_90' title="bbox 422 4804 1996 4885">
     <span class='ocr_line' id='line_1_90' title="bbox 422 4804 1996 4885; baseline 0.006 -26"><span class='ocrx_word' id='word_1_523' title='bbox 422 4804 708 4870; x_wconf 78' lang='grc' dir='ltr'>πολυέλεε,</span> <span class='ocrx_word' id='word_1_524' title='bbox 727 4811 796 4872; x_wconf 77' lang='grc' dir='ltr'><strong>¹ὲν</strong></span> <span class='ocrx_word' id='word_1_525' title='bbox 829 4809 908 4880; x_wconf 84' lang='grc' dir='ltr'><strong>τῷ</strong></span> <span class='ocrx_word' id='word_1_526' title='bbox 938 4811 1077 4879; x_wconf 80' lang='grc' dir='ltr'>φωτί</span> <span class='ocrx_word' id='word_1_527' title='bbox 1109 4829 1206 4866; x_wconf 87' lang='grc' dir='ltr'><strong>σου</strong></span> <span class='ocrx_word' id='word_1_528' title='bbox 1237 4811 1315 4884; x_wconf 85' lang='grc' dir='ltr'><strong>τῷ</strong></span> <span class='ocrx_word' id='word_1_529' title='bbox 1347 4812 1526 4882; x_wconf 79' lang='grc' dir='ltr'>ἀδύτῳ</span> <span class='ocrx_word' id='word_1_530' title='bbox 1552 4812 1646 4868; x_wconf 86' lang='grc' dir='ltr'><strong>νῦν</strong></span> <span class='ocrx_word' id='word_1_531' title='bbox 1674 4813 1958 4885; x_wconf 85' lang='grc' dir='ltr'>περιπολεῖ</span> <span class='ocrx_word' id='word_1_532' title='bbox 1984 4832 1996 4844; x_wconf 71' lang='grc'><strong>⁸</strong></span> 
     </span>
    </p>
   </div>
   <div class='ocr_carea' id='block_1_91' title="bbox 419 4894 2001 4976">
    <p class='ocr_par' dir='ltr' id='par_1_91' title="bbox 419 4894 2001 4976">
     <span class='ocr_line' id='line_1_91' title="bbox 419 4894 2001 4976; baseline 0.006 -26"><span class='ocrx_word' id='word_1_533' title='bbox 419 4894 597 4950; x_wconf 82' lang='grc' dir='ltr'>αὐτῶν</span> <span class='ocrx_word' id='word_1_534' title='bbox 621 4897 849 4960; x_wconf 75' lang='grc' dir='ltr'>ἱκεσίαις</span> <span class='ocrx_word' id='word_1_535' title='bbox 883 4901 1163 4973; x_wconf 82' lang='grc' dir='ltr'>φωτισμὸν</span> <span class='ocrx_word' id='word_1_536' title='bbox 1185 4903 1281 4958; x_wconf 79' lang='grc' dir='ltr'>καὶ</span> <span class='ocrx_word' id='word_1_537' title='bbox 1304 4903 1532 4975; x_wconf 79' lang='grc' dir='ltr'>ίλασμδν</span> <span class='ocrx_word' id='word_1_538' title='bbox 1555 4903 1844 4976; x_wconf 82' lang='grc' dir='ltr'>ἁμαρτιῶν</span> <span class='ocrx_word' id='word_1_539' title='bbox 1865 4906 2001 4960; x_wconf 79' lang='grc' dir='ltr'>πᾶσι</span> 
     </span>
    </p>
   </div>
   <div class='ocr_carea' id='block_1_92' title="bbox 346 4989 885 5063">
    <p class='ocr_par' dir='ltr' id='par_1_92' title="bbox 346 4989 885 5063">
     <span class='ocr_line' id='line_1_92' title="bbox 346 4989 885 5063; baseline 0.013 -24"><span class='ocrx_word' id='word_1_540' title='bbox 346 5049 353 5056; x_wconf 33' lang='grc' dir='ltr'><strong><em>ο</em></strong></span> <span class='ocrx_word' id='word_1_541' title='bbox 419 4989 704 5061; x_wconf 84' lang='grc' dir='ltr'>παράσχου</span> <span class='ocrx_word' id='word_1_542' title='bbox 732 4992 885 5063; x_wconf 72' lang='grc' dir='ltr'>ἡμῖν.</span> 
     </span>
    </p>
   </div>
   <div class='ocr_carea' id='block_1_93' title="bbox 501 5081 2000 5162">
    <p class='ocr_par' dir='ltr' id='par_1_93' title="bbox 501 5081 2000 5162">
     <span class='ocr_line' id='line_1_93' title="bbox 501 5081 2000 5162; baseline 0.006 -28"><span class='ocrx_word' id='word_1_543' title='bbox 501 5081 588 5146; x_wconf 83' lang='grc' dir='ltr'><strong>Ὠς</strong></span> <span class='ocrx_word' id='word_1_544' title='bbox 617 5081 822 5154; x_wconf 84' lang='grc' dir='ltr'>ὡραῖος</span> <span class='ocrx_word' id='word_1_545' title='bbox 849 5085 877 5136; x_wconf 81' lang='grc' dir='ltr'>ὁ</span> <span class='ocrx_word' id='word_1_546' title='bbox 904 5083 1095 5155; x_wconf 80' lang='grc' dir='ltr'>καιρὸς</span> <span class='ocrx_word' id='word_1_547' title='bbox 1137 5084 1196 5140; x_wconf 78' lang='grc' dir='ltr'>ὃν</span> <span class='ocrx_word' id='word_1_548' title='bbox 1235 5086 1369 5157; x_wconf 79' lang='grc' dir='ltr'>ἡμῖν</span> <span class='ocrx_word' id='word_1_549' title='bbox 1398 5086 1636 5152; x_wconf 80' lang='grc' dir='ltr'>δέδωκας</span> <span class='ocrx_word' id='word_1_550' title='bbox 1669 5090 1766 5159; x_wconf 77' lang='grc' dir='ltr'>τῆς</span> <span class='ocrx_word' id='word_1_551' title='bbox 1795 5089 2000 5162; x_wconf 76' lang='grc' dir='ltr'>ἐγκρα-</span> 
     </span>
    </p>
   </div>
   <div class='ocr_carea' id='block_1_94' title="bbox 417 5170 2000 5252">
    <p class='ocr_par' dir='ltr' id='par_1_94' title="bbox 417 5170 2000 5252">
     <span class='ocr_line' id='line_1_94' title="bbox 417 5170 2000 5252; baseline 0.006 -24"><span class='ocrx_word' id='word_1_552' title='bbox 417 5174 588 5239; x_wconf 85' lang='grc' dir='ltr'>τείας,</span> <span class='ocrx_word' id='word_1_553' title='bbox 625 5174 817 5250; x_wconf 79' lang='grc' dir='ltr'>Κύριε,</span> <span class='ocrx_word' id='word_1_554' title='bbox 845 5177 903 5230; x_wconf 74' lang='grc' dir='ltr'>ὲν</span> <span class='ocrx_word' id='word_1_555' title='bbox 949 5170 994 5246; x_wconf 79' lang='grc' dir='ltr'>ᾧ</span> <span class='ocrx_word' id='word_1_556' title='bbox 1043 5178 1314 5250; x_wconf 82' lang='grc' dir='ltr'>οίκτειρον</span> <span class='ocrx_word' id='word_1_557' title='bbox 1366 5179 1465 5245; x_wconf 83' lang='grc' dir='ltr'><strong>τὰς</strong></span> <span class='ocrx_word' id='word_1_558' title='bbox 1511 5179 1691 5251; x_wconf 82' lang='grc' dir='ltr'>ψυχὰς</span> <span class='ocrx_word' id='word_1_559' title='bbox 1739 5181 2000 5252; x_wconf 46' lang='grc' dir='ltr'>ήμῶνλὼς</span> 
     </span>
    </p>
   </div>
   <div class='ocr_carea' id='block_1_95' title="bbox 417 5265 2003 5344">
    <p class='ocr_par' dir='ltr' id='par_1_95' title="bbox 417 5265 2003 5344">
     <span class='ocr_line' id='line_1_95' title="bbox 417 5265 2003 5344; baseline 0.005 -24"><span class='ocrx_word' id='word_1_560' title='bbox 417 5265 642 5334; x_wconf 77' lang='grc' dir='ltr'>ἀγαθὸς,</span> <span class='ocrx_word' id='word_1_561' title='bbox 661 5267 849 5337; x_wconf 78' lang='grc' dir='ltr'>εὐχαῖς</span> <span class='ocrx_word' id='word_1_562' title='bbox 878 5268 986 5323; x_wconf 88' lang='grc' dir='ltr'><strong>τῶν</strong></span> <span class='ocrx_word' id='word_1_563' title='bbox 1012 5269 1182 5338; x_wconf 83' lang='grc' dir='ltr'>ἁγίων</span> <span class='ocrx_word' id='word_1_564' title='bbox 1205 5271 1458 5344; x_wconf 86' lang='grc' dir='ltr'>ἀθλητῶν</span> <span class='ocrx_word' id='word_1_565' title='bbox 1485 5271 1596 5326; x_wconf 90' lang='grc' dir='ltr'><strong>τῶν</strong></span> <span class='ocrx_word' id='word_1_566' title='bbox 1619 5272 1688 5327; x_wconf 80' lang='grc' dir='ltr'>τὰ</span> <span class='ocrx_word' id='word_1_567' title='bbox 1707 5273 1886 5344; x_wconf 83' lang='grc' dir='ltr'>ὡραῖα</span> <span class='ocrx_word' id='word_1_568' title='bbox 1908 5275 2003 5328; x_wconf 80' lang='grc' dir='ltr'>καὶ</span> 
     </span>
    </p>
   </div>
   <div class='ocr_carea' id='block_1_96' title="bbox 421 5355 1288 5432">
    <p class='ocr_par' dir='ltr' id='par_1_96' title="bbox 421 5355 1288 5432">
     <span class='ocr_line' id='line_1_96' title="bbox 421 5355 1288 5432; baseline 0.009 -24"><span class='ocrx_word' id='word_1_569' title='bbox 421 5355 597 5409; x_wconf 80' lang='grc' dir='ltr'>σεπτὰ</span> <span class='ocrx_word' id='word_1_570' title='bbox 624 5357 964 5430; x_wconf 84' lang='grc' dir='ltr'>στερξάντων</span> <span class='ocrx_word' id='word_1_571' title='bbox 987 5360 1135 5432; x_wconf 80' lang='grc' dir='ltr'>πάθη</span> <span class='ocrx_word' id='word_1_572' title='bbox 1169 5378 1288 5416; x_wconf 87' lang='grc' dir='ltr'>σου.</span> 
     </span>
    </p>
   </div>
   <div class='ocr_carea' id='block_1_97' title="bbox 490 5534 1999 5617">
    <p class='ocr_par' dir='ltr' id='par_1_97' title="bbox 490 5534 1999 5617">
     <span class='ocr_line' id='line_1_97' title="bbox 490 5534 1999 5617; baseline 0.009 -30"><span class='ocrx_word' id='word_1_573' title='bbox 490 5534 808 5602; x_wconf 82' lang='grc' dir='ltr'>Διελθόντας</span> <span class='ocrx_word' id='word_1_574' title='bbox 857 5539 1197 5595; x_wconf 79' lang='grc' dir='ltr'>πολυώδυνον</span> <span class='ocrx_word' id='word_1_575' title='bbox 1233 5543 1524 5598; x_wconf 86' lang='grc' dir='ltr'>κλυδώνιον</span> <span class='ocrx_word' id='word_1_576' title='bbox 1569 5544 1665 5599; x_wconf 90' lang='grc' dir='ltr'><strong>τοῦ</strong></span> <span class='ocrx_word' id='word_1_577' title='bbox 1713 5545 1828 5617; x_wconf 84' lang='grc' dir='ltr'>βίου</span> <span class='ocrx_word' id='word_1_578' title='bbox 1873 5547 1999 5611; x_wconf 74' lang='grc' dir='ltr'>τοὺς</span> 
     </span>
    </p>
   </div>
   <div class='ocr_carea' id='block_1_98' title="bbox 414 5625 1998 5708">
    <p class='ocr_par' dir='ltr' id='par_1_98' title="bbox 414 5625 1998 5708">
     <span class='ocr_line' id='line_1_98' title="bbox 414 5625 1998 5708; baseline 0.009 -29"><span class='ocrx_word' id='word_1_579' title='bbox 414 5625 632 5692; x_wconf 74' lang='grc' dir='ltr'>οἰκέτας</span> <span class='ocrx_word' id='word_1_580' title='bbox 655 5645 750 5682; x_wconf 88' lang='grc' dir='ltr'><strong>σου</strong></span> <span class='ocrx_word' id='word_1_581' title='bbox 773 5630 1172 5704; x_wconf 71' lang='grc' dir='ltr'>ἑγκαθόρμισον</span> <span class='ocrx_word' id='word_1_582' title='bbox 1193 5635 1272 5699; x_wconf 86' lang='grc' dir='ltr'><strong>είς</strong></span> <span class='ocrx_word' id='word_1_583' title='bbox 1308 5637 1526 5706; x_wconf 81' lang='grc' dir='ltr'>λιμένα,</span> <span class='ocrx_word' id='word_1_584' title='bbox 1543 5637 1810 5702; x_wconf 84' lang='grc' dir='ltr'>Δέσποτα,</span> <span class='ocrx_word' id='word_1_585' title='bbox 1831 5637 1998 5708; x_wconf 79' lang='grc' dir='ltr'>ζωῆς,</span> 
     </span>
    </p>
   </div>
   <div class='ocr_carea' id='block_1_99' title="bbox 421 5716 1996 5802">
    <p class='ocr_par' dir='ltr' id='par_1_99' title="bbox 421 5716 1996 5802">
     <span class='ocr_line' id='line_1_99' title="bbox 421 5716 1996 5802; baseline 0.008 -30"><span class='ocrx_word' id='word_1_586' title='bbox 421 5716 558 5791; x_wconf 77' lang='grc' dir='ltr'>βοᾷν</span> <span class='ocrx_word' id='word_1_587' title='bbox 592 5721 733 5792; x_wconf 86' lang='grc' dir='ltr'><strong>μετά</strong></span> <span class='ocrx_word' id='word_1_588' title='bbox 762 5722 978 5781; x_wconf 81' lang='grc' dir='ltr'>πάντων</span> <span class='ocrx_word' id='word_1_589' title='bbox 1003 5725 1276 5783; x_wconf 72' lang='grc' dir='ltr'>ἐκλεκτῶν</span> <span class='ocrx_word' id='word_1_590' title='bbox 1296 5745 1308 5760; x_wconf 90' lang='grc'><strong>·</strong></span> <span class='ocrx_word' id='word_1_591' title='bbox 1358 5729 1661 5802; x_wconf 79' lang='grc' dir='ltr'>Εὐλογητὸς</span> <span class='ocrx_word' id='word_1_592' title='bbox 1686 5725 1756 5800; x_wconf 73' lang='grc' dir='ltr'>εἴ,</span> <span class='ocrx_word' id='word_1_593' title='bbox 1789 5731 1817 5784; x_wconf 84' lang='grc' dir='ltr'><strong>ὁ</strong></span> <span class='ocrx_word' id='word_1_594' title='bbox 1844 5731 1996 5796; x_wconf 83' lang='grc' dir='ltr'><strong>Θεὸς.</strong></span> 
     </span>
    </p>
   </div>
   <div class='ocr_carea' id='block_1_100' title="bbox 2101 4354 3690 4432">
    <p class='ocr_par' dir='ltr' id='par_1_100' title="bbox 2101 4354 3690 4432">
     <span class='ocr_line' id='line_1_100' title="bbox 2101 4354 3690 4432; baseline 0.003 -21"><span class='ocrx_word' id='word_1_595' title='bbox 2101 4354 2434 4411; x_wconf 84' lang='lat' dir='ltr'><strong>Genitricem</strong></span> <span class='ocrx_word' id='word_1_596' title='bbox 2475 4367 2528 4412; x_wconf 85' lang='lat' dir='ltr'><strong>et</strong></span> <span class='ocrx_word' id='word_1_597' title='bbox 2584 4357 2802 4428; x_wconf 85' lang='lat' dir='ltr'><strong>hymnis</strong></span> <span class='ocrx_word' id='word_1_598' title='bbox 2831 4359 3078 4416; x_wconf 86' lang='lat' dir='ltr'><strong>celebrat</strong></span> <span class='ocrx_word' id='word_1_599' title='bbox 3116 4365 3336 4432; x_wconf 90' lang='lat' dir='ltr'><strong>partum</strong></span> <span class='ocrx_word' id='word_1_600' title='bbox 3390 4367 3570 4426; x_wconf 83' lang='lat' dir='ltr'><strong>tuum,</strong></span> <span class='ocrx_word' id='word_1_601' title='bbox 3603 4361 3690 4417; x_wconf 90' lang='lat' dir='ltr'><strong>in-</strong></span> 
     </span>
    </p>
   </div>
   <div class='ocr_carea' id='block_1_101' title="bbox 2024 4443 3686 4524">
    <p class='ocr_par' dir='ltr' id='par_1_101' title="bbox 2024 4443 3686 4524">
     <span class='ocr_line' id='line_1_101' title="bbox 2024 4443 3686 4524; baseline 0.007 -29"><span class='ocrx_word' id='word_1_602' title='bbox 2024 4453 2078 4512; x_wconf 79' lang='lat' dir='ltr'><strong>D</strong></span> <span class='ocrx_word' id='word_1_603' title='bbox 2103 4451 2390 4514; x_wconf 86' lang='lat' dir='ltr'><strong>corrupta,</strong></span> <span class='ocrx_word' id='word_1_604' title='bbox 2422 4443 2489 4500; x_wconf 94' lang='lat' dir='ltr'><strong>de</strong></span> <span class='ocrx_word' id='word_1_605' title='bbox 2521 4459 2633 4515; x_wconf 87' lang='lat' dir='ltr'><strong>quo</strong></span> <span class='ocrx_word' id='word_1_606' title='bbox 2678 4447 2799 4504; x_wconf 88' lang='lat' dir='ltr'><strong>sine</strong></span> <span class='ocrx_word' id='word_1_607' title='bbox 2845 4448 3343 4520; x_wconf 83' lang='lat' dir='ltr'><strong>comprehensione</strong></span> <span class='ocrx_word' id='word_1_608' title='bbox 3393 4450 3686 4524; x_wconf 72' lang='lat' dir='ltr'><strong>cogitatur,</strong></span> 
     </span>
    </p>
   </div>
   <div class='ocr_carea' id='block_1_102' title="bbox 2105 4532 2750 4606">
    <p class='ocr_par' dir='ltr' id='par_1_102' title="bbox 2105 4532 2750 4606">
     <span class='ocr_line' id='line_1_102' title="bbox 2105 4532 2750 4606; baseline 0.006 -17"><span class='ocrx_word' id='word_1_609' title='bbox 2105 4547 2139 4589; x_wconf 95' lang='lat' dir='ltr'><strong>o</strong></span> <span class='ocrx_word' id='word_1_610' title='bbox 2170 4532 2262 4591; x_wconf 89' lang='lat' dir='ltr'><strong>Dei</strong></span> <span class='ocrx_word' id='word_1_611' title='bbox 2303 4537 2498 4606; x_wconf 74' lang='lat' dir='ltr'><strong>gratiis</strong></span> <span class='ocrx_word' id='word_1_612' title='bbox 2528 4548 2750 4594; x_wconf 86' lang='lat' dir='ltr'><strong>ornata.</strong></span> 
     </span>
    </p>
   </div>
   <div class='ocr_carea' id='block_1_103' title="bbox 2407 4627 3379 4704">
    <p class='ocr_par' dir='ltr' id='par_1_103' title="bbox 2407 4627 3379 4704">
     <span class='ocr_line' id='line_1_103' title="bbox 2407 4627 3379 4704; baseline 0.007 -20"><span class='ocrx_word' id='word_1_613' title='bbox 2407 4627 2550 4685; x_wconf 70' lang='lat' dir='ltr'><strong>Rara</strong></span> <span class='ocrx_word' id='word_1_614' title='bbox 2579 4632 2852 4701; x_wconf 80' lang='lat' dir='ltr'><strong>perfusam</strong></span> <span class='ocrx_word' id='word_1_615' title='bbox 2884 4632 3057 4702; x_wconf 70' lang='lat' dir='ltr'><strong>eﬁ‘ect&#39;t</strong></span> <span class='ocrx_word' id='word_1_616' title='bbox 3085 4633 3379 4704; x_wconf 79' lang='lat' dir='ltr'><strong>fornacem.</strong></span> 
     </span>
    </p>
   </div>
   <div class='ocr_carea' id='block_1_104' title="bbox 2177 4714 3684 4795">
    <p class='ocr_par' dir='ltr' id='par_1_104' title="bbox 2177 4714 3684 4795">
     <span class='ocr_line' id='line_1_104' title="bbox 2177 4714 3684 4795; baseline 0.008 -25"><span class='ocrx_word' id='word_1_617' title='bbox 2177 4714 2474 4787; x_wconf 89' lang='lat' dir='ltr'><strong>Splendida</strong></span> <span class='ocrx_word' id='word_1_618' title='bbox 2497 4729 2502 4734; x_wconf 87' lang='lat'>&#39;</span> <span class='ocrx_word' id='word_1_619' title='bbox 2526 4719 2840 4775; x_wconf 88' lang='lat' dir='ltr'><strong>divinorum</strong></span> <span class='ocrx_word' id='word_1_620' title='bbox 2874 4731 3180 4795; x_wconf 85' lang='lat' dir='ltr'><strong>martyrum</strong></span> <span class='ocrx_word' id='word_1_621' title='bbox 3242 4735 3462 4782; x_wconf 89' lang='lat' dir='ltr'><strong>tuorum</strong></span> <span class='ocrx_word' id='word_1_622' title='bbox 3499 4727 3684 4783; x_wconf 86' lang='lat' dir='ltr'><strong>multi-</strong></span> 
     </span>
    </p>
   </div>
   <div class='ocr_carea' id='block_1_105' title="bbox 2104 4807 3686 4880">
    <p class='ocr_par' dir='ltr' id='par_1_105' title="bbox 2104 4807 3686 4880">
     <span class='ocr_line' id='line_1_105' title="bbox 2104 4807 3686 4880; baseline 0.005 -16"><span class='ocrx_word' id='word_1_623' title='bbox 2104 4807 2262 4875; x_wconf 92' lang='lat' dir='ltr'><strong>tudo,</strong></span> <span class='ocrx_word' id='word_1_624' title='bbox 2289 4810 2834 4880; x_wconf 86' lang='lat' dir='ltr'><strong>misericordissime,</strong></span> <span class='ocrx_word' id='word_1_625' title='bbox 2867 4814 2924 4869; x_wconf 91' lang='lat' dir='ltr'><strong>in</strong></span> <span class='ocrx_word' id='word_1_626' title='bbox 2964 4823 3060 4870; x_wconf 92' lang='lat' dir='ltr'><strong>tuo</strong></span> <span class='ocrx_word' id='word_1_627' title='bbox 3083 4814 3453 4874; x_wconf 86' lang='lat' dir='ltr'><strong>inaccessibili</strong></span> <span class='ocrx_word' id='word_1_628' title='bbox 3481 4818 3686 4874; x_wconf 88' lang='lat' dir='ltr'><strong>lumine</strong></span> 
     </span>
    </p>
   </div>
   <div class='ocr_carea' id='block_1_106' title="bbox 2103 4905 3684 4977">
    <p class='ocr_par' dir='ltr' id='par_1_106' title="bbox 2103 4905 3684 4977">
     <span class='ocr_line' id='line_1_106' title="bbox 2103 4905 3684 4977; baseline 0.006 -21"><span class='ocrx_word' id='word_1_629' title='bbox 2103 4915 2254 4963; x_wconf 84' lang='lat' dir='ltr'><strong>nunc</strong></span> <span class='ocrx_word' id='word_1_630' title='bbox 2297 4912 2592 4972; x_wconf 88' lang='lat' dir='ltr'><strong>versatur;</strong></span> <span class='ocrx_word' id='word_1_631' title='bbox 2643 4905 2866 4961; x_wconf 87' lang='lat' dir='ltr'><strong>illorqu</strong></span> <span class='ocrx_word' id='word_1_632' title='bbox 2929 4908 3186 4977; x_wconf 87' lang='lat' dir='ltr'><strong>precibus</strong></span> <span class='ocrx_word' id='word_1_633' title='bbox 3229 4909 3684 4966; x_wconf 89' lang='lat' dir='ltr'><strong>illuminationem</strong></span> 
     </span>
    </p>
   </div>
   <div class='ocr_carea' id='block_1_107' title="bbox 2105 4995 3655 5070">
    <p class='ocr_par' dir='ltr' id='par_1_107' title="bbox 2105 4995 3655 5070">
     <span class='ocr_line' id='line_1_107' title="bbox 2105 4995 3655 5070; baseline 0.006 -22"><span class='ocrx_word' id='word_1_634' title='bbox 2105 4995 2670 5068; x_wconf 85' lang='lat' dir='ltr'><strong>propitiationemque</strong></span> <span class='ocrx_word' id='word_1_635' title='bbox 2704 5000 2948 5070; x_wconf 89' lang='lat' dir='ltr'><strong>peccatis</strong></span> <span class='ocrx_word' id='word_1_636' title='bbox 2973 5001 3230 5057; x_wconf 86' lang='lat' dir='ltr'><strong>omnibus</strong></span> <span class='ocrx_word' id='word_1_637' title='bbox 3251 5002 3412 5056; x_wconf 91' lang='lat' dir='ltr'><strong>nobis</strong></span> <span class='ocrx_word' id='word_1_638' title='bbox 3433 4999 3655 5070; x_wconf 83' lang='lat' dir='ltr'><strong>largire.</strong></span> 
     </span>
    </p>
   </div>
   <div class='ocr_carea' id='block_1_108' title="bbox 2177 5085 3683 5164">
    <p class='ocr_par' dir='ltr' id='par_1_108' title="bbox 2177 5085 3683 5164">
     <span class='ocr_line' id='line_1_108' title="bbox 2177 5085 3683 5164; baseline 0.005 -23"><span class='ocrx_word' id='word_1_639' title='bbox 2177 5085 2352 5153; x_wconf 84' lang='lat' dir='ltr'><strong>Quam</strong></span> <span class='ocrx_word' id='word_1_640' title='bbox 2399 5090 2713 5161; x_wconf 84' lang='lat' dir='ltr'><strong>speciosum</strong></span> <span class='ocrx_word' id='word_1_641' title='bbox 2783 5098 3004 5164; x_wconf 89' lang='lat' dir='ltr'><strong>tempus</strong></span> <span class='ocrx_word' id='word_1_642' title='bbox 3069 5092 3216 5163; x_wconf 88' lang='lat' dir='ltr'><strong>quod</strong></span> <span class='ocrx_word' id='word_1_643' title='bbox 3267 5092 3428 5148; x_wconf 88' lang='lat' dir='ltr'><strong>nobis</strong></span> <span class='ocrx_word' id='word_1_644' title='bbox 3485 5092 3683 5148; x_wconf 88' lang='lat' dir='ltr'><strong>dedisti</strong></span> 
     </span>
    </p>
   </div>
   <div class='ocr_carea' id='block_1_109' title="bbox 2103 5179 3683 5252">
    <p class='ocr_par' dir='ltr' id='par_1_109' title="bbox 2103 5179 3683 5252">
     <span class='ocr_line' id='line_1_109' title="bbox 2103 5179 3683 5252; baseline 0.002 -17"><span class='ocrx_word' id='word_1_645' title='bbox 2103 5179 2480 5248; x_wconf 56' lang='lat' dir='ltr'><strong>continentia,</strong></span> <span class='ocrx_word' id='word_1_646' title='bbox 2526 5180 2778 5248; x_wconf 89' lang='lat' dir='ltr'><strong>Domine,</strong></span> <span class='ocrx_word' id='word_1_647' title='bbox 2813 5182 2868 5237; x_wconf 90' lang='lat' dir='ltr'><strong>in</strong></span> <span class='ocrx_word' id='word_1_648' title='bbox 2921 5198 3033 5252; x_wconf 92' lang='lat' dir='ltr'><strong>quo</strong></span> <span class='ocrx_word' id='word_1_649' title='bbox 3062 5183 3323 5239; x_wconf 86' lang='lat' dir='ltr'><strong>miserare</strong></span> <span class='ocrx_word' id='word_1_650' title='bbox 3345 5183 3558 5238; x_wconf 88' lang='lat' dir='ltr'><strong>animas</strong></span> <span class='ocrx_word' id='word_1_651' title='bbox 3587 5199 3683 5238; x_wconf 86' lang='lat' dir='ltr'><strong>no-</strong></span> 
     </span>
    </p>
   </div>
   <div class='ocr_carea' id='block_1_110' title="bbox 2103 5274 3681 5345">
    <p class='ocr_par' dir='ltr' id='par_1_110' title="bbox 2103 5274 3681 5345">
     <span class='ocr_line' id='line_1_110' title="bbox 2103 5274 3681 5345; baseline -0.001 -16"><span class='ocrx_word' id='word_1_652' title='bbox 2103 5281 2270 5337; x_wconf 79' lang='lat' dir='ltr'><strong>atras,</strong></span> <span class='ocrx_word' id='word_1_653' title='bbox 2297 5283 2557 5345; x_wconf 88' lang='lat' dir='ltr'><strong>tanquam</strong></span> <span class='ocrx_word' id='word_1_654' title='bbox 2591 5275 2790 5341; x_wconf 89' lang='lat' dir='ltr'><strong>bonus,</strong></span> <span class='ocrx_word' id='word_1_655' title='bbox 2824 5276 3083 5343; x_wconf 86' lang='lat' dir='ltr'><strong>precibus</strong></span> <span class='ocrx_word' id='word_1_656' title='bbox 3110 5281 3425 5330; x_wconf 89' lang='lat' dir='ltr'><strong>sanctorum</strong></span> <span class='ocrx_word' id='word_1_657' title='bbox 3447 5274 3681 5329; x_wconf 84' lang='lat' dir='ltr'><strong>athleta-</strong></span> 
     </span>
    </p>
   </div>
   <div class='ocr_carea' id='block_1_111' title="bbox 2103 5366 3678 5438">
    <p class='ocr_par' dir='ltr' id='par_1_111' title="bbox 2103 5366 3678 5438">
     <span class='ocr_line' id='line_1_111' title="bbox 2103 5366 3678 5438; baseline -0.001 -16"><span class='ocrx_word' id='word_1_658' title='bbox 2103 5383 2224 5422; x_wconf 90' lang='lat' dir='ltr'><strong>rum</strong></span> <span class='ocrx_word' id='word_1_659' title='bbox 2283 5377 2525 5431; x_wconf 87' lang='lat' dir='ltr'><strong>tuorum,</strong></span> <span class='ocrx_word' id='word_1_660' title='bbox 2557 5369 2648 5438; x_wconf 85' lang='lat' dir='ltr'><strong>qui</strong></span> <span class='ocrx_word' id='word_1_661' title='bbox 2703 5366 2953 5436; x_wconf 88' lang='lat' dir='ltr'><strong>speciosa</strong></span> <span class='ocrx_word' id='word_1_662' title='bbox 2994 5375 3050 5422; x_wconf 92' lang='lat' dir='ltr'><strong>et</strong></span> <span class='ocrx_word' id='word_1_663' title='bbox 3094 5366 3426 5422; x_wconf 86' lang='lat' dir='ltr'><strong>venerabilia</strong></span> <span class='ocrx_word' id='word_1_664' title='bbox 3458 5366 3678 5421; x_wconf 82' lang='lat' dir='ltr'><strong>vulnct-a</strong></span> 
     </span>
    </p>
   </div>
   <div class='ocr_carea' id='block_1_112' title="bbox 2103 5460 2569 5515">
    <p class='ocr_par' dir='ltr' id='par_1_112' title="bbox 2103 5460 2569 5515">
     <span class='ocr_line' id='line_1_112' title="bbox 2103 5460 2569 5515; baseline -0.004 -1"><span class='ocrx_word' id='word_1_665' title='bbox 2103 5468 2196 5514; x_wconf 87' lang='lat' dir='ltr'><strong>tua</strong></span> <span class='ocrx_word' id='word_1_666' title='bbox 2236 5460 2569 5515; x_wconf 76' lang='lat' dir='ltr'><strong>dilexerunt.</strong></span> 
     </span>
    </p>
   </div>
   <div class='ocr_carea' id='block_1_113' title="bbox 2174 5546 3678 5621">
    <p class='ocr_par' dir='ltr' id='par_1_113' title="bbox 2174 5546 3678 5621">
     <span class='ocr_line' id='line_1_113' title="bbox 2174 5546 3678 5621; baseline -0.001 -16"><span class='ocrx_word' id='word_1_667' title='bbox 2174 5549 2577 5621; x_wconf 77' lang='lat' dir='ltr'><strong>Transgressos</strong></span> <span class='ocrx_word' id='word_1_668' title='bbox 2612 5552 2931 5606; x_wconf 83' lang='lat' dir='ltr'><strong>dolnrosatn</strong></span> <span class='ocrx_word' id='word_1_669' title='bbox 2967 5551 3092 5604; x_wconf 66' lang='lat' dir='ltr'><strong>vitae</strong></span> <span class='ocrx_word' id='word_1_670' title='bbox 3120 5546 3530 5604; x_wconf 82' lang='lat' dir='ltr'><strong>ﬂuctuationem</strong></span> <span class='ocrx_word' id='word_1_671' title='bbox 3563 5565 3678 5606; x_wconf 82' lang='lat' dir='ltr'><strong>ser—</strong></span> 
     </span>
    </p>
   </div>
   <div class='ocr_carea' id='block_1_114' title="bbox 2103 5639 3680 5713">
    <p class='ocr_par' dir='ltr' id='par_1_114' title="bbox 2103 5639 3680 5713">
     <span class='ocr_line' id='line_1_114' title="bbox 2103 5639 3680 5713; baseline 0.001 -17"><span class='ocrx_word' id='word_1_672' title='bbox 2103 5658 2200 5698; x_wconf 87' lang='lat' dir='ltr'><strong>vos</strong></span> <span class='ocrx_word' id='word_1_673' title='bbox 2226 5652 2349 5697; x_wconf 88' lang='lat' dir='ltr'><strong>tuos</strong></span> <span class='ocrx_word' id='word_1_674' title='bbox 2382 5641 2576 5712; x_wconf 79' lang='lat' dir='ltr'><strong>dirige,</strong></span> <span class='ocrx_word' id='word_1_675' title='bbox 2609 5641 2882 5713; x_wconf 75' lang='lat' dir='ltr'><strong>Magister,</strong></span> <span class='ocrx_word' id='word_1_676' title='bbox 2907 5642 2974 5696; x_wconf 88' lang='lat' dir='ltr'><strong>ad</strong></span> <span class='ocrx_word' id='word_1_677' title='bbox 3028 5647 3247 5711; x_wconf 87' lang='lat' dir='ltr'><strong>portum</strong></span> <span class='ocrx_word' id='word_1_678' title='bbox 3297 5639 3444 5706; x_wconf 65' lang='lat' dir='ltr'><strong>vitae,</strong></span> <span class='ocrx_word' id='word_1_679' title='bbox 3473 5649 3532 5697; x_wconf 87' lang='lat' dir='ltr'><strong>ut</strong></span> <span class='ocrx_word' id='word_1_680' title='bbox 3561 5645 3680 5699; x_wconf 86' lang='lat' dir='ltr'><strong>cla--</strong></span> 
     </span>
    </p>
   </div>
   <div class='ocr_carea' id='block_1_115' title="bbox 2105 5732 3642 5799">
    <p class='ocr_par' dir='ltr' id='par_1_115' title="bbox 2105 5732 3642 5799">
     <span class='ocr_line' id='line_1_115' title="bbox 2105 5732 3642 5799; baseline 0.001 -12"><span class='ocrx_word' id='word_1_681' title='bbox 2105 5744 2249 5788; x_wconf 81' lang='lat' dir='ltr'><strong>ment</strong></span> <span class='ocrx_word' id='word_1_682' title='bbox 2283 5748 2407 5788; x_wconf 87' lang='lat' dir='ltr'><strong>cum</strong></span> <span class='ocrx_word' id='word_1_683' title='bbox 2439 5733 2692 5788; x_wconf 82' lang='lat' dir='ltr'><strong>omnibus</strong></span> <span class='ocrx_word' id='word_1_684' title='bbox 2730 5733 2957 5790; x_wconf 80' lang='lat' dir='ltr'><strong>electis:</strong></span> <span class='ocrx_word' id='word_1_685' title='bbox 2989 5733 3320 5791; x_wconf 80' lang='lat' dir='ltr'><strong>Benedictus</strong></span> <span class='ocrx_word' id='word_1_686' title='bbox 3356 5747 3440 5799; x_wconf 86' lang='lat' dir='ltr'><strong>es.</strong></span> <span class='ocrx_word' id='word_1_687' title='bbox 3472 5732 3642 5792; x_wconf 85' lang='lat' dir='ltr'><strong>Deus.</strong></span> 
     </span>
    </p>
   </div>
  </div>
