3986 6236
445 307 579 375 3⁸591
618 347 646 370 .

1299 323 1362 388 S.
1392 327 1814 400 SOPHRONII
1855 339 2358 408 PATRIARCH/E
2398 348 2807 417 HIEROSOI..

3560 357 3702 424 38%

513 417 649 485 Quae
668 417 801 493 legis
829 419 1096 495 datorem,
1124 441 1346 502 semper
1373 433 1561 508 Virgo,
1601 444 1884 514 peperisti,
1917 447 1994 504 de-

2194 451 2258 509 'H
2289 454 2384 509 τοῦ
2420 457 2585 528 νόμου
2633 459 2726 513 τὸν
2774 459 2997 534 δοτῆρα,
3017 463 3375 536 Ἀειπάρθενε
3397 508 3411 535 ,
3445 470 3701 540 κυήσασα

442 525 672 582 precare
701 524 759 570 ut
817 516 1016 574 delicta
1055 523 1305 580 omnium
1355 529 1620 587 tollantur
1664 535 1720 590 in
1775 546 1994 610 tempori

443 607 726 630 “mh..-
957 610 972 630 .
1013 612 1026 626 .
1072 629 1077 630 ,
1109 614 1143 628 ..
1176 615 1211 630 ..
1349 619 1363 630 .
1387 619 1403 630 .

2125 543 2334 600 ἱκέτευε
2364 547 2462 613 τὰς
2484 516 2720 620 ανομίας
2753 516 3276 625 smaragdi—save;
3386 516 3571 630 καιρῶ
3609 560 3700 630 τῆς

443 607 728 673 praesentis
757 607 926 664 divini
949 610 1156 683 jejunii-
1173 615 1245 673 iis
1267 619 1364 690 qui
1386 619 1524 678 bene
1546 637 1861 698 proponunt
1884 607 1994 689 illuc

2120 636 2216 690 νῦν
2238 607 2544 710 ἐνεστώσης
2586 607 2716 708 τοῖς*
2748 607 2948 710 καλῶς⁵
2966 648 3423 720 προαιρουμένοις
3447 607 3701 716 samo

443 710 703 754 exercere
725 701 994 760 studiose.

776 793 863 848 Ex
887 798 1108 867 ﬂamma
1138 803 1209 858 ad
1238 816 1449 863 sanctos
1483 827 1676 871 rorem.

511 877 839 940 Sanctorum
876 897 1178 961 martyrum
1236 899 1496 966 praeclare
1549 914 1700 971 gesta
1757 910 2011 968 cmlestes

441 970 669 1038 spiritus
697 975 953 1033 admirati
1009 990 1182 1052 sunt;
1217 987 1437 1044 illorum
1482 970 1738 1064 precibus
1792 1001 2011 1056 miseri-

439 1060 657 1116 cor-dias
709 1071 856 1132 tuas,
901 1068 1180 1142 Magister,
1211 1077 1266 1132 in
1296 1083 1456 1138 nobis
1501 1087 1726 1156 copiose
1755 1090 2006 1160 miriﬁca,

437 1149 775 1211 misericors.

506 1243 608 1308 Qui
639 1261 764 1302 rore
784 1249 971 1307 divino
1000 1254 1178 1324 ignem
1194 1261 1584 1331 coneulcastis,
1608 1267 1826 1326 atliieta‘.
1850 1272 2006 1327 mira-

433 1334 571 1391 biles
603 1338 839 1408 Domini,
873 1344 1100 1402 liberate
1136 1364 1235 1406 nos
1275 1353 1343 1407 ab
1377 1354 1504 1423 igne
1527 1356 1761 1425 vindice,
1786 1360 2001 1419 ferven-

431 1428 586 1486 tibus
615 1434 824 1491 vestris
855 1435 925 1491 ad
952 1436 1246 1498 Dominum
1271 1446 1784 1509 intercessionibus.

497 1603 718 1677 Optime
748 1610 1023 1682 Salvator,
1051 1621 1388 1682 orthodoxos
1416 1630 1510 1697 qui
1532 1644 1564 1685 e
1594 1632 1758 1688 nobis
1789 1634 1994 1707 migra-

425 1706 586 1764 runt;
642 1701 754 1758 vita
787 1707 997 1764 emlesti
1028 1720 1082 1766 et
1135 1723 1327 1771 saneto
1392 1720 1686 1789 splendore
1743 1701 1990 1798 dignare,

424 1792 920 1862 supplicationibus
944 1811 1259 1860 sanctorum
1285 1817 1609 1882 martyrum.

417 2073 734 2123 sanctorum
814 2083 1116 2144 martyrum
1201 2081 1686 2155 apostolorumque
1747 2094 1986 2156 tuorum,

414 2155 665 2214 illumina
691 2161 904 2221 animas
929 2172 1249 2241 nostras,fut
1268 2173 1636 2242 gleriﬁcemus
1659 2187 1711 2234 te
1729 2180 1784 2236 in
1809 2183 1987 2238 exsul.

413 2249 622 2306 talione
651 2252 849 2309 anima:
882 2255 936 2310 in
971 2261 1192 2316 saecula.

661 2344 832 2400 Deum
853 2347 1152 2408 hominibus
1183 2355 1356 2412 videre
1388 2359 1732 2430 impossibile.

483 2430 636 2490 Sicut
657 2435 750 2493 lux
766 2438 1256 2514 splendensjejunii
1275 2449 1450 2518 gratia
1465 2465 1630 2521 opera
1651 2452 1790 2508 lucis
1806 2453 1981 2512 facere

409 2533 665 2583 seusatos
718 2529 1100 2602 adhortatur;
1169 2537 1224 2595 in
1287 2539 1405 2609 ipsa
1463 2544 1766 2600 illuminari
1825 2545 1980 2602 festi-

417 2629 635 2685 nemus,
665 2619 1035 2685 ut,lucifer'am
1068 2630 1376 2698 passionem
1401 2633 1690 2693 videamus
1719 2638 1866 2696 illius
1883 2640 1975 2710 qui

413 2709 736 2768 tenebrosas
760 2711 1044 2784 passiones
1075 2719 1268 2776 Adami
1298 2725 1552 2794 passione
1586 2729 1766 2784 solvit.

476 2799 759 2860 Manifeste
789 2809 933 2866 sicut
989 2813 1074 2868 sol
1102 2828 1482 2887 exsurgentes,
1512 2835 1728 2877 omnem
1765 2832 1971 2878 terram

403 2892 574 2950 radiis
607 2897 828 2967 pietatis
857 2911 910 2957 et
961 2903 1352 2963 miraculorum
1384 2910 1506 2967 luce
1535 2921 1806 2986 martyres
1842 2915 1972 2970 iilu-

403 2989 704 3058 minarum,
731 3003 785 3049 et
805 2995 1151 3067 polytbeismi
1177 3002 1432 3058 tenebras
1456 3002 1971 3078 dissipavere,quo-

407 3095 529 3135 rum
567 3085 1080 3158 supplicationibus,
1114 3088 1278 3156 Deus,
1306 3093 1572 3150 miserere
1594 3096 1790 3152 nostri.

465 3171 769 3231 Prmveniat
799 3179 1015 3236 bonitas
1046 3189 1160 3246 tua,
1191 3181 1442 3250 Domine,
1472 3195 1689 3244 amotos
1730 3204 1763 3246 e
1807 3189 1970 3247 nobis

398 3266 630 3322 terribili
685 3277 780 3326 tuo
835 3272 1105 3344 imperio;
1145 3277 1450 3334 circumdet
1505 3294 1602 3336 eos
1661 3281 1970 3340 misericor-

394 3353 483 3410 dia
525 3363 615 3412 tua
643 3366 697 3415 et
723 3362 1086 3420 eondueatad
1137 3367 1368 3423 tentoria
1402 3369 1523 3428 luce
1549 3369 1710 3427 [aciei
1734 3380 1840 3429 tuae
1866 3373 1969 3428 [ιιι-

391 3447 596 3516 gentia.

2119 723 2270 792 θείάς
2299 730 2554 799 νηστείας
2585 733 2813 805 σπουδῇ.

2394 822 2495 876 Ἐκ
2532 825 2760 892 φλογὸς
2797 826 2922 893 τοῖς
2957 828 3150 896 ὁσίοις
3187 829 3433 899 δρόσον.

2184 911 2308 964 Τῶν
2349 911 2520 981 ἁγίων
2565 916 2857 988 μαρτύρων
2889 919 2957 974 τὰ
2986 921 3389 992 κατορθώματα
3411 964 3425 983 ,
3457 925 3694 994 ἐπουρά-

2111 1018 2214 1055 νιοι
2263 1003 2382 1068 νόες
2427 1005 2922 1079 ύπερεθαύμασανο
2975 996 3185 1066 ¹τούτων
3240 1017 3592 1084 προσευχαῖς
3629 1016 3694 1069 τὰ

2108 1094 2233 1166 eun
2265 1113 2384 1164 σου,
2418 1098 2688 1168 Δέσποτα,
2713 1103 2771 1156 ὲν
2801 1104 2934 1175 ἡμῖν
2964 1105 3235 1168 πλουσίως
3267 1105 3692 1178 θαυμάστωσον,

2107 1187 2248 1240 οίκτί
2257 1205 2410 1260 ρμον.
3312 1241 3314 1244 ,

2177 1279 2244 1332 Οἱ
2289 1279 2350 1333 τὸ
2393 1281 2506 1354 πῦρ
2554 1283 2675 1357 θείᾳ
2705 1286 2881 1358 δρόσῳ
2913 1291 3421 1362 καταπατήσαντες,
3455 1291 3692 1363 ἀθληταὶ

2101 1368 2196 1422 τοῦ
2228 1372 2433 1442 Κυρίου
2463 1374 2906 1456 ἀξιοθαύμαστοι,
2938 1380 3175 1450 ῥύσασθε
3209 1383 3356 1454 ἡμᾶς
3383 1382 3483 1436 τοῦ
3513 1384 3690 1454 πυρὸς

2098 1463 2200 1516 τοῦ
2213 1465 2534 1532 κολάζοντος
2557 1470 2678 1532 ταῖς
2699 1469 2838 1540 πρὸς
2862 1470 2953 1525 τὸν
2974 1473 3254 1544 Δεσπότην
3273 1474 3505 1546 θερμαῖς
3529 1475 3688 1546 ὑμῶν

2101 1557 2441 1625 πρεσϐείαις.

2184 1645 2530 1719 ’Υπεράγαθε
2574 1652 2779 1726 Σῶτερ,
2831 1656 2955 1719 τοὺς
2987 1657 3404 1729 ἐκδημήσαντας
3435 1659 3496 1726 ἐξ
3524 1658 3682 1730 ἡμῶν

2095 1739 2428 1810 ὀρθοδόξους,
2459 1741 2606 1813 ζωῆς
2650 1746 2884 1810 ἀξίωσον
2910 1750 3007 1818 τῆς
3053 1750 3113 1802 ὲν
3155 1751 3373 1823 ούρανῷ
3395 1753 3491 1806 καὶ
3518 1752 3679 1820 ἁγίας

2127 1799 2140 1810 -
2295 1799 2314 1808 -
2389 1799 2426 1805 --
2468 1799 2484 1805 -
2560 1799 2601 1813 ι-
2834 1799 2874 1801 η
2923 1799 3004 1818 ηις
3058 1799 3103 1802 --
3164 1799 3676 1823 -νγ--τ---ννι-ττ

1969 1855 1971 1858 ‹
2025 1799 2067 1854 Β
2095 1831 2477 1904 λαμπρότητος
2505 1875 2520 1899 ,
2550 1838 2672 1899 ταῖς
2719 1840 2828 1892 τῶν
2873 1843 3158 1910 παναγίων
3212 1846 3511 1918 μαρτύρων
3561 1848 3676 1903 ἱκα-

2089 1923 2263 1986 σίαις.

2176 2013 2428 2080 Ἱκεσίαις
2474 2019 2758 2094 οἱκτίρμον
2803 2024 2903 2094 τῆς
2936 2027 3221 2099 κυησάσης
3255 2047 3314 2084 σε
3360 2034 3452 2087 καὶ
3500 2033 3670 2102 ἁγίων

2079 2106 2392 2177 ,μαρτύρων
2417 2111 2518 2164 καὶ
2541 2113 2858 2172 ἀποστόλων
2876 2135 2991 2184 σου,
3018 2119 3252 2189 φώτισον
3273 2124 3432 2194 ἡμῶν
3449 2129 3550 2190 τὰς
3569 2127 3669 2196 ψυ-

2087 2196 2207 2266 χὰς,
2234 2199 2330 2252 τοῦ
2366 2201 2612 2269 δοξάζειν
2656 2222 2716 2260 σε
2752 2210 2810 2263 ἐν
2853 2209 3176 2280 ἀγαλλιάσει
3215 2215 3395 2289 ψυχῆς
3424 2220 3507 2283 είς
3541 2220 3667 2283 τοὺς

2085 2286 2254 2342 αἰῶνα
2264 2309 2308 2354 ς.

2342 2383 2491 2437 Θεὸν
2525 2387 2864 2458 ἀνθρώποις
2902 2393 3054 2450 ὶδεῒν
3089 2397 3412 2457 ἀδύνατον.

2166 2473 2254 2537 Ὡς
2277 2475 2393 2543 φῶς
2423 2480 2676 2548 νηστείας
2703 2485 2736 2553 ἡ
2767 2486 2928 2554 χάρις
2955 2487 3245 2560 λάμπουσα
3266 2531 3282 2556 ,
3313 2491 3450 2563 ἔργα
3483 2492 3662 2564 φωτὸς

2081 2565 2452 2634 προτρέπεται
2479 2571 2654 2627 τελεῖν
2696 2577 2822 2640 τοὺς
2859 2578 3161 2650 ἐχέφρονας
3180 2598 3194 2611 ·
3226 2584 3284 2635 ιν
3313 2583 3452 2655 αὐτῇ
3490 2595 3655 2654 φωτι-

2080 2656 2274 2726 σθῆναι
2305 2663 2718 2736 σπουδάσωμεν,
2743 2669 2896 2735 ὅπως
2920 2673 2989 2726 τὰ
3018 2675 3308 2746 φωτοφόρα
3336 2676 3486 2750 πάθη
3519 2678 3660 2748 ὀψώ-

2081 2748 2222 2818 μεθα
2247 2751 2340 2804 τοῦ
2365 2753 2433 2808 τὰ
2466 2759 2712 2814 σκοτεινὰ
2742 2761 2888 2832 πάθη
2916 2763 3086 2836 Ἀδὰμ
3115 2766 3310 2821 πάθεσι
3337 2748 3621 2834 λύσαντος.

2146 2845 2342 2913 Σαφῶς
2371 2847 2449 2910 ὡς
2473 2849 2626 2918 ἥλιος
2652 2853 3030 2922 ἀνατείλαντες
3050 2860 3232 2913 πᾶσαν
3251 2860 3350 2932 τὴν
3377 2861 3482 2932 γῆν
3504 2862 3658 2917 ἀκτῖ-

2077 2951 2164 2990 σιν
2197 2937 2480 3003 εὐσεόείας
2508 2944 2558 2994 οἱ
2595 2943 2870 3017 μάρτυρες
2889 2987 2904 3012 ,
2935 2950 3031 3003 καὶ
3061 2950 3311 3023 λαμπάσι
3357 2953 3654 3027 θαυμάτων

3586 3039 3615 3067 1

2071 3026 2367 3094 ἑφώτισαν,
2396 3032 2490 3085 καὶ
2537 3034 2638 3104 τῆς
2683 3036 2972 3104 πολυθεῖας
3007 3044 3194 3108 σκότος
3221 3026 3532 3117 ἠφάνισαν·
3579 3039 3652 3102 ὧν

1997 3150 2040 3210 C
2074 3122 2193 3184 ταῖς
2229 3123 2480 3188 ἱκεσίαις,
2512 3128 2540 3178 ό
2570 3125 2722 3193 Θεὸς,
2751 3131 2898 3199 ἡμᾶς
2937 3133 3182 3203 ἐλέησον.

2155 3211 2218 3266 Ἦ
2248 3213 2314 3286 σὴ
2345 3215 2606 3284 φθασάτω
2630 3222 2954 3294 χρηστότης,
2985 3226 3180 3298 Κύριε,
3215 3229 3344 3294 τοὺς
3387 3229 3448 3297 ἐξ
3497 3229 3650 3303 ἡμῶν

2071 3305 2332 3375 φρικώδει
2388 3311 2766 3378 μεταστάντας
2830 3316 3076 3372 κελεύσει
3125 3337 3220 3374 σου
3249 3362 3263 3388 ,
3310 3324 3647 3380 κυκλωσάτω

2065 3396 2264 3463 αὐτούς
2310 3416 2404 3453 σου
2459 3402 2520 3456 τὸ
2567 3403 2718 3469 ἔλεος
2767 3409 2886 3461 καὶ·
2912 3411 3342 3485 καθοδηγησάτω
3390 3416 3530 3487 πρὸς
3581 3417 3646 3471 τὰ

2068 3491 2410 3562 σκηνώματα
2437 3495 2506 3549 τὰ
2547 3501 3004 3573 καταυγαζόμενα
3040 3506 3208 3575 φωτὶ,
3238 3507 3316 3576 τῷ
3345 3508 3438 3563 τοῦ
3474 3525 3644 3583 προσο

1943 3591 1946 3594 '
2055 3581 2214 3635 ςώπου
2242 3599 2358 3639 σου.

460 3643 606 3703 Voce
665 3650 865 3720 angeli,
907 3652 1121 3710 consilii
1169 3654 1350 3712 Patris
1392 3658 1656 3730 Angelum
1707 3661 1961 3721 inetl‘abi-

387 3738 549 3806 liter,
581 3737 832 3810 Deipara,
869 3745 1138 3814 genuisti;
1178 3756 1297 3803 vota
1331 3750 1494 3821 igitur
1525 3767 1809 3810 servorum
1829 3762 1961 3811 tuo-

383 3842 508 3881 rum
570 3830 792 3902 suseipe
834 3848 956 3903 quae
1004 3834 1199 3907 jejunii
1253 3847 1502 3910 tempore
1551 3859 1956 3916 nuncupamus,

384 3921 614 3992 ipsaque
643 3922 754 3980 Deo
786 3942 1065 3999 nuncupa,
1099 3932 1243 3986 sicut
1277 3932 1582 3990 incensum.

872 4108 1099 4165 Carmen
1124 4113 1461 4181 triumphale.

451 4196 792 4268 Cupiditates
837 4204 1234 4262 mortiﬂcemus
1275 4221 1370 4276 per
1401 4207 1805 4272 abstinentiam,
1841 4211 1954 4280 spi-

375 4289 542 4344 ritum
587 4293 926 4352 viviﬂcemus
970 4311 1067 4365 per
1105 4297 1292 4353 divina
1327 4315 1522 4369 Opera;
1565 4310 1628 4355 ut
1671 4302 1952 4360 videamus

374 4379 578 4439 Christi
617 4387 930 4455 passionem
961 4391 1328 4446 venerabilem
1368 4392 1667 4462 purissima
1703 4404 1908 4452 mente.

2133 3674 2288 3747 Φωνῇ
2314 3677 2549 3745 ἀγγέλου
2574 3681 2770 3752 βουλῆς
2782 3685 2874 3740 τὸν
2893 3689 3159 3758 ’Ἄγγελον
3185 3691 3285 3763 τῆς
3312 3688 3408 3746 τοῦ
3434 3691 3640 3766 Πατρὸς

2053 3767 2338 3839 ἀρρήτως,
2387 3768 2641 3839 Θεοτόκε,
2687 3776 2960 3850 ὲκύησαςο
3021 3782 3119 3847 τὰς
3167 3785 3349 3853 φωνὰς
3395 3782 3490 3841 οὖν
3533 3786 3639 3840 τῶν

2056 3855 2259 3911 δούλων
2295 3876 2388 3912 σου
2408 3862 2722 3932 πρόσδεξαι,
2749 3867 2930 3940 ἅσπερ
2958 3870 3035 3941 τῷ
3063 3871 3160 3942 τῆς
3189 3873 3444 3944 νηστείας
3463 3873 3636 3945 χρόνῳ

2057 3950 2448 4022 προσάγομενο
2503 3957 2600 4009 καὶ
2644 3958 2851 4024 ταύτας
2903 3963 3223 4034 προσάγαγε
3274 3965 3393 4037 Θεῷ
3448 3965 3634 4036 ὥσπερ

2057 4040 2327 4115 θυμίαμα.

2579 4139 2758 4210 ’ῼὸἡν
2795 4142 3113 4199 ἐπινίκιον.

2131 4223 2211 4277 Τὰ
2262 4225 2405 4297 πάθη
2436 4229 2803 4304 νεκρὼσωμεν
2851 4235 2918 4289 δι’
2947 4237 3295 4309 ἐγκρατείας,
3324 4240 3387 4294 τὸ
3414 4237 3630 4311 πνεῦμα

2052 4310 2361 4386 ζωὼσωμεν
2390 4317 2458 4370 δι’
2489 4321 2688 4376 ἐνθέων
2718 4324 2988 4396 πράξεων,
3019 4327 3167 4392 ὅπως
3194 4330 3455 4402 ὁψώμεθα
3501 4334 3631 4404 Χρι·

2053 4405 2181 4458 στοῦ
2213 4407 2272 4459 τὸ
2302 4409 2477 4474 πάθος
2503 4413 2566 4466 τὸ
2597 4417 2792 4470 σεπτὸν
2828 4418 3200 4494 καθαρωτάτῳ
3227 4426 3327 4478 νοτ.

445 4475 908 4535 lmmisericordis
945 4479 1135 4538 divitis
1178 4497 1360 4541 mores
1406 4486 1702 4554 imitatum,
1733 4487 1952 4545 Christe
1983 4497 1994 4551 l

2127 4497 2501 4572 ’Δσπλάγχνου
2533 4505 2854 4578 ζηλώσαντα
2887 4475 3144 4568 πλουσίου
3171 4477 3448 4587 ⁸τρόπους,
3493 4519 3624 4589 Χρι·

382 4565 928 4636 miscricordissime,
968 4571 1224 4638 obsecro,
1274 4589 1396 4630 eum
1435 4590 1676 4646 paupere
1736 4576 1947 4633 Lazaro

375 4670 462 4710 me
494 4657 790 4725 constitue,
825 4657 1065 4718 liberans
1095 4677 1124 4718 a
1163 4663 1379 4720 ﬂamma
1414 4676 1468 4722 et
1512 4668 1582 4722 ab
1625 4668 1751 4738 igne
1793 4667 1948 4723 inex-

373 4745 697 4818 stinguibili.

441 4835 698 4893 Omnium
763 4839 1007 4912 jejunavi
1073 4854 1221 4902 recte
1277 4848 1570 4912 factorum,
1633 4865 1812 4923 usque
1873 4853 1938 4908 ad

369 4929 678 4987 satietatem
745 4932 950 4992 fruitus
1007 4953 1127 4992 sum
1189 4940 1425 5006 delictis,
1486 4941 1733 5010 Domine,
1797 4960 1942 5001 nune

370 5023 538 5092 igitur
581 5024 914 5082 esurientem
959 5043 1045 5084 me
1093 5043 1220 5100 rege
1269 5032 1495 5087 salutari
1535 5037 1941 5110 venerabilique

367 5114 513 5170 cibo.

440 5205 524 5261 Me
569 5207 912 5278 damnatum,
961 5225 1188 5281 prorsus
1251 5215 1532 5284 impolluta
1584 5207 1832 5290 Domina,
1883 5225 1936 5280 in

2053 4585 2144 4639 στὲ
2170 4590 2672 4666 πολυεύσπλαγχνε,
2703 4601 2931 4656 ἱκετεύω
2977 4603 3237 4672 σύνταξον
3265 4608 3501 4680 Λαξάρῳ
3529 4608 3624 4664 πέο

2049 4695 2188 4748 νητι,
2217 4680 2580 4756 λυτρούμενός
2625 4706 2694 4761 με
2741 4693 2841 4762 τῆς
2875 4693 3073 4764 φλογὸς
3100 4698 3195 4750 καὶ
3236 4696 3332 4752 τοῦ
3358 4699 3622 4754 ἀσϐέστου

2047 4785 2120 4822 πυ
2130 4774 2242 4830 ρός,

2115 4790 2120 4819 Ι
2163 4789 2190 4824 0
2229 4817 2242 4830 ,

2115 4789 2222 4918 ’ἓὲ
2243 4869 2460 4924 πάντων
2493 4872 2795 4944 ἐνήστευσα
2840 4880 3318 4952 κατορθωμάτων,
3348 4885 3431 4949 εἰς
3458 4885 3620 4957 κόρον

2042 4957 2330 5029 ἀπήλαυσα
2356 4963 2466 5018 τῶν
2491 4967 2844 5036 σφαλμάτων,
2868 4973 3072 5044 Κύριεο
3102 4974 3202 5028 νῦν
3225 4975 3320 5029 οὖν
3346 4975 3616 5034 πεινῶντά

2045 5064 2111 5117 με
2149 5051 2524 5123 σωτηριώδους
2551 5059 2645 5111 καὶ
2674 5061 2876 5131 σεπτῆς
2910 5062 3188 5135 ἔμπλησον
3214 5066 3492 5138 βρώσεως.

2111 5233 2238 5303 Ἐμὲ
2267 5234 2358 5286 τὸν
2387 5235 2715 5308 κατάκριτον
2741 5241 2799 5292 ὲν
2823 5241 3109 5315 καταδίκῃ,
3137 5241 3488 5316 πανάχραντε
3515 5245 3606 5300 Δία

368 5311 592 5366 0pernm
687 5317 933 5356 meorum
1023 5303 1481 5362 condemuatione
1536 5313 1932 5383 praecipitatum

368 5387 511 5408 --.Μ
596 5390 848 5408 ,μη-,μ
941 5407 961 5408 κ
1202 5393 1213 5405 .
1317 5395 1328 5406 .
1448 5397 1483 5408 ..
1547 5400 1560 5408 .
1769 5404 1798 5408 _

2096 5340 2253 5389 τοινα,
2285 5303 2613 5399 ἐρριμμένον
2657 5329 2836 5400 ἔργων
2873 5349 2974 5402 μου
3022 5303 3214 5402 σῶσον,
3248 5303 3606 5408 οίκτείρησον,

365 5387 540 5450 salva,
596 5390 878 5454 miserare,
931 5407 1072 5461 quin,
1143 5393 1714 5456 misericordissimum
1765 5404 1934 5461 Deum

2099 5432 2126 5467 ν
2155 5418 2582 5490 πανοικτίρμονα
2618 5421 2752 5474 Θεὸν
2776 5425 3164 5498 ἀποκυήσασα.

367 5479 648 5548 peperisti.

783 5567 948 5637 Quem
982 5573 1288 5629 horrescunt
1316 5581 1509 5648 angeli.

439 5655 718 5713 Sterilium
750 5661 956 5730 infelix,
981 5663 1134 5720 dives
1164 5665 1241 5720 iul
1261 5671 1673 5739 cogitationum,
1697 5677 1928 5732 animam

373 5744 651 5818 inquinavi
687 5751 910 5810 nefariis
971 5758 1374 5829 voluptatibus,
1427 5771 1480 5821 et
1533 5767 1768 5826 tenebrae
1828 5773 1924 5831 dc-

2426 5599 2524 5652 ‘Or
2563 5601 2916 5668 φρίττουσιν
2951 5600 3212 5671 ἄγγελοι.

2100 5687 2412 5760 ’Ᾱκάρπους
2458 5688 2767 5762 ἐπλούτησα
2800 5695 2828 5745 ὁ
2861 5693 3028 5757 τάλας
3074 5695 3398 5766 λογισμοὺς,
3427 5695 3602 5766 ψυχὴν

2036 5781 2376 5851 κατεμόλυνα
2407 5781 2666 5854 ἀθέσμοις
2692 5785 2907 5856 ἡδοναῖς
2925 5826 2940 5854 ,
2977 5787 3070 5841 καὶ
3101 5788 3290 5854 σκότος
3319 5790 3509 5848 κυκλοῖ
3532 5804 3595 5861 με
