3986 6236
282 245 429 314 £895

1236 242 1300 307 S.
1334 239 1755 306 SOPHRONII
1788 239 2292 304 ΡΑΤΒΙΑΒΕΗᾹΞ
2319 241 2724 304 HIEROSOL.

3422 238 3574 304 389$

285 357 484 416 similis
508 369 609 429 per
631 350 1095 425 desperationem,
1136 357 1316 417 tuum,
1382 347 1536 416 Iesu,
1558 363 1692 424 rogo
1712 363 1864 422 aspe.

2001 347 2154 402 εσθαι
2192 347 2403 419 μέλλων
2430 349 2496 402 δι’
2517 344 2884 416 ἀπογνώσεως
2913 346 3012 418 τῆς
3046 345 3168 417 σῆς,
3220 346 3572 418 ἰησοῦ,ἐπι-

283 459 432 506 ctum
462 461 573 520 quo
601 444 953 502 viviﬁcantur
980 443 1314 500 invocantes
1331 449 1406 497 te.

353 624 718 682 Sanctissima
745 621 935 690 Virgo,
972 627 1031 676 tu
1078 634 1166 676 me
1223 618 1432 674 salvum
1481 615 1568 673 fac
1605 616 1676 672 ab
1716 616 1872 670 intiro

285 717 471 772 mitate
501 730 658 781 mea;
693 713 957 768 auxilium
986 724 1168 767 meum
1200 711 1301 774 sis,
1328 707 1579 764 Genitrix
1607 707 1755 762 illius
1774 707 1869 778 qui

285 809 402 866 vult
464 805 903 864 misericordiam
948 811 1003 861 et
1060 818 1222 874 quem
1275 800 1751 874 superexaltamus
1814 799 1870 854 in

285 903 470 960 omnia
509 902 731 957 sarcula.

533 993 702 1048 Deum
736 983 1032 1046 hominibus
1061 989 1232 1045 videre
1264 985 1612 1056 impossibile.

355 1086 498 1143 Olim
533 1087 809 1142 hominem
840 1083 1237 1154 protoplastum
1270 1087 1468 1154 gustus
1501 1093 1726 1134 amarus
1763 1077 1868 1131 mi—

286 1195 410 1239 sere
440 1178 700 1251 paradiso
745 1177 974 1247 expulit,
1005 1183 1060 1232 et
1106 1174 1302 1231 mortis
1339 1171 1557 1242 laqueis
1587 1167 1867 1240 subjecit;

284 1271 495 1344 jejuna,
523 1286 556 1326 o
582 1269 767 1325 anima
803 1282 949 1330 mea,
981 1266 1108 1337 fuge
1143 1265 1532 1332 imitationem,
1573 1261 1698 1332 fuge
1733 1257 1870 1314 deli-

287 1366 500 1421 ciarum
530 1362 866 1433 voluptatem
896 1357 1187 1415 fecundam
1217 1356 1520 1412 doloribus.

359 1542 417 1598 lu
460 1548 646 1597 mente
692 1537 1013 1607 concipiens
1059 1543 1211 1590 tuum
1256 1533 1500 1589 tribunal
1531 1541 1585 1588 et
1624 1531 1870 1587 ﬂammas

1976 439 2223 511 σκέψεως
2249 439 2437 512 δέομαι
2462 439 2562 511 τῆς
2593 439 2963 512 ζωοποιούσης
2983 439 3108 504 τοὺς
3138 441 3196 494 σὲ
3222 442 3571 512 προσκαλου-

1979 531 2193 602 μένους.

2047 621 2298 692 Παναγία
2329 620 2598 691 Παρθένε,
2629 619 2691 674 σύ
2730 639 2797 693 με
2818 621 3086 678 διάσωσον
3116 622 3210 693 τῆς
3235 622 3372 692 ἐμῆς
3394 623 3563 676 ἀσθε-

1981 733 2037 770 νε
2049 715 2130 781 ίας
2153 734 2164 746 ·
2197 715 2353 784 γενοῦ
2385 714 2685 788 βοήθεια,ὴ
2717 716 2809 770 τὸν
2836 715 3064 788 θελητὴν
3092 715 3186 770 τοῦ
3217 715 3396 780 ἐλέους
3419 716 3564 788 κυήο

1973 827 2140 875 σασα,
2169 808 2228 868 ὃν
2273 807 2660 880 ύπερυψοῦμεν
2685 809 2762 872 είς
2794 807 3002 872 πάντας
3033 807 3160 874 τοὺς
3188 808 3413 874 αῑῶνας.

2255 987 2404 1043 Θεὸν
2424 987 2754 1058 ἀνθρώποις
2781 987 2928 1044 ἰδεῖν
2954 989 3276 1047 ἀδύνατον.

2043 1078 2117 1133 Τὸ
2147 1078 2275 1150 πρὶν
2297 1078 2386 1133 τὸν
2415 1079 2705 1151 ἄνθρωπον
2743 1079 2834 1134 τὸν
2866 1080 3318 1151 πρωτόπλαστον,
3371 1081 3570 1152 γεῦσις

1973 1168 2147 1242 πικρά
2173 1167 2364 1232 δεινῶς
2408 1167 2503 1222 τοῦ
2557 1167 2889 1240 παραδείσου
2919 1168 3118 1236 ἐξέωσε
3174 1169 3271 1224 καὶ
3328 1169 3564 1227 Θανάτου

1970 1263 2083 1324 τοῖς
2133 1260 2349 1333 βρόχοις
2402 1259 2698 1326 ὑπέζευξεσ
2741 1261 3076 1332 νήστευσον,
3133 1254 3179 1318 ὦ
3226 1262 3373 1334 ψυχή
3433 1279 3562 1334 μου,

1971 1353 2142 1424 φεῦγε
2159 1353 2258 1424 τὴν
2285 1353 2542 1426 μίμησιν,
2571 1352 2738 1424 φεῦγε
2769 1353 2870 1424 τῆς
2890 1355 3102 1427 τρυφῆς
3124 1353 3223 1428 τὴν
3253 1355 3447 1428 ἡδονὴν
3460 1357 3563 1428 τὴν

1972 1443 2332 1499 πολυώδυνον.

2041 1537 2137 1600 Ei;
2171 1537 2295 1590 νοῦν
2329 1535 2624 1608 λαμϐάνων
2659 1554 2752 1591 σου
2779 1538 2840 1592 τὸ
2866 1538 3151 1611 κριτήριον
3173 1540 3268 1593 καὶ
3306 1541 3404 1612 τῆς
3428 1539 3559 1612 φλο-

285 1633 684 1699 intolerabiles,
711 1630 883 1687 Judex
913 1629 1240 1702 justissime,
1267 1629 1536 1699 meipsum
1566 1627 1871 1682 condemno

2001 1629 2066 1692 ’ὸς
2095 1628 2156 1682 τὸ
2211 1628 2493 1694 ἀστεκτον,
2528 1628 2708 1701 Κριτά
2735 1627 3065 1696 δικαιότατε,
3118 1630 3356 1703 ἐμαυτὸν
3388 1650 3562 1688 κατα-

283 1736 413 1784 ante
456 1723 764 1793 judicium;
802 1735 972 1792 paveo
1023 1719 1168 1775 enim
1220 1728 1270 1774 et
1306 1698 1696 1784 contremisco,
1742 1730 1866 1771 cum

2001 1725 2149 1796 ιρίνω
2170 1721 2278 1793 πρὸ
2310 1722 2546 1793 κρίσεως
2566 1698 2819 1776 ’δέδοικα
2857 1721 2967 1794 γὰρ
3014 1698 3318 1796 καὶτρέμω
3349 1725 3564 1799 ἄμετρα

283 1820 553 1876 immense
590 1823 781 1872 contra
817 1822 868 1869 te
916 1811 1261 1883 deliquerim,
1312 1810 1459 1866 sicut
1513 1809 1699 1865 nullus
1728 1808 1868 1865 alios

281 1926 450 1983 super
477 1917 676 1964 terram
701 1923 716 1972 ;
745 1914 1082 1978 quapropter
1126 1906 1390 1958 miserere
1422 1901 1552 1957 mei.

352 2002 726 2074 Cupiditatum
763 1998 1050 2053 abluamus
1093 1995 1385 2068 caliginem
1425 1995 1721 2052 luminosis
1747 2010 1871 2067 pre-

282 2096 462 2159 cibus,
512 2102 566 2150 et
622 2093 890 2146 virtutum
947 2103 1134 2144 ramos
1186 2096 1471 2162 portantes
1517 2087 1734 2145 obviam
1791 2087 1872 2144 ire

281 2187 510 2244 Christo
551 2185 897 2250 festinemus,
943 2182 1038 2254 qui
1066 2183 1274 2254 pullum
1337 2197 1484 2238 nunc
1535 2195 1871 2237 conscensu-

283 2295 381 2336 rus
411 2283 762 2350 exspectatur
799 2287 850 2332 et
881 2276 992 2348 pati
1031 2282 1256 2346 paratus
1285 2281 1368 2350 cst
1422 2272 1490 2328 ad
1546 2271 1865 2330 salvandum

283 2389 410 2430 nos.
1325 2349 1335 2364 ⁸

355 2469 436 2527 Ex
469 2478 545 2538 te,
581 2468 766 2541 Virgo.
804 2464 896 2522 Dei
937 2463 1108 2537 gratia
1157 2463 1338 2534 plena,
1383 2462 1469 2517 his
1498 2461 1590 2532 qui
1625 2461 1680 2516 in
1713 2467 1870 2516 nocte

283 2563 555 2618 malorum
605 2561 936 2618 tenebantur
989 2565 1216 2612 exortus
1283 2563 1368 2612 est
1442 2556 1581 2611 lucis
1623 2564 1676 2610 et
1717 2554 1870 2625 pacis

288 2656 536 2712 Christus
587 2655 884 2725 choragus,
945 2650 1174 2707 incuriae
1221 2648 1720 2720 transgressionem
1755 2647 1869 2704 sol-

285 2763 420 2805 rens
449 2753 504 2805 et
539 2746 970 2818 redemptionem
999 2743 1161 2799 nobis
1193 2741 1480 2799 manifeste
1518 2739 1779 2812 largiens.

566 2924 810 3014 διεγείρει
839 2925 1081 2994 επεειαηι
1113 2939 1280 2977 meam
1318 2931 1565 2977 mentem.

1978 1817 2210 1881 πταίσας
2268 1834 2350 1871 σοι
2394 1816 2470 1880 ῶς
2508 1814 2665 1880 ἄλλος
2717 1813 2894 1878 οὐδεὶς
2952 1815 3047 1869 ὲπὶ
3079 1815 3181 1885 τῆς
3208 1817 3350 1888 γῆς·
3379 1820 3459 1874 διό
3492 1838 3562 1892 με

1974 1913 2264 1984 οῖκτειρον.

2046 2005 2246 2061 Παθῶν
2269 2005 2628 2079 ὲκπλύνωμεν
2671 2009 3029 2082 ἀμαυρότητα
3076 2010 3432 2080 φωτιστικαῖς
3471 2008 3564 2062 εύ-

1974 2099 2119 2170 χαῖς,
2151 2098 2245 2152 καὶ
2278 2096 2488 2169 ἀρετῶν
2512 2098 2742 2162 κλάδους
2772 2101 3033 2172 φέροντες
3085 2099 3394 2171 ὑπαντῆσαι
3427 2099 3563 2171 Χρι-

1975 2189 2086 2260 στῷ
2116 2187 2560 2262 ὲπισπεύσωμεν,
2625 2191 2792 2264 πώλῳ
2825 2193 3266 2265 προσδοκωμένῳ
3311 2191 3409 2248 νῦν
3435 2194 3559 2247 ἑπι-

1974 2278 2239 2352 σήσεσθαι
2295 2283 2702 2357 ὲτοιμαζομένῳ
2733 2301 2794 2338 τε
2855 2283 3086 2350 παθεῖν,
3141 2283 3232 2339 διὰ
3273 2283 3335 2340 τὸ
3387 2282 3560 2338 σῶσαι

1971 2377 2140 2450 ἡμᾶς-

2060 2471 2156 2526 Ἐκ
2187 2470 2305 2538 σοῦ,
2331 2469 2576 2543 Παρθένε
2608 2470 2994 2542 θεοχαρίτωτε,
3045 2475 3159 2538 τοῖς
3194 2473 3253 2527 ὲν
3273 2472 3428 2527 νυκτὶ
3449 2471 3561 2528 Get-

1974 2565 2082 2620 νῶν
2113 2565 2551 2638 κεκρατημένοις
2599 2563 2876 2620 ἀνέτειλεν
2924 2567 2954 2620 ὁ
2982 2565 3160 2635 φωτὸς
3191 2566 3287 2621 καὶ
3335 2566 3562 2636 εἰρήνης

1972 2656 2211 2729 Χριστὸς
2263 2655 2499 2729 χορηγὸς
2533 2655 2633 2728 τὴν
2665 2653 2727 2720 ἐξ
2753 2653 3090 2726 ἀπροσεξίας
3140 2652 3282 2708 λύων
3316 2652 3564 2725 παράϐα-

1977 2769 2093 2819 σιν,
2152 2750 2248 2805 καὶ
2281 2749 2379 2822 τὴν
2429 2748 2812 2820 ἀπολύτρωσιν
2853 2747 2987 2817 ἡμῖν
3049 2745 3237 2817 σαφῶς
3277 2744 3561 2818 δωρούμε-

1974 2862 2083 2910 νος.

2323 2934 2719 3003 Στειρωθέντα
2741 2949 2860 3003 μου
2897 2932 3002 2987 τὸν
3028 2932 3203 2988 γοῦν.

355 3016 571 3076 Virtute
615 3019 799 3076 crucis
848 3030 957 3077 tua:
1005 3021 1204 3077 robora
1255 3029 1495 3076 mentem
1525 3033 1702 3074 meam
1750 3035 1871 3089 quae

2047 3028 2126 3099 Τῇ
2154 3027 2379 3098 δυνάμει
2407 3025 2503 3080 τοῦ
2528 3023 2766 3094 σταυροῦ
2816 3023 3140 3095 δυναμώσας
3169 3039 3270 3094 μου
3293 3022 3386 3076 τὸν
3413 3018 3563 3086 νοῦν,

281 3112 490 3168 viribus
520 3111 700 3170 deﬁcit
726 3113 1000 3185 perversis
1020 3111 1550 3185 oppugnationibus,
1583 3117 1638 3170 et
1668 3111 1737 3168 ad
1773 3129 1870 3168 vo-

283 3206 548 3262 luntatem
575 3214 723 3261 tuam
754 3205 950 3277 dirige,
981 3204 1229 3262 Domine.

303 3301 312 3334 ε
368 3299 600 3357 Desidiae
646 3313 842 3357 somno
901 3313 1068 3369 super
1144 3299 1485 3371 voluptatum
1541 3299 1684 3356 lecto
1743 3299 1872 3356 dor-

283 3394 544 3450 mientem
575 3408 665 3449 me
708 3392 934 3454 suscita,
982 3389 1225 3459 Christe,
1267 3397 1322 3447 et
1366 3400 1472 3447 tuae
1518 3391 1869 3449 adoratorem

283 3488 558 3559 passionis
585 3485 835 3544 ostende.

353 3580 501 3637 Clari
537 3583 590 3636 in
621 3578 912 3636 animabus
940 3573 1119 3632 eﬂ'ecti
1154 3591 1252 3648 per
1291 3575 1583 3647 jejunium,
1613 3577 1735 3655 puri
1771 3578 1872 3635 oh—

286 3673 426 3728 viam
451 3675 530 3730 ire
557 3671 783 3728 Christo
800 3683 1179 3742 properemus,
1194 3669 1284 3739 qui
1301 3667 1604 3727 Jerusalem
1632 3670 1688 3728 in
1705 3685 1871 3729 carne

285 3765 524 3823 advenit.

357 3858 558 3914 Malitia
611 3859 817 3917 inimici
859 3860 1042 3916 anima
1076 3859 1292 3918 occisus
1327 3860 1382 3916 in
1426 3860 1638 3928 tumulo
1685 3861 1871 3916 multae

287 3952 632 4025 negligentiae
658 3952 818 4026 jaceo
840 3969 856 4022 ;
882 3951 979 4012 sed
1008 3954 1282 4023 accelera,
1319 3953 1560 4026 Christe,
1597 3955 1665 4012 ad
1694 3954 1872 4012 susci-

287 4043 512 4100 tandum
541 4060 647 4102 me.

357 4135 579 4194 Minime
640 4143 928 4202 combusta
995 4151 1122 4223 igne
1162 4147 1490 4214 divinitatis,
1549 4143 1845 4216 purissima

288 4227 551 4286 combure
582 4235 891 4293 materiales
917 4242 1235 4311 cupidinum
1271 4241 1523 4311 impetus,
1553 4245 1616 4292 ut
1642 4245 1697 4294 te
1725 4251 1870 4294 sem-

288 4336 407 4393 per,
447 4319 631 4393 Virgo,
668 4326 992 4398 glorificent.

793 4424 897 4492 Qui
928 4429 984 4485 in
1008 4429 1138 4484 rubo
1165 4428 1364 4502 logei.

357 4511 444 4568 Ab
508 4512 703 4574 humili
768 4522 950 4574 anima
1007 4537 1125 4579 mea
1154 4524 1387 4594 lapidem
1415 4538 1624 4596 magna:
1649 4521 1873 4579 desidiae

291 4618 480 4660 amore
514 4607 903 4676 gravissimum
931 4626 1084 4680 erue,
1119 4613 1355 4682 Christe,
1394 4622 1450 4671 et
1479 4614 1659 4672 excita
1691 4627 1780 4670 me
1806 4611 1874 4668 de

293 4697 506 4752 tumulo
535 4699 995 4772 insensibilitatis,
1035 4707 1128 4779 qui
1147 4707 1258 4764 vita
1288 4723 1350 4764 es
1377 4707 1658 4763 omnium.

364 4786 446 4843 Ad
474 4784 738 4858 Iudaeam,
769 4791 1008 4862 Christe,
1040 4795 1236 4854 iterum
1269 4797 1424 4854 venis
1456 4803 1790 4867 quaerentem
1819 4802 1874 4852 te

292 4881 500 4952 lignum
527 4880 655 4936 vita
685 4898 780 4953 per
808 4884 1017 4956 lignum
1045 4887 1258 4954 tollere,
1284 4882 1607 4944 desiderans
1645 4885 1873 4943 immor-

295 4973 433 5029 tales
461 4971 689 5030 reddere
721 4976 939 5034 occisos
969 4977 1100 5050 ligni
1135 4978 1580 5037 manducatione.

365 5061 544 5119 Amici
610 5073 838 5122 mortem
895 5066 1007 5123 tuis
1056 5076 1241 5124 notam
1299 5066 1519 5134 fecisti;
1572 5082 1732 5139 quem
1780 5082 1876 5138 per

297 5155 508 5212 \iscera
557 5157 971 5225 misericordiae,
1018 5161 1284 5230 praescius
1331 5167 1388 5216 et
1424 5159 1592 5229 Deus,
1635 5163 1875 5218 suscita-

297 5258 455 5303 turus
497 5264 622 5306 eras
687 5251 880 5308 amicis
912 5251 1128 5308 tumulo
1159 5251 1581 5324 quatriduanum
1629 5255 1686 5310 in
1725 5261 1876 5309 tuam

297 5339 784 5413 glorificationem.

370 5431 425 5487 In
469 5441 542 5500 te,
588 5433 752 5506 Virgo
802 5450 966 5506 pura,
1015 5451 1142 5494 vere
1171 5447 1451 5509 spectatus
1481 5447 1566 5495 est
1609 5441 1877 5497 transitus

298 5519 392 5576 Dei
421 5523 519 5594 qui
547 5529 696 5580 tuam
725 5527 1029 5584 custodivit
1071 5529 1394 5600 puritatem,
1434 5531 1724 5590 ntauifeste
1754 5541 1877 5603 post

301 5619 516 5680 partum
546 5614 727 5687 sigillo
755 5617 1026 5693 signatam
1061 5621 1118 5679 in
1151 5623 1334 5681 omnia
1365 5626 1586 5682 saecula.

1976 3114 2366 3182 ἐξασθενοῦντα
2397 3114 2723 3184 προσϐολαῖς
2766 3115 3032 3186 πονηραῖς
3060 3112 3197 3186 πρὸς
3242 3110 3307 3166 τὸ
3350 3109 3566 3184 θέλημα

1971 3209 2033 3265 τδ
2058 3209 2149 3264 σὺν
2185 3208 2384 3277 ῖθυνον,
2407 3208 2605 3280 Κύριε.

2057 3301 2358 3375 Ῥᾳθυμίας
2373 3301 2672 3372 νυσταγμῷ
2693 3302 2784 3356 ἐπὶ
2800 3301 2989 3370 κλίνης
3012 3299 3217 3373 ἡδονῶν
3235 3297 3567 3354 καθεύδοπά

1975 3413 2045 3468 με
2077 3395 2458 3466 διανάστησον,
2491 3393 2718 3466 Χριστὲ,
2754 3394 2847 3447 καὶ
2877 3391 2987 3449 τῶν
3044 3392 3153 3448 σῶν
3178 3391 3567 3464 atpoquth

1974 3487 2162 3542 παθῶν
2192 3484 2491 3552 ἀνάδειξον.

2042 3577 2502 3651 Λαμπρυνθέντες
2557 3576 2658 3640 τάς
2683 3575 2862 3647 ψυχὰς
2911 3577 2980 3646 τῇ
3019 3574 3280 3647 νηστείᾳ,
3329 3572 3567 3646 καθαροὶ

1975 3670 2430 3745 προσυπαντῆσαι
2462 3668 2806 3740 ὲπειχθῶμεν
2834 3667 3057 3740 Χριστῷ
3078 3667 3216 3738 πρὸς
3245 3666 3343 3737 τὴν
3366 3668 3567 3738 Ἰερου-

1974 3763 2159 3835 σαλὴμ
2188 3761 2544 3834 ἐπιδημοῦντι
2575 3760 2763 3833 σαρκί.

2043 3855 2121 3928 Τῇ
2153 3853 2325 3927 κακίᾳ
2348 3852 2544 3926 ἐχθροῦ
2569 3854 2667 3924 τὴν
2719 3851 2898 3922 ψυχὴν
2936 3850 3273 3915 θανατωθεὶς
3300 3852 3360 3906 ὲν
3405 3851 3566 3922 τάφῳ

1973 3951 2159 4021 κεῖμαι
2199 3946 2460 4020 ἀμελείας
2495 3945 2697 4018 πολλῆς
2718 3961 2733 3977 ·
2769 3944 2908 4002 ἀλλά
2936 3945 3188 4018 τάχυνον,
3211 3945 3436 4016 Χριστὲ,
3470 3945 3565 4012 ἐξ-

1971 4040 2278 4112 αναστῆσαι
2312 4057 2400 4110 με.

2041 4133 2136 4205 Μὴ
2165 4132 2453 4204 φλεχθεῖσα
2482 4130 2566 4204 τῷ
2590 4131 2726 4204 πυρὶ
2751 4130 2851 4203 τῆς
2880 4129 3158 4202 θεότητος,
3189 4130 3353 4204 ἁγνὴ,
3385 4131 3563 4188 κατά-

1972 4224 2166 4298 φλεξον
2225 4241 2326 4296 μου
2373 4223 2474 4288 τὰς
2531 4223 2754 4288 ὑλώδεις
2801 4224 2990 4297 ὁρμὰς
3025 4223 3138 4279 τῶν
3175 4223 3390 4294 παθῶν,
3415 4224 3565 4289 ὅπως

1971 4317 2080 4385 ἀεὶ,
2114 4317 2291 4389 Κόρη,
2325 4315 2532 4382 δοξάζω
2566 4334 2650 4374 σε.

2402 4408 2514 4464 Τὸν
2541 4409 2614 4464 ἐν
2641 4409 2716 4480 τῇ
2728 4410 2901 4479 ,βάτῳ
2921 4407 3181 4480 Μωθσῆσ

2046 4501 2158 4573 Τῆς
2183 4499 2443 4571 ταπεινῆς
2470 4516 2572 4571 μου
2598 4500 2779 4573 ψυχῆς
2795 4502 2887 4555 τὸν
2918 4501 3221 4574 βαρύτατον
3271 4500 3438 4568 λίθον,
3459 4499 3564 4569 τῆς

1973 4593 2151 4664 δεινῆς
2178 4591 2452 4664 ῥᾳθυμίας
2483 4592 2841 4661 ἀποκύλισον,
2861 4594 3084 4664 Χριστὲ,
3109 4593 3207 4647 καὶ
3235 4591 3448 4665 ἔγειρόν
3494 4609 3564 4664 με

1974 4686 2145 4754 τάφου
2171 4684 2266 4739 τοῦ
2296 4685 2394 4757 τῆς
2415 4683 2796 4756 ἀναισθησίας,
2823 4687 2858 4757 ἠ
2885 4684 3000 4758 ζωὴ
3024 4684 3134 4739 τῶν
3158 4686 3436 4741 ἁπάντων.

2049 4776 2192 4850 Πρὸς
2233 4777 2519 4845 Ἰουδαίαν,
2541 4777 2767 4850 Χριστὲ,
2799 4776 2960 4831 πάλιν
2987 4775 3124 4848 ἔρχῃ
3151 4774 3422 4847 ζητοῦσαν
3463 4773 3565 4844 τῆς

1975 4869 2120 4941 ζωῆς
2147 4885 2207 4922 σε
2229 4868 2290 4922 τὸ
2316 4867 2473 4934 ξύλον
2492 4869 2581 4924 διά
2609 4867 2767 4933 ξύλου
2821 4867 3051 4935 ἀνελεῖν,
3085 4867 3264 4923 ποθῶν
3308 4864 3568 4922 ἀθανατίε

1978 4978 2068 5016 σαι
2097 4962 2220 5026 τοὺς
2247 4959 2725 5032 τεθανατωμένους
2754 4961 2821 5032 τῇ
2849 4959 2940 5014 διά
2972 4960 3129 5026 ξύλου
3171 4958 3393 5039 βρώσει.

2047 5054 2290 5110 Θάνατον
2325 5052 2480 5123 φίλου
2517 5055 2631 5117 τοῖς
2651 5055 2768 5117 σοῖς
2800 5053 3186 5124 προεδήλωσας
3214 5052 3419 5123 φίλοιςο
3474 5051 3565 5106 διά

1982 5144 2272 5217 σπλάγχνα
2302 5143 2489 5208 ἐλέους
2513 5145 2544 5198 ὁ
2567 5141 2928 5216 προγνὼστης
2956 5144 3050 5196 καὶ
3079 5141 3212 5206 Θεὸς
3251 5142 3314 5196 ὃν
3339 5139 3563 5212 ἔμελλες

1975 5236 2213 5308 ἐγείρειν
2238 5237 2304 5291 ὲκ
2331 5236 2503 5304 τάφου
2553 5235 2872 5307 τεταρταῖον
2895 5235 2976 5297 είς
3024 5232 3123 5305 σὴν
3157 5231 3485 5301 ὃοξολογίαν.

2063 5435 2150 5488 Ἐν
2177 5435 2282 5500 σοὶ,
2336 5433 2588 5508 Παρθένε
2633 5434 2796 5505 ἀγνη,
2849 5433 3220 5505 τεθεώρηνται
3255 5433 3426 5496 ὅντως
3468 5436 3562 5486 τοῦ

1981 5526 2117 5581 Θεοῦ
2173 5528 2231 5582 αί
2258 5531 2474 5600 πορεῖαι
2525 5527 2621 5582 τοῦ
2671 5525 3010 5598 φυλάξαντος
3042 5528 3140 5598 τὴν
3191 5526 3290 5596 σὴν
3344 5523 3566 5594 ἁγνείαν

1985 5618 2122 5688 μετὰ
2149 5621 2308 5676 τόκον
2337 5619 2784 5693 ἐσφραγισμένην
2831 5617 3019 5690 σαφῶς
3049 5620 3132 5683 είς
3173 5618 3381 5679 πάντας
3436 5614 3561 5671 τοξι-

1986 5712 2215 5779 αἰῶνας.
