3986 6236
399 270 539 336 3397

660 384 786 442 Τῶν
809 383 1080 456 γηγενῶν
1101 384 1194 452 τις
1216 382 1444 454 ἤκουσε
1465 385 1696 440 τοιοῦτο
1707 397 1732 450 ,'

470 478 530 534 '0
566 477 763 549 Δανιὴλ
787 479 1012 550 νηστείᾳ
1044 479 1428 549 πεφραγμένος
1459 475 1662 548 ἔφραζε
1718 473 1965 546 στόματα

387 571 607 645 θηρῶν·
632 570 820 626 τοῦτον
851 572 1113 644 ζηλοῦσα,
1145 570 1292 642 ψυχή
1352 587 1479 642 μου,
1521 568 1614 624 τὸν
1650 567 1965 641 ὠρυόμενον

387 668 640 739 καθάπερ
689 665 878 722 λέοντα
912 665 1055 735 ὅφιν,
1087 665 1182 719 καὶ
1235 663 1567 732 ἐκζητοῦντα
1622 660 1964 734 κατάϐρωμα

387 760 610 831 ποιῆσαι
653 758 838 813 πᾶσαν
889 757 1088 830 ψυχὴν,
1139 758 1207 827 τῇ
1258 755 1353 811 τοῦ
1405 751 1643 825 σταυροῦ
1675 751 1962 824 συμμαχίᾳ

385 850 703 916 ἀποδίωξον.

451 943 593 1014 Λόγε
619 941 890 1014 Θεοῦ,τὴν
913 937 1365 1009 τεθανατωμένην
1393 939 1513 1001 ταῖς
1530 933 1829 1007 ἁμαρτίαις
1855 949 1960 1005 μου

381 1035 583 1107 ψυχὴν,
613 1033 709 1089 καὶ
732 1033 1138 1104 καθειργμένην
1166 1032 1225 1084 ὲν
1250 1028 1406 1101 τάφῳ
1442 1029 1541 1100 τῆς
1571 1025 1958 1100 παραϐάσεως,

382 1123 719 1197 ζωοπαρόχφ
754 1140 847 1177 σου
876 1123 1021 1194 λόγῳ
1075 1118 1448 1189 ἐξαναστήσας
1491 1113 1820 1188 προσφέρειν
1873 1129 1956 1168 σοι

381 1217 510 1288 βαΐα
536 1217 644 1272 τῶν
665 1215 898 1288 ἀρετῶν,
930 1215 1006 1279 ὡς
1065 1213 1261 1284 νικητῇ
1297 1208 1391 1266 τοῦ
1426 1209 1658 1264 Θανάτου
1691 1205 1960 1272 καταξιω-

379 1324 491 1362 σον.

462 1401 521 1454 ⁸0
557 1398 784 1471 οὐρανὸν
813 1397 889 1463 ὡς
916 1397 1107 1471 θρόνον
1147 1394 1486 1468 κεκτημένος
1537 1392 1634 1448 καὶ
1663 1392 1956 1448 ὑποπόδιον

371 1492 472 1565 τὴν
509 1493 638 1564 γῆν,
665 1493 694 1546 ό
719 1489 814 1546 τοῦ
865 1490 1000 1544 Θεοῦ
1036 1489 1250 1560 Πατρὸς
1287 1489 1460 1558 Λόγος
1480 1527 1494 1550 ,
1527 1485 1690 1558 πώλῳ
1719 1485 1951 1558 ὀχούμε-

371 1599 481 1648 νος,
510 1583 602 1636 ἐπὶ
622 1581 721 1654 τὴν
757 1580 910 1636 πόλιν
937 1579 1248 1651 είσέρχεται
1271 1579 1371 1649 τὴν
1407 1576 1591 1645 ἁγίαν,
1642 1576 1708 1629 ὲκ
1744 1573 1955 1645 στόμα-

367 1690 461 1740 τος
487 1674 697 1747 νηπίων
733 1670 884 1730 αῑνον
905 1672 1139 1745 τερπνὸν
1166 1671 1243 1736 ὡς
1281 1669 1536 1741 βασιλεὺς
1564 1666 1675 1722 τῶν
1697 1666 1950 1722 ἁπάντων

366 1765 819 1838 καταρτίσασθαι.

444 1863 534 1916 Ἔν
561 1861 779 1932 γυναιξὶ
807 1861 870 1916 σὺ
909 1861 1047 1933 μόνη
1080 1858 1393 1932 ὡραιὼθης,
1450 1848 1495 1910 ὧ
1521 1851 1942 1927 ὑπερθαύμαστε

360 1954 522 2026 am,
551 1954 646 2009 τδν
674 1953 1008 2026 ὡραιότατον
1041 1952 1214 2020 Λόγον
1246 1947 1606 2017 ἀποκυήσασα
1655 1945 1746 1999 τον
1798 1944 1937 2017 ὑπὲρ

361 2049 568 2111 πάντας
598 2046 832 2116 φανέντα
867 2044 1090 2117 βροτοὺς
1117 2043 1318 2114 ὡραῖον
1339 2057 1354 2071 ⁸
1384 2038 1546 2093 αὑτὸν
1577 2031 1669 2092 οὖν
1699 2033 1938 2090 ἐκδυσώ-

360 2157 452 2193 πει
481 2138 544 2194 τὸ
586 2137 826 2209 εἰδεχθὲς
853 2135 1223 2207 καθωρατσαι,
1271 2132 1546 2206 Παρθένε,
1571 2130 1672 2200 τῆς
1713 2128 1936 2203 καρδίας

357 2247 484 2300 μου.

594 2319 714 2391 Τὴν
738 2319 907 2376 θείαν
936 2317 1242 2387 ἐννοήσας
1273 2333 1391 2372 σου
1421 2314 1700 2372 κένωσιν.

433 2415 642 2469 ’Δκτῖσι
672 2415 773 2485 τῆς
802 2411 955 2484 ὑμῶν
980 2410 1379 2483 παρακλήσεως
1401 2407 1843 2480 κατῳκισμένους
1872 2409 1930 2461 ἐν

353 2505 479 2575 σκιᾷ
507 2503 920 2576 ἁμαρτημάτων
950 2499 1223 2572 φωτίσατε
1248 2501 1375 2566 τοὺς
1407 2499 1932 2570 εὐσεῦιῖ’›ς,φιι›τοφόο⁹

351 2613 460 2670 pot,
481 2596 627 2667 ὑμᾶς
651 2595 855 2666 ἀνευφη
865 2593 1122 2665 μοῦντας,
1144 2593 1452 2648 ἀπόστολοι.

429 2685 676 2756 Ἀγάπην
698 2683 1011 2758 συμπαθείᾳ
1035 2683 1391 2750 συξεύξαντες
1438 2683 1575 2756 πρὸς
1604 2682 1814 2738 ἱκεσίαν
1848 2681 1928 2754 τῷ

345 2776 585 2850 Χριστῷ,
622 2778 825 2844 πιστοὶ,
855 2777 1137 2847 ἐκπέμψαι
1169 2775 1580 2846 σπουδάσωμεν,
1601 2775 1749 2840 ὅπως
1777 2774 1927 2847 ἡμᾶς

343 2869 626 2941 ἀναστήσῃ
659 2870 723 2924 ὲκ
747 2870 920 2937 τάφου
958 2869 1068 2924 τῶν
1096 2867 1341 2941 κρυφίων
1368 2867 1556 2923 παθῶν
1584 2868 1760 2939 ἡμῶν.

408 2961 594 3026 Φιλίας
627 2962 897 3033 σαρκικῆς
944 2961 1324 3034 ἀφειδήσωμεν
1354 2962 1404 3015 oi
1459 2960 1824 3033 νεκρωθὲντες
1852 2961 1920 3032 τῇ

1818 269 2080 331 TRlODl
2091 269 2201 330 ΗΜ
2209 317 2224 331 .

1996 389 2042 444 Δ
2336 385 2469 454 Qui:
2499 385 2805 441 mortalium
2836 383 2941 439 tale
2971 381 3097 454 quid
3127 379 3373 437 audivit?

3506 267 3652 332 3898

2137 478 2321 536 Daniel
2359 479 2571 550 jejunio
2609 479 2856 534 munitus
2899 475 3176 531 obturavit
3224 489 3322 530 ora
3378 475 3637 538 leonum;

2060 569 2214 626 illum
2267 571 2510 637 imitans,
2556 571 2740 626 anima
2788 585 2928 635 mea,
2975 553 3283 636 sérpenlem
3329 566 3636 636 rugientem

2061 663 2207 718 sicut
2235 662 2320 718 leo
2357 671 2411 718 et
2441 671 2780 735 quazrentem
2821 663 3088 718 devorare
3120 674 3339 716 omnem
3372 658 3634 720 animam,

2061 753 2243 809 crucis
2268 754 2471 810 auxilio
2507 754 2738 827 expelle.

2141 936 2376 994 Verbum
2409 937 2528 1005 Dei,
2559 939 2796 995 occisam
2823 936 3063 1007 peccatis
3099 951 3274 992 meam
3314 935 3554 990 animam
3581 940 3636 987 et

2059 1029 2113 1086 in
2142 1029 2395 1100 sepulcro
2439 1028 2892 1101 transgressionis
2930 1029 3269 1091 conclusam,
3320 1025 3490 1082 verbo
3538 1031 3636 1080 tuo

2057 1122 2224 1177 vitam
2279 1121 2557 1195 praebente
2606 1123 2834 1188 suscita,
2867 1131 2922 1177 et
2974 1122 3216 1192 proferre
3272 1120 3371 1177 tibi
3417 1119 3642 1192 palmas

2057 1215 2319 1272 virtutum
2360 1215 2509 1271 velut
2537 1214 2729 1270 mortis
2760 1214 2953 1269 victori
2980 1213 3223 1286 dignare.

2125 1399 2228 1468 Qui
2263 1401 2464 1456 coelum
2505 1408 2564 1455 ut
2605 1398 2868 1454 thronum
2926 1395 3174 1468 possidet
3214 1404 3270 1452 et
3325 1406 3525 1453 terram
3565 1405 3628 1452 ut

2055 1492 2376 1556 scabellum,
2409 1491 2507 1548 Dei
2545 1491 2728 1546 Patris
2763 1488 3024 1555 Verbum,
3056 1489 3202 1559 pullo
3229 1497 3421 1546 vectus
3458 1490 3512 1544 in
3548 1490 3630 1544 ci-

2055 1589 2278 1644 vitatem
2305 1586 2610 1658 ingreditur
2642 1592 2915 1650 sanctam,
2941 1585 3008 1638 ad
3031 1582 3416 1650 perﬁciendam
3439 1599 3506 1638 ex
3527 1597 3625 1638 ore

2055 1674 2343 1740 infantium
2373 1679 2592 1737 laudem
2621 1679 2944 1752 jucundam,
2975 1686 3037 1732 ut
3061 1693 3154 1734 rex
3193 1677 3460 1732 omnium.

2114 1868 2172 1925 in
2209 1866 2538 1924 mulieribus
2578 1871 2634 1920 tu
2666 1862 2784 1919 sola
2815 1864 3066 1934 speciosa
3104 1861 3247 1915 facta
3273 1877 3354 1927 es,
3384 1876 3418 1916 o
3447 1859 3622 1914 admi-

2043 1963 2372 2019 rabilissima
2418 1959 2584 2028 Virgo
2625 1971 2785 2027 pura,
2817 1970 2939 2026 quae
2967 1953 3432 2024 speciosissimum
3475 1952 3618 2007 Ver-

2041 2055 2168 2110 bum
2221 2051 2482 2123 peperisti
2529 2062 2698 2120 supra
2747 2061 2944 2101 omnes
3002 2044 3264 2099 mortales
3305 2043 3620 2117 speciosum

2035 2153 2427 2217 apparentem;
2488 2142 2640 2195 illum
2705 2139 2872 2209 igitur
2930 2138 3164 2195 obsecra
3243 2145 3303 2193 ut
3370 2136 3619 2193 deforme

2033 2237 2218 2295 cordis
2249 2236 2380 2302 mei,
2414 2232 2603 2304 Virgo,
2632 2231 2942 2301 speciosum
2977 2229 3190 2285 reddat.

2255 2326 2500 2381 Divinam
2529 2332 2674 2378 tuam
2698 2324 2936 2393 cogitans
2963 2321 3401 2376 exinanitionem.

2102 2417 2516 2477 Exhortationis
2537 2423 2734 2471 vestra:
2761 2415 2933 2470 radiis
2959 2415 3269 2470 illuminate
3298 2414 3614 2469 habitantes

2027 2514 2082 2569 in
2116 2512 2310 2568 umbra
2330 2517 2680 2584 peccatorum
2711 2507 2907 2579 quipic
2947 2523 3043 2563 vos
3074 2507 3374 2573 celebrant,
3400 2504 3614 2562 luciferi

2027 2605 2286 2677 apostoli.

2095 2696 2429 2752 Charitatem
2470 2690 2838 2765 compassioni
2875 2689 3272 2764 coniungentes
3294 2691 3361 2746 ad
3393 2691 3608 2760 suppli-

2024 2787 2256 2844 candum
2287 2785 2509 2840 Christo
2537 2785 2757 2841 mittere
2781 2798 3160 2855 properemus,
3183 2785 3392 2845 ﬁdeles.
3415 2792 3473 2838 ut
3506 2797 3610 2838 nos

2023 2881 2252 2938 suscitet
2285 2893 2315 2934 e
2351 2878 2564 2934 tumulo
2589 2876 3038 2934 absconditarum
3074 2875 3420 2945 cupidinum.

2091 2971 2401 3027 Amicitiam
2440 2970 2722 3026 carnalem
2766 2956 3312 3040 parvilaciamusﬁui
3339 2969 3392 3020 in
3422 2967 3608 3022 anima

342 3054 510 3126 ψυχῇ,
540 3053 634 3109 καὶ
661 3051 981 3125 προσφιλεῖς
1017 3051 1451 3124 χρηματίσωμεν
1476 3051 1571 3106 τοῦ
1601 3052 1917 3124 Λυτρωτοῦ,

2052 3063 2190 3120 ιροῑεί
2226 3076 2441 3127 sumus,
2469 3066 2524 3116 et
2547 3059 2713 3118 amici
2741 3060 3092 3115 nominemur
3118 3057 3524 3127 Redemptoris,
3550 3068 3611 3117 ut

339 3146 486 3211 ὅπως
515 3145 640 3220 ᾅδου
670 3146 906 3218 φρικτῆς
937 3147 1087 3218 ἡμᾶς
1110 3142 1454 3217 λυτρώσηται
1481 3144 1741 3215 κρίσεως.

411 3238 665 3312 Προέφης
684 3236 781 3293 τοῦ
811 3237 1061 3310 Λαζάρου
1084 3237 1183 3311 τὴν
1207 3237 1484 3309 κοίμησιν,
1503 3235 1562 3290 δν
1597 3235 1717 3307 μετ’
1742 3234 1923 3304 ὀλίγον

337 3331 592 3400 ἀνιστῶν,
623 3334 688 3386 ὲκ
720 3330 1062 3402 θηλαζόντων
1103 3330 1391 3402 προσδέξῃ,
1416 3329 1640 3400 Χριστὲ,
1660 3327 1923 3397 κλαδοφοο

342 3419 580 3490 ρούντων
607 3419 699 3475 τὸν
718 3416 887 3488 αῐνον,
911 3419 1006 3476 τοῦ
1032 3419 1238 3486 πάθους
1263 3435 1357 3474 σου
1383 3418 1481 3474 τοῦ
1505 3417 1650 3474 θείου
1683 3417 1752 3471 τὰ
1784 3415 1921 3488 σύμ-

336 3512 491 3570 ϐολα.

341 3625 346 3631 ·
413 3605 514 3660 Ἐκ
540 3602 636 3660 σοῦ
677 3605 740 3659 τὸ
771 3603 917 3660 θεῖον
967 3603 1114 3676 ὕδωρ
1149 3603 1447 3659 ἀνέϐλυσεν
1492 3601 1790 3665 ἀθανασίας
1821 3601 1918 3654 καὶ

333 3696 499 3766 ζωῆς,
529 3695 842 3767 Θεοκυῆτορ
879 3697 1213 3766 πανάμωμε,
1251 3688 1314 3749 οὗ
1337 3696 1387 3747 ot
1419 3693 1704 3764 γευόμενοι
1730 3691 1914 3762 δίψης,

334 3785 495 3858 am,
519 3785 898 3858 θανατηφόρου
925 3785 1303 3858 ρυσθήσονται.

337 3989 340 3994 -
799 3964 900 4020 zot
925 3964 1005 4032 τῷ
1039 3963 1417 4035 Παντουργῷ.

396 4055 558 4112 Λίθον
588 4056 680 4111 τὸν
711 4055 884 4131 βαρὺν
910 4059 976 4112 ἐκ
1008 4055 1118 4128 τῆς
1135 4057 1277 4129 ἐμῆς
1311 4054 1538 4128 καρδίας
1563 4054 1750 4127 διᾶραι
1779 4069 1912 4124 πρε-

329 4147 593 4203 σϐεύσατε
611 4148 704 4203 τὸν
721 4147 1325 4220 ’πανοικτίρ’μονα,λίθοι
1351 4147 1613 4217 φανέντες
1633 4145 1727 4201 τοῦ
1741 4145 1910 4218 ἀκρο-

327 4239 582 4311 γωνιαίου
605 4239 778 4308 λίθου,
803 4239 1059 4312 θεηγόροι
1088 4239 1376 4295 ἀπόστολοι
1398 4237 1626 4310 Κυρίου.

2023 3159 2091 3213 ah
2120 3155 2320 3212 inferni
2355 3153 2594 3218 terribili
2622 3151 2976 3208 damnatione
3006 3166 3108 3208 nos
3134 3152 3390 3207 redimat.

2090 3245 2400 3303 Praedixisti
2424 3244 2620 3300 Lazari
2644 3243 3057 3309 dormitionem,
3089 3259 3252 3315 quem
3287 3243 3451 3312 paulo
3479 3250 3605 3314 post

2021 3342 2328 3402 suscitans,
2373 3353 2439 3393 ex
2498 3352 2596 3394 ore
2654 3336 2970 3392 lactcntium
3021 3352 3202 3394 ramos
3263 3339 3601 3408 portantium

2020 3432 2259 3500 laudem,
2307 3429 2550 3497 Christe,
2595 3429 2874 3502 suscipis,
2927 3437 3036 3484 tua:
3087 3429 3286 3485 divinae
3326 3430 3604 3501 passionis

2018 3529 2195 3601 signa.

2089 3618 2166 3672 Ex
2200 3626 2252 3673 te
2282 3617 2470 3673 divina
2500 3615 2702 3672 scatuit
2727 3611 2874 3668 unda
2904 3609 3336 3667 immorlalitatis
3365 3617 3420 3664 et
3450 3607 3596 3673 vita),

2019 3707 2111 3764 Dei
2147 3705 2397 3762 Genitrix
2425 3721 2658 3777 prorsus
2688 3700 3216 3772 irreprehensibilis;
3243 3709 3296 3754 et
3321 3699 3471 3753 illam
3503 3699 3596 3769 qui

2017 3797 2363 3868 gustaverint
2396 3811 2426 3851 a
2456 3797 2547 3852 siti
2576 3794 2850 3861 lethifera,
2881 3807 3021 3863 pura
3051 3788 3242 3862 Virgo,
3276 3791 3595 3846 liberabun-

2013 3899 2126 3947 tur.

2451 3977 2569 4034 Tibi
2609 3975 2847 4032 omnium
2891 3973 3153 4030 Creatori.

2083 4068 2159 4126 Ut
2199 4083 2420 4141 gravem
2465 4069 2702 4140 lapidem
2739 4067 2809 4124 de
2840 4080 2963 4124 meo
2996 4065 3164 4120 corde
3193 4063 3350 4119 tollat
3388 4062 3596 4135 suppli-

2011 4167 2135 4217 cate
2189 4159 2819 4223 misericordissimum,
2869 4156 2964 4227 qui
3007 4154 3222 4224 lapides
3258 4154 3592 4224 apparuistis

2010 4246 2292 4319 angularia
2347 4244 2582 4318 lapidis,
2648 4244 2834 4300 divina
2871 4243 3162 4314 loquentes
3203 4241 3437 4311 apostoli
3479 4239 3592 4295 Do-

395 4423 674 4495 Ἀγωμεν,
707 4423 826 4488 τοῖς
854 4421 969 4487 σοῖς
987 4420 1393 4494 προανεφώνεις
1441 4419 1619 4489 φίλοις
1637 4435 1652 4452 ·
1683 4420 1712 4475 ό
1741 4418 1897 4490 φίλος
1925 4424 1926 4427 “

2070 4429 2297 4496 Eamus,
2327 4429 2440 4486 tuis
2471 4427 2764 4502 inquiebas
2797 4427 2995 4484 amicis
3015 4425 3270 4492 ;.amicus
3299 4439 3452 4478 meus
3483 4423 3590 4477 La-

321 4531 423 4588 μου
440 4515 684 4587 Λάζαρος
701 4513 803 4587 ἦδη
831 4514 1154 4585 κεκοίμηται
1172 4530 1188 4546 ο
1217 4511 1409 4569 τοῦτον
1437 4513 1690 4585 ἐγείρων,
1709 4511 1899 4584 ἐκτρί-

317 4606 403 4677 ψω
434 4607 530 4661 τοῦ
566 4606 801 4662 θανάτου
829 4606 929 4680 τὴν
981 4607 1333 4680 ὁλεθροτόκον
1382 4605 1585 4662 κακίαν
1629 4607 1710 4672 είς
1766 4606 1899 4661 αίῶ-

318 4715 439 4762 νας.

381 4792 556 4863 Πρᾶοι
573 4789 672 4862 τὴν
699 4789 877 4862 ψυχὴν
907 4791 1002 4845 καὶ
1031 4793 1274 4846 ταπεινοὶ
1301 4793 1400 4864 τὴν
1415 4789 1642 4862 γνώμην
1667 4791 1897 4862 γενόμε-

312 4895 392 4935 νοι
429 4880 632 4953 χάριτι,
667 4878 1056 4951 ὕποδεξώμεθα
1085 4881 1263 4950 πρᾶον
1295 4881 1388 4935 τὸν
1417 4881 1634 4936 πάντων
1665 4880 1896 4952 ἐρχόμε-

309 4988 398 5027 νον
419 4970 717 5043 Δεσπότην,
755 4971 856 5044 τὴν
893 4971 1216 5036 ἀλαζονείαν
1263 4970 1360 5026 τοῦ
1390 4970 1629 5044 πονηροῦ
1669 4971 1893 5042 συντρίο

305 5061 424 5133 ψαι.
1493 5111 1506 5119 ,

374 5151 566 5223 Πύλην
614 5167 674 5205 σε
707 5150 884 5220 φωτὸς
907 5151 1316 5223 πεφωτισμένος
1345 5151 1533 5222 βλέπει
1575 5153 1886 5224 προφήτης,

304 5243 644 5314 πανάμωμε·
686 5243 779 5296 τὸν
832 5241 1142 5314 φωτοδότην
1185 5244 1300 5316 γὰρ
1329 5244 1538 5308 τίκτεις
1592 5244 1889 5314 ἀφράστως

300 5337 435 5408 ἡμίν
464 5334 821 5408 ὁμοιωθέντα,
876 5333 938 5389 ὃν
967 5333 1358 5408 ὑπερυψοῦμεν
1395 5337 1477 5400 είς
1523 5336 1733 5402 πάντας
1759 5337 1889 5402 τοὺς

300 5424 525 5490 αἰῶνας.

836 5515 1064 5584 Ἡσαΐα,
1101 5517 1334 5586 χόρευε.

371 5605 488 5678 Τῆς
523 5604 707 5677 φιλίας
749 5605 910 5677 ῥῦσαί
940 5624 1010 5678 με
1037 5607 1132 5662 τοῦ
1151 5609 1351 5675 δολίου,
1382 5612 1628 5668 Δέσποτα
1651 5616 1879 5687 Χριστὲ,

301 5698 330 5754 δ
353 5697 537 5768 φίλους
568 5714 662 5753 σου
686 5697 809 5763 τοὺς
863 5699 1061 5770 σοφοὺς
1091 5697 1249 5769 λέξας
1309 5702 1554 5776 μαθητάς
1577 5721 1593 5739 ο
1654 5707 1755 5779 μεθ
1775 5702 1880 5765 ’ὧν

1999 4538 2162 4581 zarus
2187 4523 2299 4593 iam
2335 4522 2551 4593 sopitus
2591 4532 2676 4576 est
2696 4539 2721 4589 ;'
2745 4521 2901 4576 illum
2954 4518 3255 4582 suscitans,
3296 4522 3587 4572 conteram

1998 4617 2192 4676 mortis
2219 4617 2494 4675 exitialem
2535 4615 2802 4671 malitiam
2835 4616 2892 4671 in
2923 4613 3152 4670 saecula.

2068 4793 2229 4850 Miles
2259 4793 2427 4849 corde
2452 4799 2506 4848 et
2534 4771 2773 4850 humiles
2804 4802 2984 4849 mente
3021 4789 3148 4845 facti
3185 4805 3280 4860 per
3323 4787 3581 4860 gratiam,

1995 4884 2360 4955 suscipiamus
2413 4885 2598 4940 mitem
2655 4885 2904 4940 omnium
2937 4882 3238 4938 Dominum.
3258 4880 3578 4936 venientem

1993 4975 2060 5031 ad
2081 4975 2408 5047 iactantiam
2441 4976 2672 5048 maligni
2698 4974 3117 5032 conterendam.

2060 5157 2292 5214 Januam
2318 5158 2456 5216 lucis
2500 5167 2555 5216 te
2593 5160 2866 5232 conspicit
2893 5157 3237 5214 illuminatus
3277 5151 3566 5224 prOpheta,

1990 5249 2488 5319 irreprehensibilis
2535 5271 2550 5307 :
2596 5253 2740 5308 lucis
2813 5251 2963 5308 enim
3023 5247 3274 5302 datorem
3335 5259 3571 5317 generos

1988 5348 2341 5407 inelfabiliter
2383 5353 2543 5408 nobis
2582 5351 2794 5406 factum»
2840 5348 3099 5414 similem,
3150 5360 3312 5418 quem
3375 5359 3571 5415 super-

1987 5443 2296 5500 exaltemus
2336 5443 2393 5499 in
2426 5444 2612 5500 omnia
2639 5444 2864 5500 saecula.

2283 5602 2292 5612 _
2531 5535 2705 5600 Isaia,
2754 5532 3009 5602 tripudia.

2054 5626 2252 5684 Libera
2288 5642 2375 5684 me
2396 5627 2466 5683 ab
2497 5625 2742 5682 amicitia
2768 5625 2983 5687 dolosa.
3011 5621 3234 5679 Christe
3279 5621 3560 5695 Magister,

1985 5718 2078 5787 qui
2111 5717 2324 5777 amicos
2357 5725 2483 5776 tuos
2513 5715 2790 5788 sapientes
2814 5713 3032 5788 elegisti
3063 5712 3403 5786 discipulos;
3435 5714 3557 5782 qui-
