3986 6236
351 374 449 441 901

1693 367 1705 419 Γ
1725 348 2138 422 TRIODIUM.

3441 356 3587 422 3932

314 494 472 551 πόλιν
497 492 597 564 τὴν
621 488 782 560 άγίαν
809 485 906 542 καὶ
950 473 1108 558 χερσὶ
1137 479 1436 555 μιαιφόνων
1474 472 1691 546 άληθῶς
1723 487 1908 542 παραδ

2037 484 2258 534 .auctam
2293 486 2347 534 et
2377 478 2435 534 in
2481 486 2681 532 ntanus
2712 472 3120 532 homicidarum
3141 475 3278 530 'vere
3309 473 3498 530 tradar
3522 485 3586 530 ut

315 585 614 657 δοθήσομαι
637 580 855 652 σταυρῷ
876 573 1276 644 ἀποκτανθῆναι
1307 568 1490 642 σαρκί.
1540 573 1543 576 ’

383 654 629 731 Θανάτου
667 671 862 736 θέλων,
897 668 1058 738 Δόγε,
1121 662 1428 735 ἐξαρπάσαι
1467 658 1624 729 φίλον
1657 655 1750 710 τὸν
1783 654 1902 721 σὺν,

318 769 483 840 σαρκὶ⁵
511 764 889 834 θανωωθῆναι
919 761 988 815 δι’
1017 760 1168 831 ἡμᾶς
1189 752 1488 824 κατεπείγῃ
1520 747 1725 812 ἑκοντὶ,
1767 745 1906 802 ἀθα-

317 861 546 928 νατίζων
573 859 700 921 τοὺς
727 856 970 928 βροτοὺς,
1005 852 1133 923 μόνε
1161 850 1420 906 άθάνατε.
1888 853 1892 860 ’

387 951 524 1004 Βαῖα
551 947 904 1018 σωφροσύνης
921 941 1286 1012 ἐπισείσωμεν
1300 937 1380 1010 τῷ
1399 935 1638 1010 Χριστῷ,
1659 937 1718 989 ἐν
1737 929 1909 998 πώλῳ

321 1043 666 1116 μετριάζοντι
699 1039 885 1110 σαρκὶ,
944 1036 1040 1092 καὶ
1078 1033 1468 1106 προσείπωμεν
1503 1027 1656 1100 αὐτῷ
1687 1025 1782 1081 ἐπὶ
1835 1021 1901 1076 τὸ

320 1135 510 1199 πάθος·
557 1135 616 1186 ’0
643 1130 812 1186 ἐλθὼν
848 1125 1138 1198 εὐλογητὸς
1168 1119 1237 1190 εἶ,
1265 1123 1475 1192 Σωτήρ.

289 1353 296 1364 ι
384 1312 593 1384 Φρικτή
651 1327 744 1364 σου
783 1313 816 1381 ἡ
854 1307 1059 1380 λοχεία,
1119 1304 1352 1359 Θεοτόκε
1403 1299 1599 1369 Μῆτερ
1633 1291 1908 1364 Χριστοῦο.

317 1406 396 1459 διό
427 1422 486 1459 σε
519 1404 897 1475 μακαρίζομεν
920 1401 1128 1462 πιστῶς
1160 1396 1343 1468 γενεαὶ
1363 1393 1473 1447 τῶν
1494 1389 1722 1460 γενεῶν,
1754 1385 1908 1452 δοξο-

317 1496 604 1566 λογοῦντές
634 1512 714 1559 σε,
747 1492 906 1564 ἁγνὴ,
948 1494 1028 1556 εἰς
1055 1491 1182 1555 τοὺς
1216 1490 1435 1551 αἰῶνας.
1489 1487 1682 1559 Ἀμήν.

753 1673 1216 1739 Ἐ’πταπλασιως
1245 1671 1517 1742 κάμινον.

390 1767 526 1822 Τότε
565 1767 688 1838 ἐμοὶ
739 1764 1122 1836 γνωσθήσεσθε
1161 1764 1422 1835 μαθηταὶ,
1463 1763 1670 1832 Σῶτερ,
1699 1759 1908 1826 ἔλεξας,

319 1860 412 1915 ὅτε
470 1860 699 1914 ἐντολῶν
750 1857 1109 1928 ἐκπληρωταὶ
1163 1856 1460 1927 γενήσεσθε
1515 1855 1667 1926 ἐμῶν
1719 1853 1909 1924 ὥσπερ

321 1952 534 2023 ἔφησαο
569 1950 812 2005 ἐθελοντὶ
858 1950 1151 2020 ἐρχόμενος
1183 1947 1355 2009 πάθος
1392 1945 1531 2016 πρὸς
1578 1945 1812 2007 σεπτὸν,
1842 1945 1911 1998 δι’

321 2037 382 2102 οἱ
413 2041 679 2096 ἀπάθειαν
726 2041 834 2102 πᾶς
870 2056 948 2102 τις
982 2037 1268 2109 κομίσεται
1325 2033 1910 2106 κραυγάζων,Ἱερεῖς,

321 2137 421 2190 άνυ
431 2136 612 2206 μνεῖτε
621 2172 638 2188 .
1903 2182 1905 2184 .

395 2226 486 2280 Ἐν
525 2226 739 2288 ἑαυτοῖς
785 2223 1114 2278 ταπείνωσιν
1156 2222 1332 2294 ἀληθῆ
1370 2222 1779 2294 περιφέροντες,
1819 2223 1911 2275 τὸν

324 2317 730 2374 ταπεινωθέντα
753 2317 756 2320 ’
776 2318 843 2386 με
873 2315 1006 2370 Θεδν
1035 2315 1378 2387 μιμήσασθε,
1401 2317 1514 2378 τοῖς
1543 2314 1720 2383 φίλοις
1750 2314 1911 2386 ἐϐόη-

326 2427 446 2478 σας,
468 2412 658 2477 πάθος,
686 2409 906 2482 Χριστέ,
934 2408 1069 2476 πρὸς
1098 2407 1240 2462 θετον
1269 2407 1468 2478 μολών.
1500 2405 1563 2459 '0
1591 2407 1682 2462 οῦν
1709 2406 1914 2477 ὑψηλὸς

326 2503 494 2556 θέλων
530 2502 782 2572 γενέσθαι
799 2501 897 2555 καὶ
925 2501 1162 2571 πρῶτος,
1183 2499 1292 2554 τῶν
1319 2499 1538 2553 πάντων
1568 2497 1751 2562 δοῦλος
1769 2499 1913 2552 ἔστω

324 2597 390 2666 τῇ
421 2593 696 2666 προθέσει,
724 2594 1054 2666 κραυγάζων
1080 2607 1093 2622 ·
1131 2592 1278 2655 Λαὸς
1299 2589 1644 2662 θπερυψοῦτε
1669 2591 1908 2663 Χριστὸν

329 2690 408 2751 είς
427 2687 639 2751 πάντας
667 2687 793 2749 τοὺς
827 2685 1052 2750 αἰῶνας.
1421 2725 1424 2730 .

413 2778 610 2832 Ῥῦπον
638 2777 829 2832 παθῶν
845 2775 942 2831 τοῦ
972 2774 1223 2847 σώματος
1251 2774 1344 2828 καὶ
1370 2773 1566 2846 ψυχῆς,
1589 2775 1913 2845 ἐκκαθάρωο

333 2890 450 2946 μεν,
484 2871 579 2926 καὶ
612 2869 690 2941 τῷ
718 2869 942 2941 καθαρῷ
993 2867 1360 2938 ἀκολουθῆσαι
1395 2865 1744 2939 σπεύσωμεν,
1778 2867 1914 2939 πρὸς

329 2963 502 3026 πάθος
548 2959 819 3015 ἀπάθειαν
850 2958 1266 3030 παρασχόμενον
1313 2957 1448 3011 πᾶσι
1497 2955 1710 3027 βροτοῖς
1743 2957 1912 3012 σπεύ-

331 3055 474 3109 δοντι
505 3053 750 3124 Χριστῷ,
772 3045 817 3122 ᾧ
845 3051 1072 3123 μελῳδεῖ
1104 3051 1252 3105 πᾶσα
1273 3049 1469 3114 κτίσις,
1497 3052 1561 3104 Ol
1580 3051 1785 3118 παῖδες,
1821 3051 1914 3104 εὐ-

333 3147 563 3217 λογεῖτε.
1639 3203 1645 3205 _

407 3241 569 3293 ’Δνευ
591 3238 798 3293 ὠδίνων
828 3236 1058 3300 τέτοκας
1096 3237 1189 3290 τὸν
1246 3236 1344 3307 τὴν
1401 3235 1546 3290 Εῦαν
1605 3236 1911 3306 ῥυσάμενον

337 3333 401 3385 ἐκ
454 3330 564 3384 τῶν
616 3327 841 3396 ὀδυνῶν,
876 3321 958 3383 ,ὧν
992 3331 1152 3400 ἡδονῇ
1197 3327 1298 3398 τῆς
1329 3327 1588 3398 βρώσεως
1640 3323 1912 3381 κλαπετσα

333 3423 616 3494 ἐκέκτητο,
650 3421 964 3493 Θεοκυῆτορ
988 3422 1280 3476 Δέσποιναο
1337 3420 1396 3474 δν
1433 3420 1674 3476 ἐθελοντὶ
1697 3419 1831 3492 πρὸς
1855 3418 1915 3472 τὸ

338 3514 606 3584 μακάριον
661 3512 834 3576 πάθος
883 3513 1180 3584 ἐρχόμενον
1235 3513 1421 3584 ὁρῶσα
1445 3552 1461 3579 ,
1506 3512 1764 3567 ὀδυνᾶσαι
1819 3511 1916 3566 καὶ

337 3607 586 3680 μέλπεις,
604 3607 746 3663 Δαδν
776 3606 880 3659 ὑπὸ
908 3605 1164 3676 Χριστὸν,
1187 3623 1242 3658 κ.
1275 3621 1326 3658 τ.
1363 3606 1420 3658 λ.

667 3697 919 3764 Ἐξέστη
940 3699 1039 3752 ἐπὶ
1078 3697 1254 3752 τοῦτο
1284 3697 1560 3764 οὐρανός.

405 3791 629 3854 Ἰδόντες
648 3789 742 3844 τὸν
761 3790 1035 3860 ὁμαίμονα
1049 3789 1248 3858 Ἰωσὴφ
1270 3787 1407 3858 πρὸς
1430 3787 1657 3858 πατρὸς,
1674 3787 1914 3856 ἀδελφοὶ,

337 3885 665 3955 ἀφικόμενον
697 3882 878 3952 φθόνῳ
926 3879 1083 3950 δεινῷ
1129 3880 1317 3949 λάκκῳ
1367 3879 1731 3951 καταφέρουσι
1755 3920 1769 3942 ,
1824 3878 1920 3933 καὶ

343 3972 561 4046 μακρὰν
589 3968 963 4042 άπεμπολοῦσι
992 3968 1229 4039 φέροντα
1253 3966 1456 4031 πάθους
1485 3969 1585 4037 τὴν
1613 3965 1802 4020 εἰκόνα
1822 3964 1918 4024 τοῦ

340 4064 586 4130 ἀπαθοῦς
618 4061 856 4136 Χριστοῦ
887 4061 983 4115 τοῦ
1008 4060 1304 4133 βασιλέως,
1353 4059 1413 4113 ὃν
1450 4058 1697 4132 μαθητὴς
1731 4057 1921 4120 δολίως

341 4157 746 4230 ἀπεμπωλῆσαι
775 4155 1144 4227 ἐτοιμάζεται.

425 4254 598 4324 Ὡρῶν
647 4253 740 4308 καὶ
801 4252 1024 4324 ἡμερῶν
1062 4267 1121 4302 τε
1175 4246 1505 4320 Δημιουργέ,
1559 4240 1773 4315 ἀγνοεῖν
1822 4243 1921 4314 τὴν

345 4350 560 4422 ἡμέραν
619 4344 940 4420 προέφησας
974 4343 1074 4414 τῆς
1102 4343 1198 4396 τοῦ
1248 4343 1452 4404 παντὸς
1483 4339 1688 4409 κόσμου
1734 4351 1923 4390 συντεο

345 4443 495 4508 λείας
522 4441 634 4505 τοῖς
677 4439 978 4512 μαθητατςο
1007 4437 1165 4508 ὅρους
1201 4437 1336 4506 ἡμῖν
1377 4432 1660 4504 τιθέμενος
1708 4445 1924 4500 μετριο-

1895 588 1900 590 ·
2009 586 2173 628 cruce
2209 570 2431 626 oceidar
2458 569 2513 624 in
2543 583 2730 624 carne.

2081 662 2239 718 Morti
2269 663 2460 717 volens
2492 662 2708 718 auferre
2737 664 2974 719 amicum
3011 670 3196 727 tuum,
3229 658 3492 719 Verbum,
3527 657 3584 712 in

2009 769 2175 810 carne
2203 755 2379 810 occidi
2420 763 2642 826 propter
2685 771 2788 812 nos
2828 759 2974 812 ultro
3006 756 3265 818 festinas,
3301 752 3585 806 immorta-

2009 850 2090 905 les
2113 848 2325 904 faciens
2353 850 2634 912 mortales,
2669 852 2817 906 solus
2844 851 3194 905 immortalis.

2026 951 2032 960 '
2081 937 2288 992 Bamos
2336 941 2710 1008 temperantiae
2768 953 2934 1009 super
2983 937 3262 992 Christum
3313 933 3587 1002 agitemus

2009 1029 2099 1102 qui
2133 1030 2278 1100 pullo
2303 1030 2582 1086 modestus
2622 1032 2788 1086 estin
2824 1045 3011 1091 carne,
3045 1037 3099 1083 et
3152 1028 3304 1080 illum
3338 1027 3555 1091 alloqua
3585 1061 3589 1066 -

2010 1123 2261 1177 mur:ad
2314 1123 2628 1192 patiendum
2681 1123 2905 1180 veniens
2959 1121 3283 1177 benedictus
3324 1135 3405 1182 es,
3458 1117 3584 1170 Sal-

2011 1218 2187 1265 valor.

2029 1329 2032 1332 ο
2081 1301 2423 1357 Tremendus
2465 1311 2590 1356 tuus
2617 1308 2828 1371 portus,
2865 1300 3094 1370 Deipara
3128 1299 3299 1353 Mater
3325 1299 3531 1353 Christi
3567 1318 3586 1355 :

2010 1407 2180 1464 quare
2211 1402 2262 1447 te
2292 1395 2498 1448 beatam
2548 1393 2911 1462 praedicamus
2941 1391 3174 1444 ﬁdeliter
3205 1390 3588 1459 generationes

2011 1487 2446 1558 generationum,
2498 1485 2870 1557 gloriﬁcantes
2915 1492 2989 1550 te,
3057 1497 3215 1552 pura,
3258 1485 3314 1537 in
3364 1483 3584 1546 saecula,

2011 1577 2204 1634 Amen.

2029 1681 2032 1686 ’
2507 1672 2761 1741 Septuplo
2803 1670 3093 1740 fornacem.

2083 1764 2238 1819 Tunc
2297 1762 2402 1817 mei
2444 1761 2702 1830 discipuli
2759 1756 3192 1828 cognoscemini,
3273 1751 3589 1821 inquiebas,

2016 1853 2287 1915 Salvator,
2337 1850 2559 1921 quando
2590 1847 2846 1903 mandata
2895 1860 3012 1900 mea
3060 1841 3414 1912 impleveritis
3445 1841 3592 1896 sicut

2013 1947 2150 2011 dixi,
2190 1945 2500 2000 voluntarie
2547 1942 2774 1997 veniens
2817 1937 2888 1992 ad
2931 1935 3244 2007 passionem
3300 1933 3588 1988 venerabi-

2012 2042 2139 2106 lem,
2169 2055 2264 2110 per
2308 2052 2472 2107 quam
2521 2033 3018 2107 impassihilitatem
3074 2027 3254 2084 omnis
3289 2025 3591 2096 reportabit

2013 2134 2258 2188 clamans
2292 2149 2306 2185 :
2343 2127 2691 2192 Sacerdotes,
2723 2121 3050 2180 hencdicite.

2084 2224 2140 2279 In
2178 2223 2589 2291 vobismetipsis
2636 2235 2818 2274 veram
2871 2219 3232 2271 humilitatem
3298 2208 3580 2268 circumfe-

2012 2323 2199 2371 rentes
2231 2329 2317 2369 me
2343 2313 2514 2368 Deum
2556 2310 2900 2366 humiliatum
2936 2307 3254 2370 imitamini,
3289 2303 3584 2364 clamabas,

2014 2406 2252 2470 Christe,
2303 2405 2499 2459 amicis
2552 2403 2683 2469 tuis,
2727 2403 2794 2456 ad
2835 2401 3077 2455 divinam
3113 2396 3338 2453 veniens
3374 2393 3592 2465 βαεεὶοά

2015 2517 2136 2556 nem
2163 2516 2178 2564 ;
2215 2499 2306 2569 qui
2341 2498 2508 2568 igitur
2538 2495 2651 2552 vult
2676 2493 2930 2563 superior
2960 2507 3082 2547 esse
3116 2499 3169 2545 et
3201 2490 3434 2560 primus,
3465 2497 3592 2539 om-

2013 2595 2165 2650 nium
2197 2593 2397 2647 servus
2429 2587 2708 2660 preposito
2738 2585 2864 2649 θαι,
2889 2585 3136 2638 clamans
3170 2600 3186 2637 :
3222 2579 3468 2650 Populus
3493 2591 3590 2632 su-

1905 2711 1910 2716 ·
2015 2678 2720 2757 perexattateChrietumin
2753 2677 2936 2732 omnia
2966 2676 3202 2734 saecula,

2085 2776 2292 2834 Sordes
2325 2775 2688 2846 cupiditatum
2722 2769 2974 2839 corporis
3007 2778 3062 2823 et
3092 2767 3288 2820 anima:
3327 2758 3596 2818 emunde-

2015 2889 2140 2928 mus
2175 2882 2228 2927 et
2254 2884 2449 2940 purum
2505 2864 2660 2932 sequi
2718 2861 3043 2916 festinemus
3090 2857 3369 2912 Christum
3401 2867 3492 2920 qui
3526 2847 3596 2902 ad

2015 2965 2328 3036 passionem
2357 2959 2615 3013 omnibus
2661 2953 2994 3025 praebentem
3033 2947 3362 3003 mortalibus
3389 2944 3595 3010 impas-

2019 3056 2338 3112 si'bilitatem
2388 3049 2632 3110 festinat,
2680 3045 2770 3099 cui
2823 3040 3010 3114 psaliit
3065 3038 3246 3094 omnis
3295 3041 3550 3090 creatura
3577 3045 3600 3081 :-

1937 3158 1980 3218 C
2015 3151 2192 3214 Pueri,
2226 3145 2556 3201 henedicite.

2093 3243 2223 3297 Sine
2255 3245 2446 3308 partus
2488 3231 2774 3289 doloribus
2821 3228 3062 3301 genuisti
3092 3239 3214 3283 eum
3247 3222 3338 3292 qui
3371 3219 3537 3273 Evam
3567 3229 3598 3268 a

2021 3331 2308 3391 doloribus
2380 3326 2634 3383 liberavit
2696 3337 2838 3393 quos
2893 3320 3006 3376 eihi
3083 3317 3362 3385 voluptate
3419 3311 3598 3365 furata

2023 3429 2464 3496 comparaverat,
2515 3419 2746 3488 Deipara
2778 3414 3048 3475 Domina:
3094 3409 3248 3463 illum
3296 3400 3602 3457 voluntarie

2023 3521 2092 3576 ad
2148 3490 2365 3574 beatam
2436 3511 2750 3583 passionem
2803 3505 3116 3562 venientem
3177 3497 3393 3561 videns,
3449 3490 3601 3548 doles

2024 3621 2079 3671 et
2105 3611 2262 3666 canis
2289 3623 2306 3662 :
2343 3607 2580 3677 populus
2611 3602 2714 3658 sub
2743 3599 2987 3661 Christo,
3025 3603 3132 3652 etc.

2396 3693 2688 3764 Obstupuit
2729 3691 2914 3744 malum
2944 3700 3100 3753 super
3131 3684 3247 3736 hoc.

2027 3792 2034 3800 ’
2099 3792 2362 3848 Videntes
2417 3783 2892 3854 consanguineum
2949 3776 3151 3845 Joseph
3223 3787 3260 3826 as
3305 3777 3460 3841 patre
3536 3778 3638 3821 n.-

2025 3882 2293 3946 nientem,
2347 3877 2569 3938 fratres,
2623 3871 2834 3927 invidia
2889 3868 3062 3939 gravi,
3109 3867 3163 3920 in
3212 3863 3416 3919 fossam
3443 3856 3602 3914 delos

2027 3978 2159 4026 runt
2183 3979 2236 4025 et
2265 3966 2458 4038 procul
2485 3963 2731 4020 vendunt
2765 3960 3028 4015 terentem
3053 3956 3346 4026 imaginem
3381 3947 3613 4017 pttssiov-~

2023 4063 2116 4117 nis
2141 4055 2501 4129 impassibilis
2527 4053 2736 4110 Christi
2779 4051 2944 4123 regis,
2981 4064 3140 4121 quem
3168 4043 3476 4116 discipulus
3505 4039 3612 4096 do-

1909 4189 1911 4192 ‹
2027 4155 2146 4211 lose
2183 4151 2426 4207 vendere
2447 4156 2626 4220 parat.
2682 4191 2684 4194 ,

2099 4244 2433 4312 Temporum
2484 4240 2810 4308 dierumque
2851 4231 3135 4296 Conditor,
3195 4226 3377 4284 dixisti
3434 4223 3606 4280 disci-.-

2029 4336 2176 4409 pulis
2213 4341 2267 4389 te
2307 4332 2522 4388 nescire
2555 4329 2700 4386 diem
2727 4323 2916 4381 mundi
2958 4320 3200 4378 universi
3255 4327 3608 4373 consumma.

2025 4405 2204 4484 tionis
2247 4443 2262 4480 :
2304 4426 2517 4480 limites
2561 4419 2918 4477 constituens
2966 4413 3128 4470 nobis
3182 4405 3614 4468 moderationis,

349 4495 641 4607 φροσύνης,
666 4495 992 4600 λόγέθεόῦ,
1033 4495 1100 4580 δι’
1134 4495 1202 4598 ἧς
1224 4495 1629 4595 ’άνυψωθέντεῆ
1664 4495 1761 4574 τοῦ
1789 4495 1915 4572 πλά-

2037 4520 2272 4577 Verbum
2331 4516 2449 4581 Dei,
2499 4529 2595 4585 per
2634 4525 2801 4583 quam
2848 4504 3106 4570 exaltati,
3133 4499 3445 4559 seductoris
3485 4495 3610 4554 eice

348 4645 438 4681 νου
473 4626 569 4690 τάς
596 4625 852 4696 ἐπάρσεις
886 4624 950 4693 σῇ
991 4619 1276 4689 δυναστεία
1311 4614 1674 4686 ταπεινοῦμεν
1709 4612 1815 4667 ἀεὶ.

419 4714 832 4786 Σιαυρώσωμεν
882 4712 952 4766 τὰ
989 4711 1123 4783 μέλη
1185 4711 1254 4764 δι’
1293 4707 1527 4779 ἀληθοῦς
1574 4703 1923 4777 ἐγκρατείας,

352 4804 571 4875 Χριστῷ
602 4800 1096 4873 συσταυρούμενοι,
1141 4799 1240 4852 καὶ
1293 4797 1501 4870 ἡδονῶν
1555 4795 1816 4864 φύγωμεν
1864 4793 1927 4846 τὸ

355 4899 520 4970 βάρος
551 4896 612 4951 τδ
644 4893 924 4965 δυσαχθές,
961 4893 1054 4946 καὶ
1081 4890 1314 4946 ἐντολῶν
1348 4887 1631 4959 γινώμεθα
1648 4885 1808 4941 θείων
1833 4883 1927 4939 τοῦ

351 4989 604 5059 Σωτῆρος
646 4985 1012 5056 ἐκπληρωταὶ,
1056 4983 1144 5036 ἵνα
1174 4984 1231 5037 ἐν
1252 4984 1318 5053 τῇ
1382 4979 1649 5052 μελλούσῃ
1672 4979 1774 5049 τῆς
1804 4977 1930 5053 κρί-

355 5095 492 5142 σεως
521 5079 736 5149 ἡμέρᾳ,
764 5076 863 5146 τῆς
897 5073 1278 5145 κακακρίσεως
1311 5070 1666 5141 ρυσθείημεν.
1799 5135 1802 5138 γ
1879 5067 1882 5072 ’

429 5172 532 5225 Ἢν
560 5168 727 5224 πάλαι
769 5165 1087 5238 κατηράσω,
1122 5164 1282 5234 Λόγε,
1317 5161 1488 5231 συκῆν
1517 5158 1795 5233 ἁμαρτίας
1837 5159 1939 5231 δη-

355 5261 551 5316 λοῦσαν
574 5261 636 5314 τδ
661 5260 923 5330 ἄκαρπον.
1424 5250 1427 5251 ν

717 5351 822 5405 Ἐν
839 5347 1010 5415 ,βυθῷ
1037 5345 1416 5416 κατέστρωσέ
1446 5360 1609 5398 ποτε.

429 5442 780 5504 Συνελθόντες
807 5441 959 5496 δεῦτε
987 5429 1310 5510 τῷ’Χριστῷ
1349 5437 1550 5500 πάντες
1601 5433 1935 5490 συνανέλθω⁸

364 5549 487 5604 μιν,
511 5531 620 5586 τῶν
649 5531 874 5584 Ἐλαιῶν
901 5531 994 5584 ἐπὶ
1029 5531 1103 5584 τοι
1127 5530 1252 5599 δρος
1287 5528 1551 5598 σήμερον,
1578 5526 1740 5579 κάκεῖ
1769 5525 1934 5578 ἀκου-

366 5623 574 5696 σόμεθα
598 5619 689 5678 οἶα
711 5623 1005 5692 φθέγγεται
1055 5625 1168 5686 τοῖς
1218 5621 1380 5675 αὐτὸν
1416 5619 1758 5689 άγαπήσασι,
1807 5612 1936 5688 περὶ

363 5714 464 5787 τῆς
487 5713 742 5785 δευτέρας
781 5713 1002 5777 τούτους
1036 5713 1366 5767 ἐκδιδάσκων
1400 5709 1762 5773 ἐπελεύσεως.

435 5806 526 5862 Ἐν
549 5804 714 5877 ἐλαίῳ
751 5806 927 5877 εργων
964 5804 1185 5874 ἀγαθῶν
1214 5803 1411 5867 πάντες
1442 5800 1819 5872 ἑτοιμάσωμεν
1841 5799 1938 5863 τὰς

2029 4616 2283 4673 τιηὶοῆοε
2309 4623 2402 4668 tua
2433 4607 2677 4681 potentia
2713 4618 2929 4673 semper
2959 4599 3344 4656 humiliamus.

2029 4731 2034 4735 ·
2099 4705 2503 4776 Crucitigamus
2543 4697 2786 4755 membra
2829 4709 2924 4766 per
2950 4706 3134 4748 veram
3182 4681 3613 4748 continentiam,

2034 4798 2277 4861 Christo,
2317 4775 2540 4850 conﬁxe
2583 4790 2758 4855 cruci,
2821 4795 2876 4842 et
2943 4785 3285 4854 voluptatum
3335 4775 3611 4848 fugiamus

2036 4890 2252 4962 pondus
2287 4885 2695 4957 gravissimum,
2735 4878 3101 4947 mandataque
3135 4872 3322 4962 divina
3362 4868 3610 4962 Salvato-

2035 4955 2116 5036 τίς
2149 4955 2566 5048 adimpleamus,
2589 4983 2652 5030 ut
2677 4973 2733 5027 in
2781 4979 3011 5026 ventura
3060 4963 3253 5034 iudicii
3280 4961 3368 5016 die
3397 4972 3435 5012 a-
3457 4955 3615 5010 dam-

2032 5071 2262 5126 natione
2292 5068 2610 5128 liberemus,
3057 5080 3060 5082 τ

2109 5160 2226 5228 Qua
2269 5159 2398 5212 olim
2453 5154 2808 5219 maledixisti,
2866 5150 3122 5214 Verbum,
3177 5144 3310 5200 deus
3359 5137 3611 5196 arborem

2037 5251 2251 5321 peccati
2284 5248 2636 5306 sterilitatem
2665 5241 3071 5300 ostendentem.

2331 5340 2399 5395 In
2427 5339 2695 5410 profundo
2721 5332 2987 5406 quondam
3018 5322 3326 5397 prostravit.

2117 5407 2533 5489 Convenientes
2577 5428 2667 5481 hic
2725 5438 2846 5479 cum
2904 5418 3126 5476 Christo
3195 5426 3387 5468 onmes
3449 5407 3614 5466 simul

2043 5528 2409 5582 ascendamus
2463 5523 2522 5576 in
2571 5525 2809 5574 montem
2867 5509 3151 5566 Olivarum
3199 5503 3382 5566 hodie,
3431 5500 3616 5569 ibique

2039 5617 2336 5676 audiemus
2366 5612 2550 5683 qualia
2573 5607 2816 5678 loquitur
2843 5603 3022 5673 ipsum
3053 5595 3393 5661 amantibus,
3427 5607 3618 5648 secun-

2043 5709 2172 5764 dum
2198 5708 2491 5762 adventum
2521 5717 2614 5757 cos
2646 5698 2906 5754 edocens.

2115 5803 2176 5856 in
2206 5799 2329 5856 oleo
2379 5799 2650 5854 bonorum
2695 5798 2924 5863 operum
2957 5795 3151 5842 omnes
3193 5793 3449 5855 paremus
3499 5775 3614 5846 api-
