  <div class='ocr_page' id='page_1' title='image "/cluster/home/n/w/nwhite01/storage/ocr_20150623/87 pt.3 1965/mdp.39015012172931/593.png"; bbox 0 0 3986 6236; ppageno 0'>
   <div class='ocr_carea' id='block_1_1' title="bbox 462 350 608 417">
    <p class='ocr_par' dir='ltr' id='par_1_1' title="bbox 462 350 608 417">
     <span class='ocr_line' id='line_1_1' title="bbox 462 350 608 417; baseline -0.014 0"><span class='ocrx_word' id='word_1_1' title='bbox 462 350 608 417; x_wconf 75' lang='grc'>3903</span> 
     </span>
    </p>
   </div>
   <div class='ocr_carea' id='block_1_2' title="bbox 1295 344 2803 414">
    <p class='ocr_par' dir='ltr' id='par_1_2' title="bbox 1295 344 2803 414">
     <span class='ocr_line' id='line_1_2' title="bbox 1295 344 2803 414; baseline -0.005 -2"><span class='ocrx_word' id='word_1_2' title='bbox 1295 353 1356 412; x_wconf 85' lang='grc'><strong>8.</strong></span> <span class='ocrx_word' id='word_1_3' title='bbox 1396 351 1816 414; x_wconf 83' lang='lat' dir='ltr'><strong>SOPHRONII</strong></span> <span class='ocrx_word' id='word_1_4' title='bbox 1857 347 2363 412; x_wconf 77' lang='lat' dir='ltr'><strong>PATRIARCILE</strong></span> <span class='ocrx_word' id='word_1_5' title='bbox 2393 344 2803 409; x_wconf 81' lang='lat' dir='ltr'><strong>HIEROSOL.</strong></span> 
     </span>
    </p>
   </div>
   <div class='ocr_carea' id='block_1_3' title="bbox 3600 327 3740 394">
    <p class='ocr_par' dir='ltr' id='par_1_3' title="bbox 3600 327 3740 394">
     <span class='ocr_line' id='line_1_3' title="bbox 3600 327 3740 394; baseline -0.014 0"><span class='ocrx_word' id='word_1_6' title='bbox 3600 327 3740 394; x_wconf 74' lang='lat' dir='ltr'><strong>39M</strong></span> 
     </span>
    </p>
   </div>
   <div class='ocr_carea' id='block_1_4' title="bbox 459 444 2060 533">
    <p class='ocr_par' dir='ltr' id='par_1_4' title="bbox 459 459 2038 533">
     <span class='ocr_line' id='line_1_4' title="bbox 459 459 2038 533; baseline -0.002 -14"><span class='ocrx_word' id='word_1_7' title='bbox 459 461 654 519; x_wconf 85' lang='lat' dir='ltr'><strong>ritales</strong></span> <span class='ocrx_word' id='word_1_8' title='bbox 701 459 1016 532; x_wconf 72' lang='lat' dir='ltr'><strong>lampades;</strong></span> <span class='ocrx_word' id='word_1_9' title='bbox 1065 473 1304 532; x_wconf 85' lang='lat' dir='ltr'><strong>sponsus</strong></span> <span class='ocrx_word' id='word_1_10' title='bbox 1339 463 1486 517; x_wconf 87' lang='lat' dir='ltr'><strong>enim</strong></span> <span class='ocrx_word' id='word_1_11' title='bbox 1535 463 1720 518; x_wconf 86' lang='lat' dir='ltr'><strong>subito</strong></span> <span class='ocrx_word' id='word_1_12' title='bbox 1774 475 2038 533; x_wconf 68' lang='lat' dir='ltr'><strong>superveo</strong></span> 
     </span>
    </p>
   </div>
   <div class='ocr_carea' id='block_1_5' title="bbox 2165 444 3740 533">
    <p class='ocr_par' dir='ltr' id='par_1_5' title="bbox 2165 444 3740 529">
     <span class='ocr_line' id='line_1_5' title="bbox 2165 444 3740 529; baseline -0.013 -16"><span class='ocrx_word' id='word_1_13' title='bbox 2165 458 2376 529; x_wconf 77' lang='grc' dir='ltr'>ιυχικάς</span> <span class='ocrx_word' id='word_1_14' title='bbox 2414 455 2740 528; x_wconf 79' lang='grc' dir='ltr'>λαμπάδαςο</span> <span class='ocrx_word' id='word_1_15' title='bbox 2772 450 3055 524; x_wconf 81' lang='grc' dir='ltr'>δνυμφίος</span> <span class='ocrx_word' id='word_1_16' title='bbox 3081 450 3192 522; x_wconf 78' lang='grc' dir='ltr'><strong>γάρ</strong></span> <span class='ocrx_word' id='word_1_17' title='bbox 3218 446 3481 516; x_wconf 70' lang='grc' dir='ltr'>ἐξαίφνης</span> <span class='ocrx_word' id='word_1_18' title='bbox 3514 444 3740 512; x_wconf 65' lang='grc' dir='ltr'>ἐφίστω</span> 
     </span>
    </p>
   </div>
   <div class='ocr_carea' id='block_1_6' title="bbox 459 554 2037 626">
    <p class='ocr_par' dir='ltr' id='par_1_6' title="bbox 459 554 2037 626">
     <span class='ocr_line' id='line_1_6' title="bbox 459 554 2037 626; baseline -0.001 -15"><span class='ocrx_word' id='word_1_19' title='bbox 459 557 576 622; x_wconf 87' lang='lat' dir='ltr'><strong>nit;</strong></span> <span class='ocrx_word' id='word_1_20' title='bbox 640 570 708 610; x_wconf 89' lang='lat' dir='ltr'><strong>ne</strong></span> <span class='ocrx_word' id='word_1_21' title='bbox 757 554 1012 623; x_wconf 73' lang='lat' dir='ltr'><strong>imparati</strong></span> <span class='ocrx_word' id='word_1_22' title='bbox 1070 556 1411 625; x_wconf 88' lang='lat' dir='ltr'><strong>reperiamur</strong></span> <span class='ocrx_word' id='word_1_23' title='bbox 1485 554 1693 611; x_wconf 77' lang='lat' dir='ltr'><strong>frustra</strong></span> <span class='ocrx_word' id='word_1_24' title='bbox 1751 556 2037 626; x_wconf 72' lang='lat' dir='ltr'><strong>pulsantes</strong></span> 
     </span>
    </p>
   </div>
   <div class='ocr_carea' id='block_1_7' title="bbox 455 644 1677 716">
    <p class='ocr_par' dir='ltr' id='par_1_7' title="bbox 455 644 1677 716">
     <span class='ocr_line' id='line_1_7' title="bbox 455 644 1677 716; baseline 0.002 -18"><span class='ocrx_word' id='word_1_25' title='bbox 455 646 706 716; x_wconf 85' lang='lat' dir='ltr'><strong>januam,</strong></span> <span class='ocrx_word' id='word_1_26' title='bbox 738 660 848 700; x_wconf 91' lang='lat' dir='ltr'><strong>non</strong></span> <span class='ocrx_word' id='word_1_27' title='bbox 879 644 1030 714; x_wconf 80' lang='lat' dir='ltr'><strong>digni</strong></span> <span class='ocrx_word' id='word_1_28' title='bbox 1062 644 1233 700; x_wconf 84' lang='lat' dir='ltr'><strong>habiti</strong></span> <span class='ocrx_word' id='word_1_29' title='bbox 1267 646 1677 715; x_wconf 88' lang='lat' dir='ltr'><strong>compasslone.</strong></span> 
     </span>
    </p>
   </div>
   <div class='ocr_carea' id='block_1_8' title="bbox 531 734 2035 807">
    <p class='ocr_par' dir='ltr' id='par_1_8' title="bbox 531 734 2035 807">
     <span class='ocr_line' id='line_1_8' title="bbox 531 734 2035 807; baseline -0.001 -18"><span class='ocrx_word' id='word_1_30' title='bbox 531 735 858 790; x_wconf 62' lang='lat' dir='ltr'><strong>Praecedunt</strong></span> <span class='ocrx_word' id='word_1_31' title='bbox 898 736 1156 807; x_wconf 84' lang='lat' dir='ltr'><strong>discipuli</strong></span> <span class='ocrx_word' id='word_1_32' title='bbox 1185 737 1286 800; x_wconf 89' lang='lat' dir='ltr'><strong>tui,</strong></span> <span class='ocrx_word' id='word_1_33' title='bbox 1336 735 1404 806; x_wconf 75' lang='lat' dir='ltr'><strong>ad</strong></span> <span class='ocrx_word' id='word_1_34' title='bbox 1438 737 1748 806; x_wconf 81' lang='lat' dir='ltr'><strong>passionem</strong></span> <span class='ocrx_word' id='word_1_35' title='bbox 1777 734 2035 791; x_wconf 88' lang='lat' dir='ltr'><strong>volunta-</strong></span> 
     </span>
    </p>
   </div>
   <div class='ocr_carea' id='block_1_9' title="bbox 461 826 2041 894">
    <p class='ocr_par' dir='ltr' id='par_1_9' title="bbox 461 826 2041 894">
     <span class='ocr_line' id='line_1_9' title="bbox 461 826 2041 894; baseline 0.001 -14"><span class='ocrx_word' id='word_1_36' title='bbox 461 827 600 881; x_wconf 85' lang='lat' dir='ltr'><strong>riam</strong></span> <span class='ocrx_word' id='word_1_37' title='bbox 629 836 683 882; x_wconf 90' lang='lat' dir='ltr'><strong>te</strong></span> <span class='ocrx_word' id='word_1_38' title='bbox 709 827 1058 885; x_wconf 71' lang='lat' dir='ltr'><strong>festinantem</strong></span> <span class='ocrx_word' id='word_1_39' title='bbox 1105 830 1375 893; x_wconf 87' lang='lat' dir='ltr'><strong>videntes,</strong></span> <span class='ocrx_word' id='word_1_40' title='bbox 1413 827 1650 884; x_wconf 81' lang='lat' dir='ltr'><strong>Verbum</strong></span> <span class='ocrx_word' id='word_1_41' title='bbox 1697 826 1833 894; x_wconf 90' lang='lat' dir='ltr'><strong>Dei;</strong></span> <span class='ocrx_word' id='word_1_42' title='bbox 1864 826 2041 884; x_wconf 71' lang='lat' dir='ltr'><strong>ludas</strong></span> 
     </span>
    </p>
   </div>
   <div class='ocr_carea' id='block_1_10' title="bbox 460 917 2035 990">
    <p class='ocr_par' dir='ltr' id='par_1_10' title="bbox 460 917 2035 990">
     <span class='ocr_line' id='line_1_10' title="bbox 460 917 2035 990; baseline 0 -18"><span class='ocrx_word' id='word_1_43' title='bbox 460 918 701 988; x_wconf 79' lang='lat' dir='ltr'><strong>perﬁdus</strong></span> <span class='ocrx_word' id='word_1_44' title='bbox 737 930 894 990; x_wconf 87' lang='lat' dir='ltr'><strong>parat</strong></span> <span class='ocrx_word' id='word_1_45' title='bbox 943 920 1150 990; x_wconf 86' lang='lat' dir='ltr'><strong>iniquis</strong></span> <span class='ocrx_word' id='word_1_46' title='bbox 1194 920 1424 990; x_wconf 89' lang='lat' dir='ltr'><strong>prodere</strong></span> <span class='ocrx_word' id='word_1_47' title='bbox 1445 931 1498 974; x_wconf 81' lang='lat' dir='ltr'><strong>te</strong></span> <span class='ocrx_word' id='word_1_48' title='bbox 1540 934 1570 974; x_wconf 92' lang='lat' dir='ltr'><strong>a</strong></span> <span class='ocrx_word' id='word_1_49' title='bbox 1609 919 1770 990; x_wconf 84' lang='lat' dir='ltr'><strong>cujus</strong></span> <span class='ocrx_word' id='word_1_50' title='bbox 1795 917 2035 975; x_wconf 83' lang='lat' dir='ltr'><strong>amentia</strong></span> 
     </span>
    </p>
   </div>
   <div class='ocr_carea' id='block_1_11' title="bbox 460 1012 1373 1070">
    <p class='ocr_par' dir='ltr' id='par_1_11' title="bbox 460 1012 1373 1070">
     <span class='ocr_line' id='line_1_11' title="bbox 460 1012 1373 1070; baseline 0.003 -4"><span class='ocrx_word' id='word_1_51' title='bbox 460 1019 516 1066; x_wconf 87' lang='lat' dir='ltr'><strong>et</strong></span> <span class='ocrx_word' id='word_1_52' title='bbox 543 1012 906 1068; x_wconf 89' lang='lat' dir='ltr'><strong>obduratione</strong></span> <span class='ocrx_word' id='word_1_53' title='bbox 936 1029 1126 1070; x_wconf 87' lang='lat' dir='ltr'><strong>onmes</strong></span> <span class='ocrx_word' id='word_1_54' title='bbox 1157 1028 1373 1069; x_wconf 88' lang='lat' dir='ltr'><strong>amove.</strong></span> 
     </span>
    </p>
   </div>
   <div class='ocr_carea' id='block_1_12' title="bbox 533 1099 2029 1173">
    <p class='ocr_par' dir='ltr' id='par_1_12' title="bbox 533 1099 2029 1173">
     <span class='ocr_line' id='line_1_12' title="bbox 533 1099 2029 1173; baseline -0.001 -19"><span class='ocrx_word' id='word_1_55' title='bbox 533 1100 732 1157; x_wconf 87' lang='lat' dir='ltr'><strong>Filium</strong></span> <span class='ocrx_word' id='word_1_56' title='bbox 766 1113 820 1158; x_wconf 91' lang='lat' dir='ltr'><strong>et</strong></span> <span class='ocrx_word' id='word_1_57' title='bbox 849 1100 1088 1158; x_wconf 77' lang='lat' dir='ltr'><strong>Verbum</strong></span> <span class='ocrx_word' id='word_1_58' title='bbox 1119 1103 1297 1158; x_wconf 79' lang='lat' dir='ltr'><strong>Patris</strong></span> <span class='ocrx_word' id='word_1_59' title='bbox 1345 1118 1506 1173; x_wconf 86' lang='lat' dir='ltr'><strong>quem</strong></span> <span class='ocrx_word' id='word_1_60' title='bbox 1542 1116 1773 1170; x_wconf 83' lang='lat' dir='ltr'><strong>corpore</strong></span> <span class='ocrx_word' id='word_1_61' title='bbox 1807 1099 2029 1156; x_wconf 85' lang='lat' dir='ltr'><strong>donasti</strong></span> 
     </span>
    </p>
   </div>
   <div class='ocr_carea' id='block_1_13' title="bbox 463 1191 2038 1266">
    <p class='ocr_par' dir='ltr' id='par_1_13' title="bbox 463 1191 2038 1266">
     <span class='ocr_line' id='line_1_13' title="bbox 463 1191 2038 1266; baseline -0.003 -18"><span class='ocrx_word' id='word_1_62' title='bbox 463 1207 530 1248; x_wconf 81' lang='lat' dir='ltr'><strong>ex</strong></span> <span class='ocrx_word' id='word_1_63' title='bbox 569 1203 662 1248; x_wconf 85' lang='lat' dir='ltr'><strong>tuo</strong></span> <span class='ocrx_word' id='word_1_64' title='bbox 693 1210 833 1264; x_wconf 92' lang='lat' dir='ltr'><strong>puro</strong></span> <span class='ocrx_word' id='word_1_65' title='bbox 863 1196 1152 1266; x_wconf 85' lang='lat' dir='ltr'><strong>sanguine,</strong></span> <span class='ocrx_word' id='word_1_66' title='bbox 1209 1195 1371 1264; x_wconf 74' lang='lat' dir='ltr'><strong>Virgo</strong></span> <span class='ocrx_word' id='word_1_67' title='bbox 1419 1193 1672 1258; x_wconf 85' lang='lat' dir='ltr'><strong>Domina,</strong></span> <span class='ocrx_word' id='word_1_68' title='bbox 1705 1191 1772 1247; x_wconf 87' lang='lat' dir='ltr'><strong>ad</strong></span> <span class='ocrx_word' id='word_1_69' title='bbox 1821 1191 2038 1262; x_wconf 85' lang='lat' dir='ltr'><strong>passio-</strong></span> 
     </span>
    </p>
   </div>
   <div class='ocr_carea' id='block_1_14' title="bbox 463 1281 2034 1353">
    <p class='ocr_par' dir='ltr' id='par_1_14' title="bbox 463 1281 2034 1353">
     <span class='ocr_line' id='line_1_14' title="bbox 463 1281 2034 1353; baseline -0.003 -15"><span class='ocrx_word' id='word_1_70' title='bbox 463 1297 589 1338; x_wconf 85' lang='lat' dir='ltr'><strong>nem</strong></span> <span class='ocrx_word' id='word_1_71' title='bbox 637 1282 990 1339; x_wconf 79' lang='lat' dir='ltr'><strong>festinantem</strong></span> <span class='ocrx_word' id='word_1_72' title='bbox 1039 1300 1200 1353; x_wconf 87' lang='lat' dir='ltr'><strong>quam</strong></span> <span class='ocrx_word' id='word_1_73' title='bbox 1245 1283 1476 1339; x_wconf 82' lang='lat' dir='ltr'><strong>suil‘erre</strong></span> <span class='ocrx_word' id='word_1_74' title='bbox 1522 1283 1766 1338; x_wconf 75' lang='lat' dir='ltr'><strong>decrevit</strong></span> <span class='ocrx_word' id='word_1_75' title='bbox 1817 1281 2034 1336; x_wconf 84' lang='lat' dir='ltr'><strong>miseri-</strong></span> 
     </span>
    </p>
   </div>
   <div class='ocr_carea' id='block_1_15' title="bbox 464 1372 2036 1444">
    <p class='ocr_par' dir='ltr' id='par_1_15' title="bbox 464 1372 2036 1444">
     <span class='ocr_line' id='line_1_15' title="bbox 464 1372 2036 1444; baseline -0.001 -18"><span class='ocrx_word' id='word_1_76' title='bbox 464 1373 710 1428; x_wconf 86' lang='lat' dir='ltr'><strong>corditer</strong></span> <span class='ocrx_word' id='word_1_77' title='bbox 758 1373 1001 1439; x_wconf 90' lang='lat' dir='ltr'><strong>intuens,</strong></span> <span class='ocrx_word' id='word_1_78' title='bbox 1029 1375 1357 1440; x_wconf 75' lang='lat' dir='ltr'><strong>vulnerat-is,</strong></span> <span class='ocrx_word' id='word_1_79' title='bbox 1391 1375 1536 1429; x_wconf 87' lang='lat' dir='ltr'><strong>illius</strong></span> <span class='ocrx_word' id='word_1_80' title='bbox 1567 1372 2036 1444; x_wconf 82' lang='lat' dir='ltr'><strong>longanimitatcm</strong></span> 
     </span>
    </p>
   </div>
   <div class='ocr_carea' id='block_1_16' title="bbox 466 1467 810 1538">
    <p class='ocr_par' dir='ltr' id='par_1_16' title="bbox 466 1467 810 1538">
     <span class='ocr_line' id='line_1_16' title="bbox 466 1467 810 1538; baseline 0.012 -17"><span class='ocrx_word' id='word_1_81' title='bbox 466 1467 810 1538; x_wconf 79' lang='lat' dir='ltr'><strong>gloriﬁcans.</strong></span> 
     </span>
    </p>
   </div>
   <div class='ocr_carea' id='block_1_17' title="bbox 869 1558 1649 1630">
    <p class='ocr_par' dir='ltr' id='par_1_17' title="bbox 869 1558 1649 1630">
     <span class='ocr_line' id='line_1_17' title="bbox 869 1558 1649 1630; baseline -0.001 -15"><span class='ocrx_word' id='word_1_82' title='bbox 869 1558 1046 1615; x_wconf 81' lang='lat' dir='ltr'><strong>Venite</strong></span> <span class='ocrx_word' id='word_1_83' title='bbox 1065 1603 1078 1628; x_wconf 92' lang='lat'><strong>,</strong></span> <span class='ocrx_word' id='word_1_84' title='bbox 1110 1559 1290 1630; x_wconf 76' lang='lat' dir='ltr'><strong>populi</strong></span> <span class='ocrx_word' id='word_1_85' title='bbox 1312 1601 1326 1626; x_wconf 93' lang='lat'><strong>,</strong></span> <span class='ocrx_word' id='word_1_86' title='bbox 1360 1569 1649 1614; x_wconf 75' lang='lat' dir='ltr'><strong>cantemus.</strong></span> 
     </span>
    </p>
   </div>
   <div class='ocr_carea' id='block_1_18' title="bbox 551 1649 2039 1723">
    <p class='ocr_par' dir='ltr' id='par_1_18' title="bbox 551 1649 2039 1723">
     <span class='ocr_line' id='line_1_18' title="bbox 551 1649 2039 1723; baseline -0.002 -18"><span class='ocrx_word' id='word_1_87' title='bbox 551 1649 876 1707; x_wconf 85' lang='lat' dir='ltr'><strong>Perversum</strong></span> <span class='ocrx_word' id='word_1_88' title='bbox 909 1651 1070 1708; x_wconf 91' lang='lat' dir='ltr'><strong>modo</strong></span> <span class='ocrx_word' id='word_1_89' title='bbox 1092 1660 1481 1723; x_wconf 75' lang='lat' dir='ltr'><strong>congregatum</strong></span> <span class='ocrx_word' id='word_1_90' title='bbox 1513 1659 1600 1708; x_wconf 88' lang='lat' dir='ltr'><strong>est</strong></span> <span class='ocrx_word' id='word_1_91' title='bbox 1621 1650 1944 1714; x_wconf 89' lang='lat' dir='ltr'><strong>concilium,</strong></span> <span class='ocrx_word' id='word_1_92' title='bbox 1984 1656 2039 1703; x_wconf 89' lang='lat' dir='ltr'><strong>et</strong></span> 
     </span>
    </p>
   </div>
   <div class='ocr_carea' id='block_1_19' title="bbox 2139 537 3743 624">
    <p class='ocr_par' dir='ltr' id='par_1_19' title="bbox 2139 537 3743 624">
     <span class='ocr_line' id='line_1_19' title="bbox 2139 537 3743 624; baseline -0.012 -16"><span class='ocrx_word' id='word_1_93' title='bbox 2139 570 2266 607; x_wconf 60' lang='grc' dir='ltr'>ταν</span> <span class='ocrx_word' id='word_1_94' title='bbox 2309 553 2384 624; x_wconf 84' lang='grc' dir='ltr'>μὴ</span> <span class='ocrx_word' id='word_1_95' title='bbox 2420 553 2698 622; x_wconf 82' lang='grc' dir='ltr'>ἀνέτοιμοι</span> <span class='ocrx_word' id='word_1_96' title='bbox 2736 547 3089 620; x_wconf 79' lang='grc' dir='ltr'>εὐρεθῶμεν,</span> <span class='ocrx_word' id='word_1_97' title='bbox 3149 544 3388 610; x_wconf 83' lang='grc' dir='ltr'>ἀνόνητα</span> <span class='ocrx_word' id='word_1_98' title='bbox 3441 537 3743 611; x_wconf 76' lang='grc' dir='ltr'>κρούοντες</span> 
     </span>
    </p>
   </div>
   <div class='ocr_carea' id='block_1_20' title="bbox 2139 636 3440 715">
    <p class='ocr_par' dir='ltr' id='par_1_20' title="bbox 2139 636 3440 715">
     <span class='ocr_line' id='line_1_20' title="bbox 2139 636 3440 715; baseline -0.007 -18"><span class='ocrx_word' id='word_1_99' title='bbox 2139 643 2238 713; x_wconf 75' lang='grc' dir='ltr'>τὴν</span> <span class='ocrx_word' id='word_1_100' title='bbox 2263 643 2454 715; x_wconf 84' lang='grc' dir='ltr'><strong>θύραν,</strong></span> <span class='ocrx_word' id='word_1_101' title='bbox 2492 642 2588 697; x_wconf 69' lang='grc' dir='ltr'>καὶ</span> <span class='ocrx_word' id='word_1_102' title='bbox 2629 640 2706 712; x_wconf 77' lang='grc' dir='ltr'>μὴ</span> <span class='ocrx_word' id='word_1_103' title='bbox 2737 637 3079 711; x_wconf 68' lang='grc' dir='ltr'><strong>συμπαθείας</strong></span> <span class='ocrx_word' id='word_1_104' title='bbox 3108 636 3440 704; x_wconf 76' lang='grc' dir='ltr'><strong>ἀξιούμενοι.</strong></span> 
     </span>
    </p>
   </div>
   <div class='ocr_carea' id='block_1_21' title="bbox 2215 726 3742 809">
    <p class='ocr_par' dir='ltr' id='par_1_21' title="bbox 2215 726 3742 809">
     <span class='ocr_line' id='line_1_21' title="bbox 2215 726 3742 809; baseline -0.01 -18"><span class='ocrx_word' id='word_1_105' title='bbox 2215 733 2654 809; x_wconf 64' lang='grc' dir='ltr'>Πῳπορεύονταί</span> <span class='ocrx_word' id='word_1_106' title='bbox 2682 751 2776 788; x_wconf 91' lang='grc' dir='ltr'><strong>σου</strong></span> <span class='ocrx_word' id='word_1_107' title='bbox 2796 732 3056 805; x_wconf 84' lang='grc' dir='ltr'>μαθηται,</span> <span class='ocrx_word' id='word_1_108' title='bbox 3091 731 3262 794; x_wconf 80' lang='grc' dir='ltr'>πάθος</span> <span class='ocrx_word' id='word_1_109' title='bbox 3290 729 3423 798; x_wconf 78' lang='grc' dir='ltr'>πρὸς</span> <span class='ocrx_word' id='word_1_110' title='bbox 3453 726 3742 791; x_wconf 76' lang='grc' dir='ltr'>ἑκούσιον,</span> 
     </span>
    </p>
   </div>
   <div class='ocr_carea' id='block_1_22' title="bbox 2142 817 3744 901">
    <p class='ocr_par' dir='ltr' id='par_1_22' title="bbox 2142 817 3744 901">
     <span class='ocr_line' id='line_1_22' title="bbox 2142 817 3744 901; baseline -0.01 -15"><span class='ocrx_word' id='word_1_111' title='bbox 2142 833 2285 901; x_wconf 84' lang='grc' dir='ltr'>Δόγε</span> <span class='ocrx_word' id='word_1_112' title='bbox 2312 829 2471 896; x_wconf 76' lang='grc' dir='ltr'>Θεοῦ,</span> <span class='ocrx_word' id='word_1_113' title='bbox 2499 830 2559 882; x_wconf 78' lang='grc' dir='ltr'>σὲ</span> <span class='ocrx_word' id='word_1_114' title='bbox 2578 827 2923 899; x_wconf 81' lang='grc' dir='ltr'><strong>καθορῶντες</strong></span> <span class='ocrx_word' id='word_1_115' title='bbox 2952 823 3280 878; x_wconf 86' lang='grc' dir='ltr'>σπεύδοντα·</span> <span class='ocrx_word' id='word_1_116' title='bbox 3317 819 3529 881; x_wconf 79' lang='grc' dir='ltr'><strong>Ἰούδας</strong></span> <span class='ocrx_word' id='word_1_117' title='bbox 3574 820 3618 901; x_wconf 24' lang='grc' dir='ltr'><strong>ὀῤ</strong></span> <span class='ocrx_word' id='word_1_118' title='bbox 3656 817 3744 870; x_wconf 75' lang='grc' dir='ltr'>δό-</span> 
     </span>
    </p>
   </div>
   <div class='ocr_carea' id='block_1_23' title="bbox 2142 895 3744 996">
    <p class='ocr_par' dir='ltr' id='par_1_23' title="bbox 2142 895 3744 996">
     <span class='ocr_line' id='line_1_23' title="bbox 2142 895 3744 996; baseline -0.011 -17"><span class='ocrx_word' id='word_1_119' title='bbox 2142 895 2254 988; x_wconf 78' lang='grc' dir='ltr'>λιος</span> <span class='ocrx_word' id='word_1_120' title='bbox 2288 922 2674 996; x_wconf 76' lang='grc' dir='ltr'>εὐτρεπίζεται</span> <span class='ocrx_word' id='word_1_121' title='bbox 2696 895 2809 984; x_wconf 71' lang='grc' dir='ltr'>τοῖς</span> <span class='ocrx_word' id='word_1_122' title='bbox 2827 919 3051 990; x_wconf 81' lang='grc' dir='ltr'><strong>ἀνόμοις</strong></span> <span class='ocrx_word' id='word_1_123' title='bbox 3095 911 3387 987; x_wconf 81' lang='grc' dir='ltr'>προδοῦναί</span> <span class='ocrx_word' id='word_1_124' title='bbox 3412 928 3503 966; x_wconf 80' lang='grc' dir='ltr'>σεο</span> <span class='ocrx_word' id='word_1_125' title='bbox 3544 895 3618 962; x_wconf 68' lang='grc' dir='ltr'><strong>οὗ</strong></span> <span class='ocrx_word' id='word_1_126' title='bbox 3641 908 3744 978; x_wconf 75' lang='grc' dir='ltr'>τῆς</span> 
     </span>
    </p>
   </div>
   <div class='ocr_carea' id='block_1_24' title="bbox 2143 1006 3473 1081">
    <p class='ocr_par' dir='ltr' id='par_1_24' title="bbox 2143 1006 3473 1081">
     <span class='ocr_line' id='line_1_24' title="bbox 2143 1006 3473 1081; baseline -0.012 -10"><span class='ocrx_word' id='word_1_127' title='bbox 2143 1015 2404 1078; x_wconf 80' lang='grc' dir='ltr'>ἀπονοίας</span> <span class='ocrx_word' id='word_1_128' title='bbox 2436 1015 2643 1078; x_wconf 78' lang='grc' dir='ltr'>πάντας</span> <span class='ocrx_word' id='word_1_129' title='bbox 2674 1013 2771 1068; x_wconf 76' lang='grc' dir='ltr'>καὶ</span> <span class='ocrx_word' id='word_1_130' title='bbox 2794 1010 3106 1081; x_wconf 87' lang='grc' dir='ltr'>πωρώσεως</span> <span class='ocrx_word' id='word_1_131' title='bbox 3139 1006 3473 1078; x_wconf 77' lang='grc' dir='ltr'>ὲξάρπασον.</span> 
     </span>
    </p>
   </div>
   <div class='ocr_carea' id='block_1_25' title="bbox 2214 1093 3744 1173">
    <p class='ocr_par' dir='ltr' id='par_1_25' title="bbox 2214 1093 3744 1173">
     <span class='ocr_line' id='line_1_25' title="bbox 2214 1093 3744 1173; baseline -0.012 -11"><span class='ocrx_word' id='word_1_132' title='bbox 2214 1109 2320 1161; x_wconf 70' lang='grc' dir='ltr'><strong>Τὸν</strong></span> <span class='ocrx_word' id='word_1_133' title='bbox 2344 1106 2472 1160; x_wconf 80' lang='grc' dir='ltr'>Υιὺν</span> <span class='ocrx_word' id='word_1_134' title='bbox 2500 1107 2597 1160; x_wconf 86' lang='grc' dir='ltr'><strong>καί</strong></span> <span class='ocrx_word' id='word_1_135' title='bbox 2625 1105 2798 1173; x_wconf 83' lang='grc' dir='ltr'>Λόγον</span> <span class='ocrx_word' id='word_1_136' title='bbox 2824 1101 2918 1157; x_wconf 75' lang='grc' dir='ltr'>τοῦ</span> <span class='ocrx_word' id='word_1_137' title='bbox 2953 1100 3198 1172; x_wconf 83' lang='grc' dir='ltr'>Πατρδς,</span> <span class='ocrx_word' id='word_1_138' title='bbox 3223 1098 3397 1167; x_wconf 83' lang='grc' dir='ltr'>ὅνπερ</span> <span class='ocrx_word' id='word_1_139' title='bbox 3429 1093 3744 1164; x_wconf 66' lang='grc' dir='ltr'>ἑσωμάτωρ</span> 
     </span>
    </p>
   </div>
   <div class='ocr_carea' id='block_1_26' title="bbox 2145 1186 3742 1268">
    <p class='ocr_par' dir='ltr' id='par_1_26' title="bbox 2145 1186 3742 1268">
     <span class='ocr_line' id='line_1_26' title="bbox 2145 1186 3742 1268; baseline -0.011 -12"><span class='ocrx_word' id='word_1_140' title='bbox 2145 1219 2245 1265; x_wconf 91' lang='grc' dir='ltr'><strong>σας</strong></span> <span class='ocrx_word' id='word_1_141' title='bbox 2268 1199 2377 1254; x_wconf 85' lang='grc' dir='ltr'>σῶν</span> <span class='ocrx_word' id='word_1_142' title='bbox 2409 1199 2468 1267; x_wconf 74' lang='grc' dir='ltr'><strong>ἐξ</strong></span> <span class='ocrx_word' id='word_1_143' title='bbox 2501 1197 2682 1268; x_wconf 82' lang='grc' dir='ltr'>ἁγνῶν</span> <span class='ocrx_word' id='word_1_144' title='bbox 2707 1198 2978 1268; x_wconf 78' lang='grc' dir='ltr'><strong>αἱμάτων,</strong></span> <span class='ocrx_word' id='word_1_145' title='bbox 3003 1194 3158 1265; x_wconf 79' lang='grc' dir='ltr'>Κόρη</span> <span class='ocrx_word' id='word_1_146' title='bbox 3183 1191 3472 1256; x_wconf 75' lang='grc' dir='ltr'>Δέσποινα,</span> <span class='ocrx_word' id='word_1_147' title='bbox 3500 1189 3652 1259; x_wconf 82' lang='grc' dir='ltr'>πρὸς</span> <span class='ocrx_word' id='word_1_148' title='bbox 3681 1186 3742 1239; x_wconf 75' lang='grc' dir='ltr'><strong>τὸ</strong></span> 
     </span>
    </p>
   </div>
   <div class='ocr_carea' id='block_1_27' title="bbox 2143 1275 3740 1356">
    <p class='ocr_par' dir='ltr' id='par_1_27' title="bbox 2143 1275 3740 1356">
     <span class='ocr_line' id='line_1_27' title="bbox 2143 1275 3740 1356; baseline -0.011 -10"><span class='ocrx_word' id='word_1_149' title='bbox 2143 1293 2317 1356; x_wconf 90' lang='grc' dir='ltr'>πάθος</span> <span class='ocrx_word' id='word_1_150' title='bbox 2366 1291 2663 1344; x_wconf 89' lang='grc' dir='ltr'>σπεύδοντα</span> <span class='ocrx_word' id='word_1_151' title='bbox 2708 1289 2738 1342; x_wconf 84' lang='grc' dir='ltr'><strong>ὃ</strong></span> <span class='ocrx_word' id='word_1_152' title='bbox 2786 1287 3078 1356; x_wconf 70' lang='grc' dir='ltr'><strong>εὐδόκησεν</strong></span> <span class='ocrx_word' id='word_1_153' title='bbox 3123 1284 3416 1352; x_wconf 80' lang='grc' dir='ltr'>ὑπομεῖναι</span> <span class='ocrx_word' id='word_1_154' title='bbox 3441 1319 3456 1343; x_wconf 94' lang='grc'><strong>,</strong></span> <span class='ocrx_word' id='word_1_155' title='bbox 3507 1279 3595 1340; x_wconf 86' lang='grc' dir='ltr'><strong>ὡς</strong></span> <span class='ocrx_word' id='word_1_156' title='bbox 3647 1275 3740 1330; x_wconf 76' lang='grc' dir='ltr'><strong>εὖ·</strong></span> 
     </span>
    </p>
   </div>
   <div class='ocr_carea' id='block_1_28' title="bbox 2146 1370 3740 1454">
    <p class='ocr_par' dir='ltr' id='par_1_28' title="bbox 2146 1370 3740 1454">
     <span class='ocr_line' id='line_1_28' title="bbox 2146 1370 3740 1454; baseline -0.011 -16"><span class='ocrx_word' id='word_1_157' title='bbox 2146 1385 2422 1454; x_wconf 85' lang='grc' dir='ltr'>σπλαγχος</span> <span class='ocrx_word' id='word_1_158' title='bbox 2477 1382 2752 1453; x_wconf 79' lang='grc' dir='ltr'>βλέπουσα</span> <span class='ocrx_word' id='word_1_159' title='bbox 2795 1377 3092 1451; x_wconf 79' lang='grc' dir='ltr'>τιτρώσκῃ,</span> <span class='ocrx_word' id='word_1_160' title='bbox 3141 1374 3335 1429; x_wconf 81' lang='grc' dir='ltr'>τούτου</span> <span class='ocrx_word' id='word_1_161' title='bbox 3372 1370 3740 1444; x_wconf 74' lang='grc' dir='ltr'>μακρόθυμον</span> 
     </span>
    </p>
   </div>
   <div class='ocr_carea' id='block_1_29' title="bbox 2143 1475 2460 1544">
    <p class='ocr_par' dir='ltr' id='par_1_29' title="bbox 2143 1475 2460 1544">
     <span class='ocr_line' id='line_1_29' title="bbox 2143 1475 2460 1544; baseline 0 -14"><span class='ocrx_word' id='word_1_162' title='bbox 2143 1475 2460 1544; x_wconf 77' lang='grc' dir='ltr'>δοξάζουσα.</span> 
     </span>
    </p>
   </div>
   <div class='ocr_carea' id='block_1_30' title="bbox 2587 1561 3280 1631">
    <p class='ocr_par' dir='ltr' id='par_1_30' title="bbox 2587 1561 3280 1631">
     <span class='ocr_line' id='line_1_30' title="bbox 2587 1561 3280 1631; baseline -0.01 -12"><span class='ocrx_word' id='word_1_163' title='bbox 2587 1565 2785 1630; x_wconf 80' lang='grc' dir='ltr'>Δεῦτε,</span> <span class='ocrx_word' id='word_1_164' title='bbox 2823 1563 2979 1627; x_wconf 72' lang='grc' dir='ltr'>λαοί,</span> <span class='ocrx_word' id='word_1_165' title='bbox 3021 1561 3280 1631; x_wconf 80' lang='grc' dir='ltr'>ᾷσωμεν.</span> 
     </span>
    </p>
   </div>
   <div class='ocr_carea' id='block_1_31' title="bbox 2215 1647 3737 1730">
    <p class='ocr_par' dir='ltr' id='par_1_31' title="bbox 2215 1647 3737 1730">
     <span class='ocr_line' id='line_1_31' title="bbox 2215 1647 3737 1730; baseline -0.011 -16"><span class='ocrx_word' id='word_1_166' title='bbox 2215 1657 2288 1713; x_wconf 75' lang='grc' dir='ltr'>Τὸ</span> <span class='ocrx_word' id='word_1_167' title='bbox 2319 1657 2553 1730; x_wconf 73' lang='grc' dir='ltr'>πονηρὸν</span> <span class='ocrx_word' id='word_1_168' title='bbox 2582 1658 2706 1728; x_wconf 80' lang='grc' dir='ltr'>άρτι</span> <span class='ocrx_word' id='word_1_169' title='bbox 2738 1655 2977 1726; x_wconf 81' lang='grc' dir='ltr'><strong>συνήχθη</strong></span> <span class='ocrx_word' id='word_1_170' title='bbox 3027 1654 3304 1724; x_wconf 75' lang='grc' dir='ltr'>συνέδριον</span> <span class='ocrx_word' id='word_1_171' title='bbox 3323 1693 3337 1712; x_wconf 89' lang='grc'><strong>,</strong></span> <span class='ocrx_word' id='word_1_172' title='bbox 3365 1651 3461 1703; x_wconf 70' lang='grc' dir='ltr'>καὶ</span> <span class='ocrx_word' id='word_1_173' title='bbox 3515 1647 3737 1717; x_wconf 71' lang='grc' dir='ltr'>πονηρά</span> 
     </span>
    </p>
   </div>
   <div class='ocr_carea' id='block_1_32' title="bbox 466 1742 2060 1824">
    <p class='ocr_par' dir='ltr' id='par_1_32' title="bbox 466 1742 2042 1812">
     <span class='ocr_line' id='line_1_32' title="bbox 466 1742 2042 1812; baseline -0.001 -16"><span class='ocrx_word' id='word_1_174' title='bbox 466 1757 725 1812; x_wconf 85' lang='lat' dir='ltr'><strong>perversa</strong></span> <span class='ocrx_word' id='word_1_175' title='bbox 757 1744 1049 1800; x_wconf 85' lang='lat' dir='ltr'><strong>meditatur</strong></span> <span class='ocrx_word' id='word_1_176' title='bbox 1080 1746 1146 1799; x_wconf 88' lang='lat' dir='ltr'><strong>ad</strong></span> <span class='ocrx_word' id='word_1_177' title='bbox 1182 1744 1543 1799; x_wconf 87' lang='lat' dir='ltr'><strong>occidendum</strong></span> <span class='ocrx_word' id='word_1_178' title='bbox 1591 1753 1670 1807; x_wconf 89' lang='lat' dir='ltr'><strong>te,</strong></span> <span class='ocrx_word' id='word_1_179' title='bbox 1706 1742 1872 1796; x_wconf 86' lang='lat' dir='ltr'><strong>vitam</strong></span> <span class='ocrx_word' id='word_1_180' title='bbox 1924 1753 2042 1794; x_wconf 86' lang='lat' dir='ltr'><strong>om-</strong></span> 
     </span>
    </p>
   </div>
   <div class='ocr_carea' id='block_1_33' title="bbox 2165 1742 3728 1824">
    <p class='ocr_par' dir='ltr' id='par_1_33' title="bbox 2165 1743 3728 1818">
     <span class='ocr_line' id='line_1_33' title="bbox 2165 1743 3728 1818; baseline -0.01 -12"><span class='ocrx_word' id='word_1_181' title='bbox 2165 1752 2456 1806; x_wconf 71' lang='grc' dir='ltr'>ιουλεύεται</span> <span class='ocrx_word' id='word_1_182' title='bbox 2479 1750 2574 1806; x_wconf 82' lang='grc' dir='ltr'>τοῦ</span> <span class='ocrx_word' id='word_1_183' title='bbox 2599 1749 2908 1804; x_wconf 72' lang='grc' dir='ltr'>θανατῶσαι</span> <span class='ocrx_word' id='word_1_184' title='bbox 2931 1766 2989 1802; x_wconf 89' lang='grc' dir='ltr'><strong>σε</strong></span> <span class='ocrx_word' id='word_1_185' title='bbox 3017 1743 3116 1818; x_wconf 76' lang='grc' dir='ltr'>τὴν</span> <span class='ocrx_word' id='word_1_186' title='bbox 3141 1745 3286 1815; x_wconf 72' lang='grc' dir='ltr'>ζωὴν</span> <span class='ocrx_word' id='word_1_187' title='bbox 3312 1744 3420 1797; x_wconf 84' lang='grc' dir='ltr'><strong>τῶν</strong></span> <span class='ocrx_word' id='word_1_188' title='bbox 3444 1743 3728 1804; x_wconf 81' lang='grc' dir='ltr'>ἁπάντων,</span> 
     </span>
    </p>
   </div>
   <div class='ocr_carea' id='block_1_34' title="bbox 466 1834 1931 1908">
    <p class='ocr_par' dir='ltr' id='par_1_34' title="bbox 466 1834 1931 1908">
     <span class='ocr_line' id='line_1_34' title="bbox 466 1834 1931 1908; baseline 0 -18"><span class='ocrx_word' id='word_1_189' title='bbox 466 1836 618 1890; x_wconf 83' lang='lat' dir='ltr'><strong>nium</strong></span> <span class='ocrx_word' id='word_1_190' title='bbox 651 1834 846 1892; x_wconf 71' lang='lat' dir='ltr'><strong>ludam</strong></span> <span class='ocrx_word' id='word_1_191' title='bbox 877 1849 1312 1908; x_wconf 83' lang='lat' dir='ltr'><strong>cooperatorem,</strong></span> <span class='ocrx_word' id='word_1_192' title='bbox 1344 1837 1590 1898; x_wconf 82' lang='lat' dir='ltr'><strong>Christe.</strong></span> <span class='ocrx_word' id='word_1_193' title='bbox 1625 1835 1931 1905; x_wconf 87' lang='lat' dir='ltr'><strong>accipiens.</strong></span> 
     </span>
    </p>
   </div>
   <div class='ocr_carea' id='block_1_35' title="bbox 553 1928 2044 2001">
    <p class='ocr_par' dir='ltr' id='par_1_35' title="bbox 553 1928 2044 2001">
     <span class='ocr_line' id='line_1_35' title="bbox 553 1928 2044 2001; baseline -0.001 -17"><span class='ocrx_word' id='word_1_194' title='bbox 553 1928 780 2000; x_wconf 88' lang='lat' dir='ltr'><strong>Leprosi</strong></span> <span class='ocrx_word' id='word_1_195' title='bbox 839 1931 967 1986; x_wconf 89' lang='lat' dir='ltr'><strong>olim</strong></span> <span class='ocrx_word' id='word_1_196' title='bbox 1019 1946 1172 1986; x_wconf 66' lang='lat' dir='ltr'><strong>caena</strong></span> <span class='ocrx_word' id='word_1_197' title='bbox 1238 1931 1677 2001; x_wconf 90' lang='lat' dir='ltr'><strong>propitiatorium</strong></span> <span class='ocrx_word' id='word_1_198' title='bbox 1749 1929 1894 1982; x_wconf 76' lang='lat' dir='ltr'><strong>facta</strong></span> <span class='ocrx_word' id='word_1_199' title='bbox 1957 1934 2044 1984; x_wconf 83' lang='lat' dir='ltr'><strong>est</strong></span> 
     </span>
    </p>
   </div>
   <div class='ocr_carea' id='block_1_36' title="bbox 465 2017 2040 2092">
    <p class='ocr_par' dir='ltr' id='par_1_36' title="bbox 465 2017 2040 2092">
     <span class='ocr_line' id='line_1_36' title="bbox 465 2017 2040 2092; baseline 0 -20"><span class='ocrx_word' id='word_1_200' title='bbox 465 2019 724 2074; x_wconf 90' lang='lat' dir='ltr'><strong>omnibus</strong></span> <span class='ocrx_word' id='word_1_201' title='bbox 759 2020 997 2092; x_wconf 73' lang='lat' dir='ltr'><strong>largiens</strong></span> <span class='ocrx_word' id='word_1_202' title='bbox 1027 2020 1497 2091; x_wconf 87' lang='lat' dir='ltr'><strong>pr0pitiationem,</strong></span> <span class='ocrx_word' id='word_1_203' title='bbox 1539 2033 1703 2090; x_wconf 88' lang='lat' dir='ltr'><strong>quam</strong></span> <span class='ocrx_word' id='word_1_204' title='bbox 1753 2017 2040 2074; x_wconf 87' lang='lat' dir='ltr'><strong>inveniens</strong></span> 
     </span>
    </p>
   </div>
   <div class='ocr_carea' id='block_1_37' title="bbox 464 2109 2038 2168">
    <p class='ocr_par' dir='ltr' id='par_1_37' title="bbox 464 2109 2038 2168">
     <span class='ocr_line' id='line_1_37' title="bbox 464 2109 2038 2168; baseline 0.001 -6"><span class='ocrx_word' id='word_1_205' title='bbox 464 2110 722 2164; x_wconf 80' lang='lat' dir='ltr'><strong>meretrix</strong></span> <span class='ocrx_word' id='word_1_206' title='bbox 776 2121 1162 2168; x_wconf 69' lang='lat' dir='ltr'><strong>sescentorum</strong></span> <span class='ocrx_word' id='word_1_207' title='bbox 1241 2112 1568 2168; x_wconf 81' lang='lat' dir='ltr'><strong>delictorum</strong></span> <span class='ocrx_word' id='word_1_208' title='bbox 1635 2109 2038 2166; x_wconf 82' lang='lat' dir='ltr'><strong>absolutionem</strong></span> 
     </span>
    </p>
   </div>
   <div class='ocr_carea' id='block_1_38' title="bbox 461 2202 848 2270">
    <p class='ocr_par' dir='ltr' id='par_1_38' title="bbox 461 2202 848 2270">
     <span class='ocr_line' id='line_1_38' title="bbox 461 2202 848 2270; baseline 0.01 -17"><span class='ocrx_word' id='word_1_209' title='bbox 461 2202 848 2270; x_wconf 83' lang='lat' dir='ltr'><strong>consequitur.</strong></span> 
     </span>
    </p>
   </div>
   <div class='ocr_carea' id='block_1_39' title="bbox 531 2289 2039 2364">
    <p class='ocr_par' dir='ltr' id='par_1_39' title="bbox 531 2289 2039 2364">
     <span class='ocr_line' id='line_1_39' title="bbox 531 2289 2039 2364; baseline -0.003 -19"><span class='ocrx_word' id='word_1_210' title='bbox 531 2291 636 2358; x_wconf 84' lang='lat' dir='ltr'><strong>Qui</strong></span> <span class='ocrx_word' id='word_1_211' title='bbox 671 2295 816 2364; x_wconf 83' lang='lat' dir='ltr'><strong>leges</strong></span> <span class='ocrx_word' id='word_1_212' title='bbox 854 2300 978 2347; x_wconf 88' lang='lat' dir='ltr'><strong>tuas</strong></span> <span class='ocrx_word' id='word_1_213' title='bbox 1017 2309 1126 2348; x_wconf 89' lang='lat' dir='ltr'><strong>non</strong></span> <span class='ocrx_word' id='word_1_214' title='bbox 1155 2294 1393 2350; x_wconf 79' lang='lat' dir='ltr'><strong>servavit</strong></span> <span class='ocrx_word' id='word_1_215' title='bbox 1441 2294 1631 2359; x_wconf 83' lang='lat' dir='ltr'><strong>miser,</strong></span> <span class='ocrx_word' id='word_1_216' title='bbox 1671 2289 1899 2344; x_wconf 81' lang='lat' dir='ltr'><strong>avaritia</strong></span> <span class='ocrx_word' id='word_1_217' title='bbox 1946 2305 2039 2361; x_wconf 80' lang='lat' dir='ltr'><strong>pe-</strong></span> 
     </span>
    </p>
   </div>
   <div class='ocr_carea' id='block_1_40' title="bbox 460 2381 2039 2456">
    <p class='ocr_par' dir='ltr' id='par_1_40' title="bbox 460 2381 2039 2456">
     <span class='ocr_line' id='line_1_40' title="bbox 460 2381 2039 2456; baseline -0.003 -16"><span class='ocrx_word' id='word_1_218' title='bbox 460 2383 573 2448; x_wconf 79' lang='lat' dir='ltr'><strong>riit,</strong></span> <span class='ocrx_word' id='word_1_219' title='bbox 611 2393 669 2440; x_wconf 86' lang='lat' dir='ltr'><strong>et</strong></span> <span class='ocrx_word' id='word_1_220' title='bbox 713 2385 945 2455; x_wconf 83' lang='lat' dir='ltr'><strong>prodere</strong></span> <span class='ocrx_word' id='word_1_221' title='bbox 995 2395 1050 2442; x_wconf 91' lang='lat' dir='ltr'><strong>te</strong></span> <span class='ocrx_word' id='word_1_222' title='bbox 1102 2387 1392 2443; x_wconf 86' lang='lat' dir='ltr'><strong>homicidis</strong></span> <span class='ocrx_word' id='word_1_223' title='bbox 1456 2385 1664 2456; x_wconf 90' lang='lat' dir='ltr'><strong>cogitat</strong></span> <span class='ocrx_word' id='word_1_224' title='bbox 1711 2381 1911 2449; x_wconf 66' lang='lat' dir='ltr'><strong>ludas,</strong></span> <span class='ocrx_word' id='word_1_225' title='bbox 1959 2382 2039 2436; x_wconf 88' lang='lat' dir='ltr'><strong>la-</strong></span> 
     </span>
    </p>
   </div>
   <div class='ocr_carea' id='block_1_41' title="bbox 460 2474 1248 2542">
    <p class='ocr_par' dir='ltr' id='par_1_41' title="bbox 460 2474 1248 2542">
     <span class='ocr_line' id='line_1_41' title="bbox 460 2474 1248 2542; baseline 0.006 -17"><span class='ocrx_word' id='word_1_226' title='bbox 460 2486 664 2542; x_wconf 87' lang='lat' dir='ltr'><strong>queum</strong></span> <span class='ocrx_word' id='word_1_227' title='bbox 722 2474 964 2530; x_wconf 80' lang='lat' dir='ltr'><strong>vicissim</strong></span> <span class='ocrx_word' id='word_1_228' title='bbox 990 2477 1248 2531; x_wconf 90' lang='lat' dir='ltr'><strong>sortiens.</strong></span> 
     </span>
    </p>
   </div>
   <div class='ocr_carea' id='block_1_42' title="bbox 533 2562 2038 2636">
    <p class='ocr_par' dir='ltr' id='par_1_42' title="bbox 533 2562 2038 2636">
     <span class='ocr_line' id='line_1_42' title="bbox 533 2562 2038 2636; baseline 0 -19"><span class='ocrx_word' id='word_1_229' title='bbox 533 2562 822 2628; x_wconf 84' lang='lat' dir='ltr'><strong>Quomodo</strong></span> <span class='ocrx_word' id='word_1_230' title='bbox 863 2574 1085 2635; x_wconf 85' lang='lat' dir='ltr'><strong>propter</strong></span> <span class='ocrx_word' id='word_1_231' title='bbox 1118 2581 1220 2622; x_wconf 90' lang='lat' dir='ltr'><strong>nos</strong></span> <span class='ocrx_word' id='word_1_232' title='bbox 1249 2565 1318 2622; x_wconf 89' lang='lat' dir='ltr'><strong>ad</strong></span> <span class='ocrx_word' id='word_1_233' title='bbox 1355 2563 1679 2636; x_wconf 86' lang='lat' dir='ltr'><strong>patiendum</strong></span> <span class='ocrx_word' id='word_1_234' title='bbox 1712 2563 1891 2628; x_wconf 83' lang='lat' dir='ltr'><strong>venis,</strong></span> <span class='ocrx_word' id='word_1_235' title='bbox 1935 2576 2038 2632; x_wconf 87' lang='lat' dir='ltr'><strong>op-</strong></span> 
     </span>
    </p>
   </div>
   <div class='ocr_carea' id='block_1_43' title="bbox 461 2653 2041 2727">
    <p class='ocr_par' dir='ltr' id='par_1_43' title="bbox 461 2653 2041 2727">
     <span class='ocr_line' id='line_1_43' title="bbox 461 2653 2041 2727; baseline 0.001 -19"><span class='ocrx_word' id='word_1_236' title='bbox 461 2653 636 2710; x_wconf 71' lang='lat' dir='ltr'><strong>time?</strong></span> <span class='ocrx_word' id='word_1_237' title='bbox 686 2654 974 2722; x_wconf 85' lang='lat' dir='ltr'><strong>Quomodo</strong></span> <span class='ocrx_word' id='word_1_238' title='bbox 1006 2658 1074 2712; x_wconf 91' lang='lat' dir='ltr'><strong>ad</strong></span> <span class='ocrx_word' id='word_1_239' title='bbox 1119 2659 1364 2714; x_wconf 86' lang='lat' dir='ltr'><strong>tribunal</strong></span> <span class='ocrx_word' id='word_1_240' title='bbox 1398 2658 1557 2714; x_wconf 87' lang='lat' dir='ltr'><strong>Pilati</strong></span> <span class='ocrx_word' id='word_1_241' title='bbox 1597 2659 1747 2714; x_wconf 91' lang='lat' dir='ltr'><strong>velut</strong></span> <span class='ocrx_word' id='word_1_242' title='bbox 1785 2655 2041 2727; x_wconf 67' lang='lat' dir='ltr'><strong>judicano</strong></span> 
     </span>
    </p>
   </div>
   <div class='ocr_carea' id='block_1_44' title="bbox 458 2745 2039 2808">
    <p class='ocr_par' dir='ltr' id='par_1_44' title="bbox 458 2745 2039 2808">
     <span class='ocr_line' id='line_1_44' title="bbox 458 2745 2039 2808; baseline 0.001 -8"><span class='ocrx_word' id='word_1_243' title='bbox 458 2745 566 2802; x_wconf 86' lang='lat' dir='ltr'><strong>dus</strong></span> <span class='ocrx_word' id='word_1_244' title='bbox 618 2748 868 2805; x_wconf 85' lang='lat' dir='ltr'><strong>accidere</strong></span> <span class='ocrx_word' id='word_1_245' title='bbox 908 2750 1183 2806; x_wconf 83' lang='lat' dir='ltr'><strong>sustines?</strong></span> <span class='ocrx_word' id='word_1_246' title='bbox 1247 2751 1516 2808; x_wconf 88' lang='lat' dir='ltr'><strong>immensa</strong></span> <span class='ocrx_word' id='word_1_247' title='bbox 1573 2749 1763 2806; x_wconf 83' lang='lat' dir='ltr'><strong>divitia</strong></span> <span class='ocrx_word' id='word_1_248' title='bbox 1817 2748 2039 2804; x_wconf 85' lang='lat' dir='ltr'><strong>miseri-</strong></span> 
     </span>
    </p>
   </div>
   <div class='ocr_carea' id='block_1_45' title="bbox 458 2839 824 2896">
    <p class='ocr_par' dir='ltr' id='par_1_45' title="bbox 458 2839 824 2896">
     <span class='ocr_line' id='line_1_45' title="bbox 458 2839 824 2896; baseline 0.011 -3"><span class='ocrx_word' id='word_1_249' title='bbox 458 2839 664 2894; x_wconf 64' lang='lat' dir='ltr'><strong>cordia:</strong></span> <span class='ocrx_word' id='word_1_250' title='bbox 697 2848 824 2896; x_wconf 68' lang='lat' dir='ltr'><strong>tum.</strong></span> 
     </span>
    </p>
   </div>
   <div class='ocr_carea' id='block_1_46' title="bbox 531 2931 2040 3008">
    <p class='ocr_par' dir='ltr' id='par_1_46' title="bbox 531 2931 2040 3008">
     <span class='ocr_line' id='line_1_46' title="bbox 531 2931 2040 3008; baseline 0.001 -20"><span class='ocrx_word' id='word_1_251' title='bbox 531 2931 610 2988; x_wconf 89' lang='lat' dir='ltr'><strong>De</strong></span> <span class='ocrx_word' id='word_1_252' title='bbox 645 2941 698 2990; x_wconf 87' lang='lat' dir='ltr'><strong>te</strong></span> <span class='ocrx_word' id='word_1_253' title='bbox 743 2934 897 3000; x_wconf 91' lang='lat' dir='ltr'><strong>olim,</strong></span> <span class='ocrx_word' id='word_1_254' title='bbox 935 2933 1102 3008; x_wconf 82' lang='lat' dir='ltr'><strong>Virgo</strong></span> <span class='ocrx_word' id='word_1_255' title='bbox 1127 2935 1437 3007; x_wconf 88' lang='lat' dir='ltr'><strong>impolluta,</strong></span> <span class='ocrx_word' id='word_1_256' title='bbox 1469 2945 1690 2993; x_wconf 88' lang='lat' dir='ltr'><strong>cantata</strong></span> <span class='ocrx_word' id='word_1_257' title='bbox 1741 2937 2040 3008; x_wconf 86' lang='lat' dir='ltr'><strong>propheta-</strong></span> 
     </span>
    </p>
   </div>
   <div class='ocr_carea' id='block_1_47' title="bbox 459 3025 2038 3099">
    <p class='ocr_par' dir='ltr' id='par_1_47' title="bbox 459 3025 2038 3099">
     <span class='ocr_line' id='line_1_47' title="bbox 459 3025 2038 3099; baseline 0.005 -23"><span class='ocrx_word' id='word_1_258' title='bbox 459 3036 584 3078; x_wconf 89' lang='lat' dir='ltr'><strong>rum</strong></span> <span class='ocrx_word' id='word_1_259' title='bbox 611 3025 776 3080; x_wconf 86' lang='lat' dir='ltr'><strong>verba</strong></span> <span class='ocrx_word' id='word_1_260' title='bbox 821 3026 1042 3096; x_wconf 89' lang='lat' dir='ltr'><strong>impleta</strong></span> <span class='ocrx_word' id='word_1_261' title='bbox 1079 3037 1244 3095; x_wconf 87' lang='lat' dir='ltr'><strong>sunt;</strong></span> <span class='ocrx_word' id='word_1_262' title='bbox 1283 3028 1485 3082; x_wconf 88' lang='lat' dir='ltr'><strong>etenim</strong></span> <span class='ocrx_word' id='word_1_263' title='bbox 1516 3028 1755 3099; x_wconf 74' lang='lat' dir='ltr'><strong>genuisti</strong></span> <span class='ocrx_word' id='word_1_264' title='bbox 1797 3027 2038 3084; x_wconf 83' lang='lat' dir='ltr'><strong>Verbum</strong></span> 
     </span>
    </p>
   </div>
   <div class='ocr_carea' id='block_1_48' title="bbox 460 3113 1720 3189">
    <p class='ocr_par' dir='ltr' id='par_1_48' title="bbox 460 3113 1720 3189">
     <span class='ocr_line' id='line_1_48' title="bbox 460 3113 1720 3189; baseline 0.006 -21"><span class='ocrx_word' id='word_1_265' title='bbox 460 3113 519 3168; x_wconf 87' lang='lat' dir='ltr'><strong>in</strong></span> <span class='ocrx_word' id='word_1_266' title='bbox 550 3129 716 3171; x_wconf 84' lang='lat' dir='ltr'><strong>carne</strong></span> <span class='ocrx_word' id='word_1_267' title='bbox 743 3118 1053 3172; x_wconf 85' lang='lat' dir='ltr'><strong>voluntarie</strong></span> <span class='ocrx_word' id='word_1_268' title='bbox 1097 3120 1384 3189; x_wconf 85' lang='lat' dir='ltr'><strong>passiones</strong></span> <span class='ocrx_word' id='word_1_269' title='bbox 1413 3121 1720 3176; x_wconf 84' lang='lat' dir='ltr'><strong>sustinens.</strong></span> 
     </span>
    </p>
   </div>
   <div class='ocr_carea' id='block_1_49' title="bbox 747 3204 1752 3277">
    <p class='ocr_par' dir='ltr' id='par_1_49' title="bbox 747 3204 1752 3277">
     <span class='ocr_line' id='line_1_49' title="bbox 747 3204 1752 3277; baseline 0.007 -18"><span class='ocrx_word' id='word_1_270' title='bbox 747 3204 813 3259; x_wconf 86' lang='lat' dir='ltr'><strong>In</strong></span> <span class='ocrx_word' id='word_1_271' title='bbox 843 3207 1112 3276; x_wconf 80' lang='lat' dir='ltr'><strong>profunda</strong></span> <span class='ocrx_word' id='word_1_272' title='bbox 1144 3207 1409 3277; x_wconf 83' lang='lat' dir='ltr'><strong>quondam</strong></span> <span class='ocrx_word' id='word_1_273' title='bbox 1437 3210 1752 3277; x_wconf 77' lang='lat' dir='ltr'><strong>prostravit.</strong></span> 
     </span>
    </p>
   </div>
   <div class='ocr_carea' id='block_1_50' title="bbox 537 3296 2041 3372">
    <p class='ocr_par' dir='ltr' id='par_1_50' title="bbox 537 3296 2041 3372">
     <span class='ocr_line' id='line_1_50' title="bbox 537 3296 2041 3372; baseline 0.004 -22"><span class='ocrx_word' id='word_1_274' title='bbox 537 3296 596 3350; x_wconf 89' lang='lat' dir='ltr'><strong>lu</strong></span> <span class='ocrx_word' id='word_1_275' title='bbox 659 3298 926 3368; x_wconf 83' lang='lat' dir='ltr'><strong>cymbalis</strong></span> <span class='ocrx_word' id='word_1_276' title='bbox 983 3298 1256 3354; x_wconf 85' lang='lat' dir='ltr'><strong>Davidicis</strong></span> <span class='ocrx_word' id='word_1_277' title='bbox 1316 3315 1466 3354; x_wconf 89' lang='lat' dir='ltr'><strong>nunc</strong></span> <span class='ocrx_word' id='word_1_278' title='bbox 1521 3299 1783 3372; x_wconf 85' lang='lat' dir='ltr'><strong>hymnum</strong></span> <span class='ocrx_word' id='word_1_279' title='bbox 1845 3302 2041 3356; x_wconf 83' lang='lat' dir='ltr'><strong>trium-</strong></span> 
     </span>
    </p>
   </div>
   <div class='ocr_carea' id='block_1_51' title="bbox 463 3386 2040 3462">
    <p class='ocr_par' dir='ltr' id='par_1_51' title="bbox 463 3386 2040 3462">
     <span class='ocr_line' id='line_1_51' title="bbox 463 3386 2040 3462; baseline 0.005 -21"><span class='ocrx_word' id='word_1_280' title='bbox 463 3386 678 3458; x_wconf 84' lang='lat' dir='ltr'><strong>phalem</strong></span> <span class='ocrx_word' id='word_1_281' title='bbox 713 3387 1062 3459; x_wconf 77' lang='lat' dir='ltr'><strong>Redemptori</strong></span> <span class='ocrx_word' id='word_1_282' title='bbox 1098 3391 1302 3460; x_wconf 76' lang='lat' dir='ltr'><strong>gratias</strong></span> <span class='ocrx_word' id='word_1_283' title='bbox 1347 3392 1560 3462; x_wconf 83' lang='lat' dir='ltr'><strong>agendo</strong></span> <span class='ocrx_word' id='word_1_284' title='bbox 1585 3407 1884 3459; x_wconf 85' lang='lat' dir='ltr'><strong>canamus;</strong></span> <span class='ocrx_word' id='word_1_285' title='bbox 1911 3395 2040 3450; x_wconf 79' lang='lat' dir='ltr'><strong>abs-</strong></span> 
     </span>
    </p>
   </div>
   <div class='ocr_carea' id='block_1_52' title="bbox 461 3478 2039 3552">
    <p class='ocr_par' dir='ltr' id='par_1_52' title="bbox 461 3478 2039 3552">
     <span class='ocr_line' id='line_1_52' title="bbox 461 3478 2039 3552; baseline 0.004 -20"><span class='ocrx_word' id='word_1_286' title='bbox 461 3478 590 3533; x_wconf 89' lang='lat' dir='ltr'><strong>tulit</strong></span> <span class='ocrx_word' id='word_1_287' title='bbox 630 3479 778 3534; x_wconf 88' lang='lat' dir='ltr'><strong>cnim</strong></span> <span class='ocrx_word' id='word_1_288' title='bbox 825 3487 1080 3548; x_wconf 89' lang='lat' dir='ltr'><strong>mortem,</strong></span> <span class='ocrx_word' id='word_1_289' title='bbox 1127 3480 1558 3552; x_wconf 87' lang='lat' dir='ltr'><strong>redemptionem</strong></span> <span class='ocrx_word' id='word_1_290' title='bbox 1607 3494 1662 3537; x_wconf 89' lang='lat' dir='ltr'><strong>et</strong></span> <span class='ocrx_word' id='word_1_291' title='bbox 1701 3484 1864 3537; x_wconf 90' lang='lat' dir='ltr'><strong>vitam</strong></span> <span class='ocrx_word' id='word_1_292' title='bbox 1901 3498 2039 3539; x_wconf 83' lang='lat' dir='ltr'><strong>con-</strong></span> 
     </span>
    </p>
   </div>
   <div class='ocr_carea' id='block_1_53' title="bbox 461 3571 1897 3646">
    <p class='ocr_par' dir='ltr' id='par_1_53' title="bbox 461 3571 1897 3646">
     <span class='ocr_line' id='line_1_53' title="bbox 461 3571 1897 3646; baseline 0.003 -20"><span class='ocrx_word' id='word_1_293' title='bbox 461 3571 664 3628; x_wconf 83' lang='lat' dir='ltr'><strong>cedens</strong></span> <span class='ocrx_word' id='word_1_294' title='bbox 693 3573 962 3629; x_wconf 81' lang='lat' dir='ltr'><strong>devinctis</strong></span> <span class='ocrx_word' id='word_1_295' title='bbox 995 3589 1024 3627; x_wconf 90' lang='lat' dir='ltr'><strong>a</strong></span> <span class='ocrx_word' id='word_1_296' title='bbox 1048 3574 1269 3639; x_wconf 66' lang='lat' dir='ltr'><strong>saeculo,</strong></span> <span class='ocrx_word' id='word_1_297' title='bbox 1302 3582 1564 3646; x_wconf 85' lang='lat' dir='ltr'><strong>tanquam</strong></span> <span class='ocrx_word' id='word_1_298' title='bbox 1599 3575 1897 3631; x_wconf 85' lang='lat' dir='ltr'><strong>humanus.</strong></span> 
     </span>
    </p>
   </div>
   <div class='ocr_carea' id='block_1_54' title="bbox 533 3661 2044 3733">
    <p class='ocr_par' dir='ltr' id='par_1_54' title="bbox 533 3661 2044 3733">
     <span class='ocr_line' id='line_1_54' title="bbox 533 3661 2044 3733; baseline 0.003 -17"><span class='ocrx_word' id='word_1_299' title='bbox 533 3661 592 3717; x_wconf 91' lang='lat' dir='ltr'><strong>In</strong></span> <span class='ocrx_word' id='word_1_300' title='bbox 622 3667 858 3720; x_wconf 87' lang='lat' dir='ltr'><strong>mortuis</strong></span> <span class='ocrx_word' id='word_1_301' title='bbox 881 3666 1038 3722; x_wconf 87' lang='lat' dir='ltr'><strong>visus</strong></span> <span class='ocrx_word' id='word_1_302' title='bbox 1085 3680 1211 3720; x_wconf 92' lang='lat' dir='ltr'><strong>cum</strong></span> <span class='ocrx_word' id='word_1_303' title='bbox 1242 3667 1448 3733; x_wconf 89' lang='lat' dir='ltr'><strong>anima,</strong></span> <span class='ocrx_word' id='word_1_304' title='bbox 1482 3668 1764 3723; x_wconf 88' lang='lat' dir='ltr'><strong>occisione</strong></span> <span class='ocrx_word' id='word_1_305' title='bbox 1793 3668 2044 3722; x_wconf 86' lang='lat' dir='ltr'><strong>volunta-</strong></span> 
     </span>
    </p>
   </div>
   <div class='ocr_carea' id='block_1_55' title="bbox 462 3756 2044 3829">
    <p class='ocr_par' dir='ltr' id='par_1_55' title="bbox 462 3756 2044 3829">
     <span class='ocr_line' id='line_1_55' title="bbox 462 3756 2044 3829; baseline 0.004 -18"><span class='ocrx_word' id='word_1_306' title='bbox 462 3756 550 3812; x_wconf 84' lang='lat' dir='ltr'><strong>rla</strong></span> <span class='ocrx_word' id='word_1_307' title='bbox 579 3758 634 3812; x_wconf 93' lang='lat' dir='ltr'><strong>in</strong></span> <span class='ocrx_word' id='word_1_308' title='bbox 668 3773 835 3815; x_wconf 89' lang='lat' dir='ltr'><strong>carne</strong></span> <span class='ocrx_word' id='word_1_309' title='bbox 882 3768 1125 3829; x_wconf 89' lang='lat' dir='ltr'><strong>recepta,</strong></span> <span class='ocrx_word' id='word_1_310' title='bbox 1160 3759 1403 3826; x_wconf 89' lang='lat' dir='ltr'><strong>Christe,</strong></span> <span class='ocrx_word' id='word_1_311' title='bbox 1438 3759 1650 3816; x_wconf 87' lang='lat' dir='ltr'><strong>animas</strong></span> <span class='ocrx_word' id='word_1_312' title='bbox 1701 3761 1945 3817; x_wconf 83' lang='lat' dir='ltr'><strong>liberasti</strong></span> <span class='ocrx_word' id='word_1_313' title='bbox 1990 3770 2044 3818; x_wconf 89' lang='lat' dir='ltr'><strong>et</strong></span> 
     </span>
    </p>
   </div>
   <div class='ocr_carea' id='block_1_56' title="bbox 462 3851 2041 3924">
    <p class='ocr_par' dir='ltr' id='par_1_56' title="bbox 462 3851 2041 3924">
     <span class='ocr_line' id='line_1_56' title="bbox 462 3851 2041 3924; baseline 0.006 -20"><span class='ocrx_word' id='word_1_314' title='bbox 462 3852 808 3922; x_wconf 77' lang='lat' dir='ltr'><strong>cengregasti</strong></span> <span class='ocrx_word' id='word_1_315' title='bbox 839 3859 894 3906; x_wconf 91' lang='lat' dir='ltr'><strong>ct</strong></span> <span class='ocrx_word' id='word_1_316' title='bbox 920 3851 1040 3907; x_wconf 91' lang='lat' dir='ltr'><strong>luce</strong></span> <span class='ocrx_word' id='word_1_317' title='bbox 1063 3852 1372 3919; x_wconf 85' lang='lat' dir='ltr'><strong>illustrasti,</strong></span> <span class='ocrx_word' id='word_1_318' title='bbox 1402 3854 1555 3908; x_wconf 89' lang='lat' dir='ltr'><strong>solus</strong></span> <span class='ocrx_word' id='word_1_319' title='bbox 1576 3852 1742 3908; x_wconf 88' lang='lat' dir='ltr'><strong>vitam</strong></span> <span class='ocrx_word' id='word_1_320' title='bbox 1771 3854 2041 3924; x_wconf 56' lang='lat' dir='ltr'><strong>praebens.</strong></span> 
     </span>
    </p>
   </div>
   <div class='ocr_carea' id='block_1_57' title="bbox 464 3939 1530 4015">
    <p class='ocr_par' dir='ltr' id='par_1_57' title="bbox 464 3939 1530 4015">
     <span class='ocr_line' id='line_1_57' title="bbox 464 3939 1530 4015; baseline 0.007 -20"><span class='ocrx_word' id='word_1_321' title='bbox 464 3939 679 3996; x_wconf 82' lang='lat' dir='ltr'><strong>Pascha</strong></span> <span class='ocrx_word' id='word_1_322' title='bbox 711 3944 1021 3999; x_wconf 84' lang='lat' dir='ltr'><strong>venerabile</strong></span> <span class='ocrx_word' id='word_1_323' title='bbox 1047 3955 1102 4000; x_wconf 90' lang='lat' dir='ltr'><strong>et</strong></span> <span class='ocrx_word' id='word_1_324' title='bbox 1129 3945 1530 4015; x_wconf 78' lang='lat' dir='ltr'><strong>expiatorium.</strong></span> 
     </span>
    </p>
   </div>
   <div class='ocr_carea' id='block_1_58' title="bbox 535 4034 2044 4108">
    <p class='ocr_par' dir='ltr' id='par_1_58' title="bbox 535 4034 2044 4108">
     <span class='ocr_line' id='line_1_58' title="bbox 535 4034 2044 4108; baseline 0.004 -19"><span class='ocrx_word' id='word_1_325' title='bbox 535 4034 856 4092; x_wconf 86' lang='lat' dir='ltr'><strong>lmmolatus</strong></span> <span class='ocrx_word' id='word_1_326' title='bbox 885 4051 1059 4108; x_wconf 89' lang='lat' dir='ltr'><strong>agnus</strong></span> <span class='ocrx_word' id='word_1_327' title='bbox 1091 4045 1312 4108; x_wconf 87' lang='lat' dir='ltr'><strong>propter</strong></span> <span class='ocrx_word' id='word_1_328' title='bbox 1357 4052 1482 4103; x_wconf 89' lang='lat' dir='ltr'><strong>nos,</strong></span> <span class='ocrx_word' id='word_1_329' title='bbox 1534 4034 1746 4092; x_wconf 87' lang='lat' dir='ltr'><strong>Pascha</strong></span> <span class='ocrx_word' id='word_1_330' title='bbox 1798 4037 2044 4095; x_wconf 85' lang='lat' dir='ltr'><strong>salutare</strong></span> 
     </span>
    </p>
   </div>
   <div class='ocr_carea' id='block_1_59' title="bbox 463 4128 2042 4202">
    <p class='ocr_par' dir='ltr' id='par_1_59' title="bbox 463 4128 2042 4202">
     <span class='ocr_line' id='line_1_59' title="bbox 463 4128 2042 4202; baseline 0.001 -20"><span class='ocrx_word' id='word_1_331' title='bbox 463 4141 533 4182; x_wconf 80' lang='lat' dir='ltr'><strong>ex</strong></span> <span class='ocrx_word' id='word_1_332' title='bbox 578 4129 808 4184; x_wconf 86' lang='lat' dir='ltr'><strong>mortuis</strong></span> <span class='ocrx_word' id='word_1_333' title='bbox 859 4144 1155 4202; x_wconf 85' lang='lat' dir='ltr'><strong>resurgens</strong></span> <span class='ocrx_word' id='word_1_334' title='bbox 1203 4128 1386 4198; x_wconf 85' lang='lat' dir='ltr'><strong>hodie,</strong></span> <span class='ocrx_word' id='word_1_335' title='bbox 1442 4128 1716 4184; x_wconf 77' lang='lat' dir='ltr'><strong>infernum</strong></span> <span class='ocrx_word' id='word_1_336' title='bbox 1764 4129 2042 4199; x_wconf 87' lang='lat' dir='ltr'><strong>captivum</strong></span> 
     </span>
    </p>
   </div>
   <div class='ocr_carea' id='block_1_60' title="bbox 462 4219 2044 4294">
    <p class='ocr_par' dir='ltr' id='par_1_60' title="bbox 462 4219 2044 4294">
     <span class='ocr_line' id='line_1_60' title="bbox 462 4219 2044 4294; baseline 0.001 -18"><span class='ocrx_word' id='word_1_337' title='bbox 462 4219 648 4287; x_wconf 74' lang='lat' dir='ltr'><strong>duxit,</strong></span> <span class='ocrx_word' id='word_1_338' title='bbox 684 4221 942 4280; x_wconf 79' lang='lat' dir='ltr'><strong>auferens</strong></span> <span class='ocrx_word' id='word_1_339' title='bbox 972 4237 1114 4294; x_wconf 89' lang='lat' dir='ltr'><strong>quos</strong></span> <span class='ocrx_word' id='word_1_340' title='bbox 1144 4223 1362 4280; x_wconf 86' lang='lat' dir='ltr'><strong>vinctos</strong></span> <span class='ocrx_word' id='word_1_341' title='bbox 1408 4223 1771 4279; x_wconf 86' lang='lat' dir='ltr'><strong>absorbuerat</strong></span> <span class='ocrx_word' id='word_1_342' title='bbox 1800 4223 2044 4278; x_wconf 87' lang='lat' dir='ltr'><strong>claman-</strong></span> 
     </span>
    </p>
   </div>
   <div class='ocr_carea' id='block_1_61' title="bbox 463 4312 1789 4385">
    <p class='ocr_par' dir='ltr' id='par_1_61' title="bbox 463 4312 1789 4385">
     <span class='ocr_line' id='line_1_61' title="bbox 463 4312 1789 4385; baseline 0.002 -19"><span class='ocrx_word' id='word_1_343' title='bbox 463 4322 590 4368; x_wconf 85' lang='lat' dir='ltr'><strong>tes:</strong></span> <span class='ocrx_word' id='word_1_344' title='bbox 633 4312 823 4385; x_wconf 73' lang='lat' dir='ltr'><strong>llagna</strong></span> <span class='ocrx_word' id='word_1_345' title='bbox 861 4323 955 4369; x_wconf 89' lang='lat' dir='ltr'><strong>tua</strong></span> <span class='ocrx_word' id='word_1_346' title='bbox 999 4316 1265 4384; x_wconf 86' lang='lat' dir='ltr'><strong>potentia,</strong></span> <span class='ocrx_word' id='word_1_347' title='bbox 1294 4314 1447 4370; x_wconf 86' lang='lat' dir='ltr'><strong>solus</strong></span> <span class='ocrx_word' id='word_1_348' title='bbox 1470 4313 1789 4368; x_wconf 82' lang='lat' dir='ltr'><strong>.Liherator.</strong></span> 
     </span>
    </p>
   </div>
   <div class='ocr_carea' id='block_1_62' title="bbox 537 4402 2044 4476">
    <p class='ocr_par' dir='ltr' id='par_1_62' title="bbox 537 4402 2044 4476">
     <span class='ocr_line' id='line_1_62' title="bbox 537 4402 2044 4476; baseline 0.001 -18"><span class='ocrx_word' id='word_1_349' title='bbox 537 4402 644 4471; x_wconf 85' lang='lat' dir='ltr'><strong>Qui</strong></span> <span class='ocrx_word' id='word_1_350' title='bbox 671 4405 940 4474; x_wconf 83' lang='lat' dir='ltr'><strong>virginem</strong></span> <span class='ocrx_word' id='word_1_351' title='bbox 986 4403 1264 4460; x_wconf 85' lang='lat' dir='ltr'><strong>ostendite</strong></span> <span class='ocrx_word' id='word_1_352' title='bbox 1292 4419 1509 4476; x_wconf 85' lang='lat' dir='ltr'><strong>puram,</strong></span> <span class='ocrx_word' id='word_1_353' title='bbox 1543 4404 1708 4460; x_wconf 90' lang='lat' dir='ltr'><strong>etiam</strong></span> <span class='ocrx_word' id='word_1_354' title='bbox 1749 4413 1875 4474; x_wconf 89' lang='lat' dir='ltr'><strong>post</strong></span> <span class='ocrx_word' id='word_1_355' title='bbox 1917 4417 2044 4474; x_wconf 84' lang='lat' dir='ltr'><strong>par-</strong></span> 
     </span>
    </p>
   </div>
   <div class='ocr_carea' id='block_1_63' title="bbox 2073 1821 3363 1914">
    <p class='ocr_par' dir='ltr' id='par_1_63' title="bbox 2073 1821 3363 1914">
     <span class='ocr_line' id='line_1_63' title="bbox 2073 1821 3363 1914; baseline -0.005 -16"><span class='ocrx_word' id='word_1_356' title='bbox 2073 1821 2116 1878; x_wconf 74' lang='grc' dir='ltr'><strong>Β</strong></span> <span class='ocrx_word' id='word_1_357' title='bbox 2149 1821 2357 1898; x_wconf 24' lang='grc' dir='ltr'>*Ἰούδαν</span> <span class='ocrx_word' id='word_1_358' title='bbox 2388 1842 2746 1914; x_wconf 81' lang='grc' dir='ltr'>συνεργάτην,</span> <span class='ocrx_word' id='word_1_359' title='bbox 2781 1841 3008 1913; x_wconf 78' lang='grc' dir='ltr'>Χριστὲ,</span> <span class='ocrx_word' id='word_1_360' title='bbox 3039 1839 3363 1909; x_wconf 79' lang='grc' dir='ltr'>λαδόμενον.</span> 
     </span>
    </p>
   </div>
   <div class='ocr_carea' id='block_1_64' title="bbox 2223 1925 3728 2006">
    <p class='ocr_par' dir='ltr' id='par_1_64' title="bbox 2223 1925 3728 2006">
     <span class='ocr_line' id='line_1_64' title="bbox 2223 1925 3728 2006; baseline -0.01 -15"><span class='ocrx_word' id='word_1_361' title='bbox 2223 1938 2288 1991; x_wconf 84' lang='grc' dir='ltr'><strong>Ἦ</strong></span> <span class='ocrx_word' id='word_1_362' title='bbox 2323 1934 2418 1990; x_wconf 82' lang='grc' dir='ltr'><strong>τοῦ</strong></span> <span class='ocrx_word' id='word_1_363' title='bbox 2464 1934 2669 2006; x_wconf 76' lang='grc' dir='ltr'>λεπροῦ</span> <span class='ocrx_word' id='word_1_364' title='bbox 2713 1934 2879 1989; x_wconf 85' lang='grc' dir='ltr'>πάλαι</span> <span class='ocrx_word' id='word_1_365' title='bbox 2928 1932 3104 2004; x_wconf 80' lang='grc' dir='ltr'>σκηνὴ</span> <span class='ocrx_word' id='word_1_366' title='bbox 3136 1932 3449 2000; x_wconf 78' lang='grc' dir='ltr'>ἱλαστήριον</span> <span class='ocrx_word' id='word_1_367' title='bbox 3478 1929 3579 1979; x_wconf 82' lang='grc' dir='ltr'>τὸν</span> <span class='ocrx_word' id='word_1_368' title='bbox 3620 1925 3728 1977; x_wconf 72' lang='grc' dir='ltr'>ίλασ</span> 
     </span>
    </p>
   </div>
   <div class='ocr_carea' id='block_1_65' title="bbox 2143 2017 3729 2100">
    <p class='ocr_par' dir='ltr' id='par_1_65' title="bbox 2143 2017 3729 2100">
     <span class='ocr_line' id='line_1_65' title="bbox 2143 2017 3729 2100; baseline -0.007 -17"><span class='ocrx_word' id='word_1_369' title='bbox 2143 2030 2280 2100; x_wconf 81' lang='grc' dir='ltr'>σμδν</span> <span class='ocrx_word' id='word_1_370' title='bbox 2319 2028 2615 2100; x_wconf 81' lang='grc' dir='ltr'>χωρήσασα</span> <span class='ocrx_word' id='word_1_371' title='bbox 2660 2027 2876 2081; x_wconf 85' lang='grc' dir='ltr'>πάντων</span> <span class='ocrx_word' id='word_1_372' title='bbox 2921 2025 3212 2096; x_wconf 82' lang='grc' dir='ltr'>γεγένηται</span> <span class='ocrx_word' id='word_1_373' title='bbox 3234 2039 3249 2056; x_wconf 74' lang='grc' dir='ltr'><strong>ο</strong></span> <span class='ocrx_word' id='word_1_374' title='bbox 3297 2024 3357 2076; x_wconf 81' lang='grc' dir='ltr'><strong>δν</strong></span> <span class='ocrx_word' id='word_1_375' title='bbox 3405 2019 3655 2092; x_wconf 77' lang='grc' dir='ltr'>εὑροῦσα</span> <span class='ocrx_word' id='word_1_376' title='bbox 3698 2017 3729 2085; x_wconf 69' lang='grc' dir='ltr'>ἡ</span> 
     </span>
    </p>
   </div>
   <div class='ocr_carea' id='block_1_66' title="bbox 2141 2115 3426 2191">
    <p class='ocr_par' dir='ltr' id='par_1_66' title="bbox 2141 2115 3426 2191">
     <span class='ocr_line' id='line_1_66' title="bbox 2141 2115 3426 2191; baseline -0.005 -17"><span class='ocrx_word' id='word_1_377' title='bbox 2141 2120 2316 2191; x_wconf 83' lang='grc' dir='ltr'>πόρνη</span> <span class='ocrx_word' id='word_1_378' title='bbox 2347 2119 2554 2191; x_wconf 80' lang='grc' dir='ltr'>μυρίων</span> <span class='ocrx_word' id='word_1_379' title='bbox 2581 2117 2912 2190; x_wconf 79' lang='grc' dir='ltr'>ὀφλημάτων</span> <span class='ocrx_word' id='word_1_380' title='bbox 2936 2115 3090 2170; x_wconf 82' lang='grc' dir='ltr'>λύσιν</span> <span class='ocrx_word' id='word_1_381' title='bbox 3117 2115 3426 2184; x_wconf 76' lang='grc' dir='ltr'>κομίζεται.</span> 
     </span>
    </p>
   </div>
   <div class='ocr_carea' id='block_1_67' title="bbox 2211 2290 3724 2369">
    <p class='ocr_par' dir='ltr' id='par_1_67' title="bbox 2211 2290 3724 2369">
     <span class='ocr_line' id='line_1_67' title="bbox 2211 2290 3724 2369; baseline 0.007 -19"><span class='ocrx_word' id='word_1_382' title='bbox 2211 2296 2429 2369; x_wconf 77' lang='grc' dir='ltr'>Νόμους</span> <span class='ocrx_word' id='word_1_383' title='bbox 2455 2298 2582 2361; x_wconf 79' lang='grc' dir='ltr'>τοὺς</span> <span class='ocrx_word' id='word_1_384' title='bbox 2611 2298 2738 2362; x_wconf 81' lang='grc' dir='ltr'><strong>σούς</strong></span> <span class='ocrx_word' id='word_1_385' title='bbox 2765 2295 2840 2369; x_wconf 78' lang='grc' dir='ltr'>μὴ</span> <span class='ocrx_word' id='word_1_386' title='bbox 2871 2298 3216 2368; x_wconf 73' lang='grc' dir='ltr'>συν-τηρήσας</span> <span class='ocrx_word' id='word_1_387' title='bbox 3241 2296 3270 2349; x_wconf 77' lang='grc' dir='ltr'><strong>ὁ</strong></span> <span class='ocrx_word' id='word_1_388' title='bbox 3294 2293 3534 2354; x_wconf 76' lang='grc' dir='ltr'>δείλαιος</span> <span class='ocrx_word' id='word_1_389' title='bbox 3553 2333 3570 2357; x_wconf 81' lang='lat'><strong>.</strong></span> <span class='ocrx_word' id='word_1_390' title='bbox 3604 2290 3724 2360; x_wconf 76' lang='grc' dir='ltr'>φιλ’</span> 
     </span>
    </p>
   </div>
   <div class='ocr_carea' id='block_1_68' title="bbox 2139 2383 3727 2461">
    <p class='ocr_par' dir='ltr' id='par_1_68' title="bbox 2139 2383 3727 2461">
     <span class='ocr_line' id='line_1_68' title="bbox 2139 2383 3727 2461; baseline -0.006 -17"><span class='ocrx_word' id='word_1_391' title='bbox 2139 2391 2463 2461; x_wconf 84' lang='grc' dir='ltr'>αργυρήσας</span> <span class='ocrx_word' id='word_1_392' title='bbox 2506 2389 2696 2454; x_wconf 74' lang='grc' dir='ltr'>ὤλετο,</span> <span class='ocrx_word' id='word_1_393' title='bbox 2727 2389 2823 2443; x_wconf 75' lang='grc' dir='ltr'>καὶ</span> <span class='ocrx_word' id='word_1_394' title='bbox 2852 2386 3192 2459; x_wconf 84' lang='grc' dir='ltr'>παραδοῦναί</span> <span class='ocrx_word' id='word_1_395' title='bbox 3225 2403 3286 2440; x_wconf 85' lang='grc' dir='ltr'><strong>σε</strong></span> <span class='ocrx_word' id='word_1_396' title='bbox 3313 2385 3609 2457; x_wconf 60' lang='grc' dir='ltr'>φονευταίς</span> <span class='ocrx_word' id='word_1_397' title='bbox 3643 2383 3727 2435; x_wconf 76' lang='grc' dir='ltr'><strong>ὲν-</strong></span> 
     </span>
    </p>
   </div>
   <div class='ocr_carea' id='block_1_69' title="bbox 2141 2475 3588 2552">
    <p class='ocr_par' dir='ltr' id='par_1_69' title="bbox 2141 2475 3588 2552">
     <span class='ocr_line' id='line_1_69' title="bbox 2141 2475 3588 2552; baseline -0.006 -17"><span class='ocrx_word' id='word_1_398' title='bbox 2141 2476 2397 2552; x_wconf 77' lang='grc' dir='ltr'>θυμεῖταὶ</span> <span class='ocrx_word' id='word_1_399' title='bbox 2433 2481 2637 2545; x_wconf 81' lang='grc' dir='ltr'>Ἰούδας</span> <span class='ocrx_word' id='word_1_400' title='bbox 2658 2481 2758 2551; x_wconf 80' lang='grc' dir='ltr'>τὴν</span> <span class='ocrx_word' id='word_1_401' title='bbox 2785 2480 3026 2550; x_wconf 82' lang='grc' dir='ltr'>ἀγχόνην</span> <span class='ocrx_word' id='word_1_402' title='bbox 3055 2475 3384 2549; x_wconf 71' lang='grc' dir='ltr'>ἀντικληρού</span> <span class='ocrx_word' id='word_1_403' title='bbox 3394 2492 3588 2546; x_wconf 86' lang='grc' dir='ltr'>μενος.</span> 
     </span>
    </p>
   </div>
   <div class='ocr_carea' id='block_1_70' title="bbox 2212 2564 3724 2644">
    <p class='ocr_par' dir='ltr' id='par_1_70' title="bbox 2212 2564 3724 2644">
     <span class='ocr_line' id='line_1_70' title="bbox 2212 2564 3724 2644; baseline -0.009 -17"><span class='ocrx_word' id='word_1_404' title='bbox 2212 2573 2337 2639; x_wconf 87' lang='grc' dir='ltr'><strong>Πῶς</strong></span> <span class='ocrx_word' id='word_1_405' title='bbox 2377 2572 2446 2626; x_wconf 82' lang='grc' dir='ltr'>δι’</span> <span class='ocrx_word' id='word_1_406' title='bbox 2466 2573 2614 2644; x_wconf 77' lang='grc' dir='ltr'>ἡμᾶς</span> <span class='ocrx_word' id='word_1_407' title='bbox 2656 2571 2792 2642; x_wconf 68' lang='grc' dir='ltr'>ἔρχῃ</span> <span class='ocrx_word' id='word_1_408' title='bbox 2821 2570 3036 2635; x_wconf 79' lang='grc' dir='ltr'>παθεῖν,</span> <span class='ocrx_word' id='word_1_409' title='bbox 3067 2567 3384 2638; x_wconf 84' lang='grc' dir='ltr'>ὐπεράγαθε</span> <span class='ocrx_word' id='word_1_410' title='bbox 3410 2583 3426 2630; x_wconf 93' lang='lat'><strong>;</strong></span> <span class='ocrx_word' id='word_1_411' title='bbox 3461 2564 3594 2627; x_wconf 86' lang='grc' dir='ltr'>Πῶς</span> <span class='ocrx_word' id='word_1_412' title='bbox 3622 2579 3724 2614; x_wconf 86' lang='grc' dir='ltr'>πα-</span> 
     </span>
    </p>
   </div>
   <div class='ocr_carea' id='block_1_71' title="bbox 2143 2656 3724 2739">
    <p class='ocr_par' dir='ltr' id='par_1_71' title="bbox 2143 2656 3724 2739">
     <span class='ocr_line' id='line_1_71' title="bbox 2143 2656 3724 2739; baseline -0.01 -18"><span class='ocrx_word' id='word_1_413' title='bbox 2143 2666 2406 2739; x_wconf 78' lang='grc' dir='ltr'>ραστῆναι</span> <span class='ocrx_word' id='word_1_414' title='bbox 2435 2663 2642 2736; x_wconf 83' lang='grc' dir='ltr'>βήματι</span> <span class='ocrx_word' id='word_1_415' title='bbox 2673 2664 2749 2727; x_wconf 89' lang='grc' dir='ltr'><strong>ώς</strong></span> <span class='ocrx_word' id='word_1_416' title='bbox 2779 2661 3177 2733; x_wconf 76' lang='grc' dir='ltr'>κριθησόμενος</span> <span class='ocrx_word' id='word_1_417' title='bbox 3217 2657 3313 2712; x_wconf 82' lang='grc' dir='ltr'><strong>τοῦ</strong></span> <span class='ocrx_word' id='word_1_418' title='bbox 3346 2656 3590 2712; x_wconf 80' lang='grc' dir='ltr'>Πιλάτου</span> <span class='ocrx_word' id='word_1_419' title='bbox 3635 2656 3724 2707; x_wconf 84' lang='grc' dir='ltr'><strong>ἁν-</strong></span> 
     </span>
    </p>
   </div>
   <div class='ocr_carea' id='block_1_72' title="bbox 2140 2749 3671 2832">
    <p class='ocr_par' dir='ltr' id='par_1_72' title="bbox 2140 2749 3671 2832">
     <span class='ocr_line' id='line_1_72' title="bbox 2140 2749 3671 2832; baseline -0.008 -19"><span class='ocrx_word' id='word_1_420' title='bbox 2140 2760 2274 2832; x_wconf 76' lang='grc' dir='ltr'>ἐχῃς</span> <span class='ocrx_word' id='word_1_421' title='bbox 2317 2757 2654 2830; x_wconf 79' lang='grc' dir='ltr'>Ἀμὲτρητος</span> <span class='ocrx_word' id='word_1_422' title='bbox 2681 2757 2710 2810; x_wconf 83' lang='grc' dir='ltr'>ὀ</span> <span class='ocrx_word' id='word_1_423' title='bbox 2738 2754 2966 2819; x_wconf 80' lang='grc' dir='ltr'>πλοῦτος</span> <span class='ocrx_word' id='word_1_424' title='bbox 2989 2756 3088 2826; x_wconf 84' lang='grc' dir='ltr'>τῆς</span> <span class='ocrx_word' id='word_1_425' title='bbox 3113 2749 3523 2823; x_wconf 78' lang='grc' dir='ltr'>εὐσπλαγχνίας</span> <span class='ocrx_word' id='word_1_426' title='bbox 3554 2766 3671 2802; x_wconf 90' lang='grc' dir='ltr'>σου.</span> 
     </span>
    </p>
   </div>
   <div class='ocr_carea' id='block_1_73' title="bbox 2208 2924 3722 3008">
    <p class='ocr_par' dir='ltr' id='par_1_73' title="bbox 2208 2924 3722 3008">
     <span class='ocr_line' id='line_1_73' title="bbox 2208 2924 3722 3008; baseline -0.009 -18"><span class='ocrx_word' id='word_1_427' title='bbox 2208 2939 2274 2992; x_wconf 82' lang='grc' dir='ltr'>Δί</span> <span class='ocrx_word' id='word_1_428' title='bbox 2302 2935 2435 3008; x_wconf 79' lang='grc' dir='ltr'>περὶ</span> <span class='ocrx_word' id='word_1_429' title='bbox 2463 2935 2558 2990; x_wconf 81' lang='grc' dir='ltr'>σοῦ</span> <span class='ocrx_word' id='word_1_430' title='bbox 2595 2933 2780 3000; x_wconf 83' lang='grc' dir='ltr'>πάλαι,</span> <span class='ocrx_word' id='word_1_431' title='bbox 2813 2931 3078 3004; x_wconf 83' lang='grc' dir='ltr'>Παρθένε,</span> <span class='ocrx_word' id='word_1_432' title='bbox 3104 2929 3364 3002; x_wconf 78' lang='grc' dir='ltr'>ᾁδόμεναι</span> <span class='ocrx_word' id='word_1_433' title='bbox 3394 2927 3505 2982; x_wconf 85' lang='grc' dir='ltr'><strong>τῶν</strong></span> <span class='ocrx_word' id='word_1_434' title='bbox 3531 2924 3722 2996; x_wconf 76' lang='grc' dir='ltr'>θεηγό·</span> 
     </span>
    </p>
   </div>
   <div class='ocr_carea' id='block_1_74' title="bbox 2140 3017 3724 3102">
    <p class='ocr_par' dir='ltr' id='par_1_74' title="bbox 2140 3017 3724 3102">
     <span class='ocr_line' id='line_1_74' title="bbox 2140 3017 3724 3102; baseline -0.009 -18"><span class='ocrx_word' id='word_1_435' title='bbox 2140 3048 2252 3102; x_wconf 86' lang='grc' dir='ltr'><strong>ρων</strong></span> <span class='ocrx_word' id='word_1_436' title='bbox 2278 3030 2512 3101; x_wconf 78' lang='grc' dir='ltr'>ἄχραντε</span> <span class='ocrx_word' id='word_1_437' title='bbox 2547 3029 2737 3100; x_wconf 80' lang='grc' dir='ltr'>ῥήσεις</span> <span class='ocrx_word' id='word_1_438' title='bbox 2763 3024 2944 3094; x_wconf 89' lang='grc' dir='ltr'>πεπλή</span> <span class='ocrx_word' id='word_1_439' title='bbox 2953 3039 3152 3095; x_wconf 86' lang='grc' dir='ltr'>ρωνται</span> <span class='ocrx_word' id='word_1_440' title='bbox 3172 3040 3186 3054; x_wconf 89' lang='grc'><strong>·</strong></span> <span class='ocrx_word' id='word_1_441' title='bbox 3241 3020 3337 3075; x_wconf 75' lang='grc' dir='ltr'>καὶ</span> <span class='ocrx_word' id='word_1_442' title='bbox 3381 3018 3495 3090; x_wconf 84' lang='grc' dir='ltr'><strong>γάρ</strong></span> <span class='ocrx_word' id='word_1_443' title='bbox 3541 3017 3724 3078; x_wconf 72' lang='grc' dir='ltr'>ἔτεκες</span> 
     </span>
    </p>
   </div>
   <div class='ocr_carea' id='block_1_75' title="bbox 2140 3114 3359 3193">
    <p class='ocr_par' dir='ltr' id='par_1_75' title="bbox 2140 3114 3359 3193">
     <span class='ocr_line' id='line_1_75' title="bbox 2140 3114 3359 3193; baseline -0.008 -17"><span class='ocrx_word' id='word_1_444' title='bbox 2140 3123 2313 3192; x_wconf 86' lang='grc' dir='ltr'>Λόγον</span> <span class='ocrx_word' id='word_1_445' title='bbox 2345 3121 2510 3193; x_wconf 75' lang='grc' dir='ltr'>σαρκὶ</span> <span class='ocrx_word' id='word_1_446' title='bbox 2540 3119 2830 3181; x_wconf 87' lang='grc' dir='ltr'>θελουσίως</span> <span class='ocrx_word' id='word_1_447' title='bbox 2864 3116 3012 3186; x_wconf 89' lang='grc' dir='ltr'>πάθη</span> <span class='ocrx_word' id='word_1_448' title='bbox 3045 3114 3359 3184; x_wconf 82' lang='grc' dir='ltr'>δεξάμενον.</span> 
     </span>
    </p>
   </div>
   <div class='ocr_carea' id='block_1_76' title="bbox 2470 3205 3403 3276">
    <p class='ocr_par' dir='ltr' id='par_1_76' title="bbox 2470 3205 3403 3276">
     <span class='ocr_line' id='line_1_76' title="bbox 2470 3205 3403 3276; baseline -0.011 -9"><span class='ocrx_word' id='word_1_449' title='bbox 2470 3213 2575 3267; x_wconf 78' lang='lat' dir='ltr'><strong>’Er</strong></span> <span class='ocrx_word' id='word_1_450' title='bbox 2603 3209 2778 3276; x_wconf 75' lang='grc' dir='ltr'><strong>βυθῷ</strong></span> <span class='ocrx_word' id='word_1_451' title='bbox 2815 3205 3199 3275; x_wconf 76' lang='grc' dir='ltr'>κατέστρωσό</span> <span class='ocrx_word' id='word_1_452' title='bbox 3237 3219 3403 3259; x_wconf 79' lang='grc' dir='ltr'>ποτε.</span> 
     </span>
    </p>
   </div>
   <div class='ocr_carea' id='block_1_77' title="bbox 2211 3285 3723 3372">
    <p class='ocr_par' dir='ltr' id='par_1_77' title="bbox 2211 3285 3723 3372">
     <span class='ocr_line' id='line_1_77' title="bbox 2211 3285 3723 3372; baseline -0.009 -16"><span class='ocrx_word' id='word_1_453' title='bbox 2211 3302 2303 3356; x_wconf 84' lang='grc' dir='ltr'>Ἐν</span> <span class='ocrx_word' id='word_1_454' title='bbox 2349 3299 2648 3372; x_wconf 79' lang='grc' dir='ltr'>κυμδάλοις</span> <span class='ocrx_word' id='word_1_455' title='bbox 2679 3298 2774 3352; x_wconf 82' lang='grc' dir='ltr'>νῦν</span> <span class='ocrx_word' id='word_1_456' title='bbox 2801 3298 3106 3359; x_wconf 81' lang='grc' dir='ltr'>Δαυῖτικοϊς</span> <span class='ocrx_word' id='word_1_457' title='bbox 3137 3293 3308 3364; x_wconf 77' lang='grc' dir='ltr'>ὕμνον</span> <span class='ocrx_word' id='word_1_458' title='bbox 3337 3293 3611 3346; x_wconf 77' lang='grc' dir='ltr'>ἐπινίκιον</span> <span class='ocrx_word' id='word_1_459' title='bbox 3654 3285 3723 3358; x_wconf 79' lang='grc' dir='ltr'><strong>τῷ</strong></span> 
     </span>
    </p>
   </div>
   <div class='ocr_carea' id='block_1_78' title="bbox 2139 3380 3722 3467">
    <p class='ocr_par' dir='ltr' id='par_1_78' title="bbox 2139 3380 3722 3467">
     <span class='ocr_line' id='line_1_78' title="bbox 2139 3380 3722 3467; baseline -0.009 -18"><span class='ocrx_word' id='word_1_460' title='bbox 2139 3396 2407 3467; x_wconf 78' lang='grc' dir='ltr'>Λυτρωτῇ</span> <span class='ocrx_word' id='word_1_461' title='bbox 2439 3390 2888 3464; x_wconf 77' lang='grc' dir='ltr'>εὐχαριστοῦντες</span> <span class='ocrx_word' id='word_1_462' title='bbox 2916 3389 3137 3461; x_wconf 83' lang='grc' dir='ltr'>ᾇσωμεν</span> <span class='ocrx_word' id='word_1_463' title='bbox 3158 3403 3174 3420; x_wconf 77' lang='grc' dir='ltr'><strong>ο</strong></span> <span class='ocrx_word' id='word_1_464' title='bbox 3209 3380 3323 3440; x_wconf 69' lang='grc' dir='ltr'>εἷλε</span> <span class='ocrx_word' id='word_1_465' title='bbox 3365 3386 3477 3456; x_wconf 84' lang='grc' dir='ltr'><strong>γὰρ</strong></span> <span class='ocrx_word' id='word_1_466' title='bbox 3505 3384 3603 3438; x_wconf 82' lang='grc' dir='ltr'><strong>τδν</strong></span> <span class='ocrx_word' id='word_1_467' title='bbox 3634 3381 3722 3435; x_wconf 76' lang='grc' dir='ltr'>θά-</span> 
     </span>
    </p>
   </div>
   <div class='ocr_carea' id='block_1_79' title="bbox 2141 3478 3716 3554">
    <p class='ocr_par' dir='ltr' id='par_1_79' title="bbox 2141 3478 3716 3554">
     <span class='ocr_line' id='line_1_79' title="bbox 2141 3478 3716 3554; baseline -0.011 -12"><span class='ocrx_word' id='word_1_468' title='bbox 2141 3502 2325 3553; x_wconf 85' lang='grc' dir='ltr'>νατον,</span> <span class='ocrx_word' id='word_1_469' title='bbox 2358 3484 2739 3554; x_wconf 87' lang='grc' dir='ltr'>ἀπολύτρωσιν</span> <span class='ocrx_word' id='word_1_470' title='bbox 2769 3481 2864 3536; x_wconf 84' lang='grc' dir='ltr'>καὶ</span> <span class='ocrx_word' id='word_1_471' title='bbox 2905 3480 3052 3552; x_wconf 79' lang='grc' dir='ltr'>ζωήν</span> <span class='ocrx_word' id='word_1_472' title='bbox 3081 3480 3452 3552; x_wconf 75' lang='grc' dir='ltr'>χαρισάμενος</span> <span class='ocrx_word' id='word_1_473' title='bbox 3477 3478 3596 3540; x_wconf 81' lang='grc' dir='ltr'>τοῖς</span> <span class='ocrx_word' id='word_1_474' title='bbox 3629 3489 3716 3525; x_wconf 71' lang='lat' dir='ltr'><strong>ne-</strong></span> 
     </span>
    </p>
   </div>
   <div class='ocr_carea' id='block_1_80' title="bbox 2143 3569 3516 3647">
    <p class='ocr_par' dir='ltr' id='par_1_80' title="bbox 2143 3569 3516 3647">
     <span class='ocr_line' id='line_1_80' title="bbox 2143 3569 3516 3647; baseline -0.007 -16"><span class='ocrx_word' id='word_1_475' title='bbox 2143 3576 2470 3647; x_wconf 80' lang='grc' dir='ltr'>πεδημένοις</span> <span class='ocrx_word' id='word_1_476' title='bbox 2495 3575 2604 3630; x_wconf 83' lang='grc' dir='ltr'>ἀπὸ</span> <span class='ocrx_word' id='word_1_477' title='bbox 2631 3573 2725 3629; x_wconf 77' lang='grc' dir='ltr'><strong>τοῦ</strong></span> <span class='ocrx_word' id='word_1_478' title='bbox 2754 3573 2974 3638; x_wconf 76' lang='grc' dir='ltr'>αἰῶνος,</span> <span class='ocrx_word' id='word_1_479' title='bbox 3001 3572 3076 3636; x_wconf 84' lang='grc' dir='ltr'>ὡς</span> <span class='ocrx_word' id='word_1_480' title='bbox 3110 3569 3516 3641; x_wconf 83' lang='grc' dir='ltr'>φιλάνθρωπος.</span> 
     </span>
    </p>
   </div>
   <div class='ocr_carea' id='block_1_81' title="bbox 2214 3658 3718 3738">
    <p class='ocr_par' dir='ltr' id='par_1_81' title="bbox 2214 3658 3718 3738">
     <span class='ocr_line' id='line_1_81' title="bbox 2214 3658 3718 3738; baseline -0.011 -13"><span class='ocrx_word' id='word_1_481' title='bbox 2214 3669 2305 3724; x_wconf 85' lang='grc' dir='ltr'>Ἐν</span> <span class='ocrx_word' id='word_1_482' title='bbox 2333 3671 2548 3738; x_wconf 82' lang='grc' dir='ltr'>νεκροῖς</span> <span class='ocrx_word' id='word_1_483' title='bbox 2571 3667 2761 3738; x_wconf 77' lang='grc' dir='ltr'>ὀφθεὶς</span> <span class='ocrx_word' id='word_1_484' title='bbox 2794 3665 2933 3737; x_wconf 86' lang='grc' dir='ltr'><strong>μετά</strong></span> <span class='ocrx_word' id='word_1_485' title='bbox 2959 3664 3158 3735; x_wconf 76' lang='grc' dir='ltr'>ψυχῆς,</span> <span class='ocrx_word' id='word_1_486' title='bbox 3183 3664 3452 3734; x_wconf 80' lang='grc' dir='ltr'>νέκρωσιν</span> <span class='ocrx_word' id='word_1_487' title='bbox 3481 3658 3718 3713; x_wconf 79' lang='grc' dir='ltr'>ἑκούσιον</span> 
     </span>
    </p>
   </div>
   <div class='ocr_carea' id='block_1_82' title="bbox 2144 3747 3721 3832">
    <p class='ocr_par' dir='ltr' id='par_1_82' title="bbox 2144 3747 3721 3832">
     <span class='ocr_line' id='line_1_82' title="bbox 2144 3747 3721 3832; baseline -0.025 -5"><span class='ocrx_word' id='word_1_488' title='bbox 2144 3763 2174 3818; x_wconf 73' lang='grc' dir='ltr'>δ</span> <span class='ocrx_word' id='word_1_489' title='bbox 2200 3763 2267 3832; x_wconf 74' lang='grc' dir='ltr'>τῇ</span> <span class='ocrx_word' id='word_1_490' title='bbox 2298 3761 2484 3832; x_wconf 73' lang='grc' dir='ltr'>σαρκὶ,</span> <span class='ocrx_word' id='word_1_491' title='bbox 2532 3758 2758 3830; x_wconf 82' lang='grc' dir='ltr'>Χριστὲ,</span> <span class='ocrx_word' id='word_1_492' title='bbox 2805 3755 3262 3827; x_wconf 80' lang='grc' dir='ltr'>καταδεξάμενος,</span> <span class='ocrx_word' id='word_1_493' title='bbox 3291 3751 3472 3823; x_wconf 77' lang='grc' dir='ltr'>ψυχὰς</span> <span class='ocrx_word' id='word_1_494' title='bbox 3504 3747 3721 3821; x_wconf 58' lang='grc' dir='ltr'>ἠλευοέ.</span> 
     </span>
    </p>
   </div>
   <div class='ocr_carea' id='block_1_83' title="bbox 2145 3846 3716 3924">
    <p class='ocr_par' dir='ltr' id='par_1_83' title="bbox 2145 3846 3716 3924">
     <span class='ocr_line' id='line_1_83' title="bbox 2145 3846 3716 3924; baseline -0.008 -18"><span class='ocrx_word' id='word_1_495' title='bbox 2145 3868 2349 3924; x_wconf 85' lang='grc' dir='ltr'>ρωσας,</span> <span class='ocrx_word' id='word_1_496' title='bbox 2392 3851 2489 3905; x_wconf 80' lang='grc' dir='ltr'>καὶ</span> <span class='ocrx_word' id='word_1_497' title='bbox 2537 3852 2882 3921; x_wconf 86' lang='grc' dir='ltr'>συνήγειρας,</span> <span class='ocrx_word' id='word_1_498' title='bbox 2911 3848 3008 3901; x_wconf 81' lang='grc' dir='ltr'>καὶ</span> <span class='ocrx_word' id='word_1_499' title='bbox 3049 3847 3189 3918; x_wconf 79' lang='grc' dir='ltr'>φωτὶ</span> <span class='ocrx_word' id='word_1_500' title='bbox 3240 3846 3716 3915; x_wconf 82' lang='grc' dir='ltr'>κατελάμπρυνας.</span> 
     </span>
    </p>
   </div>
   <div class='ocr_carea' id='block_1_84' title="bbox 2147 3935 3656 4014">
    <p class='ocr_par' dir='ltr' id='par_1_84' title="bbox 2147 3935 3656 4014">
     <span class='ocr_line' id='line_1_84' title="bbox 2147 3935 3656 4014; baseline -0.007 -17"><span class='ocrx_word' id='word_1_501' title='bbox 2147 3943 2278 4014; x_wconf 80' lang='grc' dir='ltr'>μόνε</span> <span class='ocrx_word' id='word_1_502' title='bbox 2304 3940 2559 4007; x_wconf 61' lang='lat' dir='ltr'><strong>(mea,</strong></span> <span class='ocrx_word' id='word_1_503' title='bbox 2587 3941 2779 4011; x_wconf 77' lang='grc' dir='ltr'>Πάσχα</span> <span class='ocrx_word' id='word_1_504' title='bbox 2811 3939 2874 3992; x_wconf 77' lang='grc' dir='ltr'>τὸ</span> <span class='ocrx_word' id='word_1_505' title='bbox 2904 3939 3100 3993; x_wconf 85' lang='grc' dir='ltr'>σεπτὸν</span> <span class='ocrx_word' id='word_1_506' title='bbox 3132 3937 3229 3990; x_wconf 75' lang='grc' dir='ltr'>καὶ</span> <span class='ocrx_word' id='word_1_507' title='bbox 3263 3935 3656 4006; x_wconf 85' lang='grc' dir='ltr'>καθαρτήριον.</span> 
     </span>
    </p>
   </div>
   <div class='ocr_carea' id='block_1_85' title="bbox 2227 4027 3714 4104">
    <p class='ocr_par' dir='ltr' id='par_1_85' title="bbox 2227 4027 3714 4104">
     <span class='ocr_line' id='line_1_85' title="bbox 2227 4027 3714 4104; baseline -0.011 -14"><span class='ocrx_word' id='word_1_508' title='bbox 2227 4038 2286 4090; x_wconf 87' lang='lat'><strong>&#39;0</strong></span> <span class='ocrx_word' id='word_1_509' title='bbox 2311 4034 2493 4099; x_wconf 81' lang='grc' dir='ltr'>τυθεὶς</span> <span class='ocrx_word' id='word_1_510' title='bbox 2541 4034 2712 4104; x_wconf 84' lang='grc' dir='ltr'>ἀμνὸς</span> <span class='ocrx_word' id='word_1_511' title='bbox 2740 4033 2882 4104; x_wconf 72' lang='grc' dir='ltr'>ὑπὲρ</span> <span class='ocrx_word' id='word_1_512' title='bbox 2909 4033 2942 4103; x_wconf 88' lang='grc' dir='ltr'><strong>ή</strong></span> <span class='ocrx_word' id='word_1_513' title='bbox 2953 4031 3068 4100; x_wconf 89' lang='grc' dir='ltr'><strong>μῶν</strong></span> <span class='ocrx_word' id='word_1_514' title='bbox 3091 4071 3107 4096; x_wconf 91' lang='grc'><strong>,</strong></span> <span class='ocrx_word' id='word_1_515' title='bbox 3139 4029 3332 4099; x_wconf 84' lang='grc' dir='ltr'>Πάσχα</span> <span class='ocrx_word' id='word_1_516' title='bbox 3362 4028 3425 4082; x_wconf 76' lang='grc' dir='ltr'><strong>τὸ</strong></span> <span class='ocrx_word' id='word_1_517' title='bbox 3455 4027 3714 4096; x_wconf 83' lang='grc' dir='ltr'>σωτήριον</span> 
     </span>
    </p>
   </div>
   <div class='ocr_carea' id='block_1_86' title="bbox 2146 4117 3718 4198">
    <p class='ocr_par' dir='ltr' id='par_1_86' title="bbox 2146 4117 3718 4198">
     <span class='ocr_line' id='line_1_86' title="bbox 2146 4117 3718 4198; baseline -0.01 -15"><span class='ocrx_word' id='word_1_518' title='bbox 2146 4131 2212 4183; x_wconf 83' lang='grc' dir='ltr'>ἐκ</span> <span class='ocrx_word' id='word_1_519' title='bbox 2239 4129 2347 4182; x_wconf 88' lang='grc' dir='ltr'><strong>τῶν</strong></span> <span class='ocrx_word' id='word_1_520' title='bbox 2379 4125 2586 4198; x_wconf 83' lang='grc' dir='ltr'>νεκρῶν</span> <span class='ocrx_word' id='word_1_521' title='bbox 2605 4123 2914 4188; x_wconf 80' lang='grc' dir='ltr'>ἀναδιώσας</span> <span class='ocrx_word' id='word_1_522' title='bbox 2940 4124 3201 4194; x_wconf 85' lang='grc' dir='ltr'>σήμερον,</span> <span class='ocrx_word' id='word_1_523' title='bbox 3224 4122 3355 4193; x_wconf 78' lang='grc' dir='ltr'>ᾷδην</span> <span class='ocrx_word' id='word_1_524' title='bbox 3375 4117 3718 4190; x_wconf 73' lang='grc' dir='ltr'>ᾐχμαλώτευ-</span> 
     </span>
    </p>
   </div>
   <div class='ocr_carea' id='block_1_87' title="bbox 2145 4209 3718 4290">
    <p class='ocr_par' dir='ltr' id='par_1_87' title="bbox 2145 4209 3718 4290">
     <span class='ocr_line' id='line_1_87' title="bbox 2145 4209 3718 4290; baseline -0.008 -16"><span class='ocrx_word' id='word_1_525' title='bbox 2145 4238 2263 4287; x_wconf 83' lang='grc' dir='ltr'>σεν,</span> <span class='ocrx_word' id='word_1_526' title='bbox 2292 4219 2625 4290; x_wconf 81' lang='grc' dir='ltr'>ἀφελόμενος</span> <span class='ocrx_word' id='word_1_527' title='bbox 2671 4217 2767 4281; x_wconf 84' lang='grc' dir='ltr'>οὓς</span> <span class='ocrx_word' id='word_1_528' title='bbox 2810 4215 3094 4287; x_wconf 84' lang='grc' dir='ltr'>δεσμώτας</span> <span class='ocrx_word' id='word_1_529' title='bbox 3122 4213 3352 4268; x_wconf 75' lang='grc' dir='ltr'>κατέπιε</span> <span class='ocrx_word' id='word_1_530' title='bbox 3387 4209 3718 4283; x_wconf 77' lang='grc' dir='ltr'>κράζοντας’</span> 
     </span>
    </p>
   </div>
   <div class='ocr_carea' id='block_1_88' title="bbox 2145 4306 3403 4385">
    <p class='ocr_par' dir='ltr' id='par_1_88' title="bbox 2145 4306 3403 4385">
     <span class='ocr_line' id='line_1_88' title="bbox 2145 4306 3403 4385; baseline -0.009 -16"><span class='ocrx_word' id='word_1_531' title='bbox 2145 4313 2394 4385; x_wconf 82' lang='grc' dir='ltr'>Μεγάλη,</span> <span class='ocrx_word' id='word_1_532' title='bbox 2423 4312 2553 4382; x_wconf 82' lang='grc' dir='ltr'>μόνε</span> <span class='ocrx_word' id='word_1_533' title='bbox 2579 4309 2863 4380; x_wconf 83' lang='grc' dir='ltr'>Λυτρωτά,</span> <span class='ocrx_word' id='word_1_534' title='bbox 2895 4310 2929 4380; x_wconf 83' lang='grc' dir='ltr'><strong>ή</strong></span> <span class='ocrx_word' id='word_1_535' title='bbox 2963 4306 3252 4363; x_wconf 82' lang='grc' dir='ltr'>δυναστεία</span> <span class='ocrx_word' id='word_1_536' title='bbox 3284 4323 3403 4359; x_wconf 88' lang='grc' dir='ltr'>σου.</span> 
     </span>
    </p>
   </div>
   <div class='ocr_carea' id='block_1_89' title="bbox 2228 4392 3712 4473">
    <p class='ocr_par' dir='ltr' id='par_1_89' title="bbox 2228 4392 3712 4473">
     <span class='ocr_line' id='line_1_89' title="bbox 2228 4392 3712 4473; baseline -0.013 -15"><span class='ocrx_word' id='word_1_537' title='bbox 2228 4403 2287 4458; x_wconf 89' lang='lat'><strong>&#39;0</strong></span> <span class='ocrx_word' id='word_1_538' title='bbox 2315 4401 2585 4473; x_wconf 82' lang='grc' dir='ltr'>παρθένον</span> <span class='ocrx_word' id='word_1_539' title='bbox 2605 4400 2786 4466; x_wconf 79' lang='grc' dir='ltr'>δείξας</span> <span class='ocrx_word' id='word_1_540' title='bbox 2809 4417 2868 4452; x_wconf 87' lang='grc' dir='ltr'><strong>σε</strong></span> <span class='ocrx_word' id='word_1_541' title='bbox 2896 4398 3069 4469; x_wconf 80' lang='grc' dir='ltr'>ἁγνὴν</span> <span class='ocrx_word' id='word_1_542' title='bbox 3094 4398 3187 4452; x_wconf 73' lang='grc' dir='ltr'>καὶ</span> <span class='ocrx_word' id='word_1_543' title='bbox 3215 4395 3356 4465; x_wconf 86' lang='grc' dir='ltr'><strong>μετά</strong></span> <span class='ocrx_word' id='word_1_544' title='bbox 3382 4393 3480 4466; x_wconf 78' lang='grc' dir='ltr'>τὴν</span> <span class='ocrx_word' id='word_1_545' title='bbox 3505 4392 3712 4462; x_wconf 85' lang='grc' dir='ltr'>κύησιν,</span> 
     </span>
    </p>
   </div>
   <div class='ocr_carea' id='block_1_90' title="bbox 463 4478 2060 4568">
    <p class='ocr_par' dir='ltr' id='par_1_90' title="bbox 463 4495 2036 4568">
     <span class='ocr_line' id='line_1_90' title="bbox 463 4495 2036 4568; baseline 0.001 -19"><span class='ocrx_word' id='word_1_546' title='bbox 463 4504 606 4561; x_wconf 87' lang='lat' dir='ltr'><strong>tum,</strong></span> <span class='ocrx_word' id='word_1_547' title='bbox 635 4511 702 4550; x_wconf 80' lang='lat' dir='ltr'><strong>ex</strong></span> <span class='ocrx_word' id='word_1_548' title='bbox 733 4497 967 4551; x_wconf 87' lang='lat' dir='ltr'><strong>mortuis</strong></span> <span class='ocrx_word' id='word_1_549' title='bbox 1013 4511 1304 4568; x_wconf 81' lang='lat' dir='ltr'><strong>resurgens</strong></span> <span class='ocrx_word' id='word_1_550' title='bbox 1352 4504 1475 4568; x_wconf 89' lang='lat' dir='ltr'><strong>post</strong></span> <span class='ocrx_word' id='word_1_551' title='bbox 1518 4496 1765 4552; x_wconf 86' lang='lat' dir='ltr'><strong>triduum</strong></span> <span class='ocrx_word' id='word_1_552' title='bbox 1797 4495 2036 4551; x_wconf 86' lang='lat' dir='ltr'><strong>creatio-</strong></span> 
     </span>
    </p>
   </div>
   <div class='ocr_carea' id='block_1_91' title="bbox 2165 4478 3719 4568">
    <p class='ocr_par' dir='ltr' id='par_1_91' title="bbox 2165 4478 3719 4564">
     <span class='ocr_line' id='line_1_91' title="bbox 2165 4478 3719 4564; baseline -0.012 -16"><span class='ocrx_word' id='word_1_553' title='bbox 2165 4512 2212 4548; x_wconf 71' lang='grc' dir='ltr'><strong>ικ</strong></span> <span class='ocrx_word' id='word_1_554' title='bbox 2237 4495 2346 4548; x_wconf 85' lang='grc' dir='ltr'><strong>τῶν</strong></span> <span class='ocrx_word' id='word_1_555' title='bbox 2370 4494 2580 4564; x_wconf 82' lang='grc' dir='ltr'>νεκρῶν</span> <span class='ocrx_word' id='word_1_556' title='bbox 2611 4489 2909 4559; x_wconf 75' lang='grc' dir='ltr'>ἐξαναστὰς</span> <span class='ocrx_word' id='word_1_557' title='bbox 2931 4490 3228 4562; x_wconf 88' lang='grc' dir='ltr'>τριήμερος</span> <span class='ocrx_word' id='word_1_558' title='bbox 3247 4488 3349 4558; x_wconf 81' lang='grc' dir='ltr'>τὴν</span> <span class='ocrx_word' id='word_1_559' title='bbox 3373 4486 3548 4540; x_wconf 82' lang='grc' dir='ltr'>κτίσιν</span> <span class='ocrx_word' id='word_1_560' title='bbox 3572 4478 3719 4550; x_wconf 80' lang='grc' dir='ltr'>ἐφαί-</span> 
     </span>
    </p>
   </div>
   <div class='ocr_carea' id='block_1_92' title="bbox 467 4587 2039 4659">
    <p class='ocr_par' dir='ltr' id='par_1_92' title="bbox 467 4587 2039 4659">
     <span class='ocr_line' id='line_1_92' title="bbox 467 4587 2039 4659; baseline 0.003 -19"><span class='ocrx_word' id='word_1_561' title='bbox 467 4602 592 4641; x_wconf 90' lang='lat' dir='ltr'><strong>nem</strong></span> <span class='ocrx_word' id='word_1_562' title='bbox 642 4587 960 4655; x_wconf 67' lang='lat' dir='ltr'><strong>laetiﬁcavit,</strong></span> <span class='ocrx_word' id='word_1_563' title='bbox 996 4589 1221 4659; x_wconf 89' lang='lat' dir='ltr'><strong>innupta</strong></span> <span class='ocrx_word' id='word_1_564' title='bbox 1253 4591 1606 4646; x_wconf 87' lang='lat' dir='ltr'><strong>sanctissima</strong></span> <span class='ocrx_word' id='word_1_565' title='bbox 1665 4589 1759 4645; x_wconf 89' lang='lat' dir='ltr'><strong>Dei</strong></span> <span class='ocrx_word' id='word_1_566' title='bbox 1791 4602 2039 4658; x_wconf 77' lang='lat' dir='ltr'><strong>sponsa,</strong></span> 
     </span>
    </p>
   </div>
   <div class='ocr_carea' id='block_1_93' title="bbox 464 4676 2043 4750">
    <p class='ocr_par' dir='ltr' id='par_1_93' title="bbox 464 4676 2043 4750">
     <span class='ocr_line' id='line_1_93' title="bbox 464 4676 2043 4750; baseline 0.004 -22"><span class='ocrx_word' id='word_1_567' title='bbox 464 4676 561 4746; x_wconf 78' lang='lat' dir='ltr'><strong>qui</strong></span> <span class='ocrx_word' id='word_1_568' title='bbox 593 4686 654 4730; x_wconf 91' lang='lat' dir='ltr'><strong>ut</strong></span> <span class='ocrx_word' id='word_1_569' title='bbox 683 4676 828 4733; x_wconf 85' lang='lat' dir='ltr'><strong>Deus</strong></span> <span class='ocrx_word' id='word_1_570' title='bbox 857 4678 1192 4748; x_wconf 75' lang='lat' dir='ltr'><strong>gloriﬁcatus</strong></span> <span class='ocrx_word' id='word_1_571' title='bbox 1233 4689 1352 4746; x_wconf 90' lang='lat' dir='ltr'><strong>est;</strong></span> <span class='ocrx_word' id='word_1_572' title='bbox 1384 4681 1622 4750; x_wconf 86' lang='lat' dir='ltr'><strong>gloriose</strong></span> <span class='ocrx_word' id='word_1_573' title='bbox 1655 4679 1802 4736; x_wconf 87' lang='lat' dir='ltr'><strong>enim</strong></span> <span class='ocrx_word' id='word_1_574' title='bbox 1833 4679 2043 4749; x_wconf 80' lang='lat' dir='ltr'><strong>gloriﬁ-</strong></span> 
     </span>
    </p>
   </div>
   <div class='ocr_carea' id='block_1_94' title="bbox 463 4777 765 4826">
    <p class='ocr_par' dir='ltr' id='par_1_94' title="bbox 463 4777 765 4826">
     <span class='ocr_line' id='line_1_94' title="bbox 463 4777 765 4826; baseline 0.003 -2"><span class='ocrx_word' id='word_1_575' title='bbox 463 4778 628 4826; x_wconf 80' lang='lat' dir='ltr'><strong>catus</strong></span> <span class='ocrx_word' id='word_1_576' title='bbox 659 4777 765 4825; x_wconf 89' lang='lat' dir='ltr'><strong>est.</strong></span> 
     </span>
    </p>
   </div>
   <div class='ocr_carea' id='block_1_95' title="bbox 643 4859 1860 4932">
    <p class='ocr_par' dir='ltr' id='par_1_95' title="bbox 643 4859 1860 4932">
     <span class='ocr_line' id='line_1_95' title="bbox 643 4859 1860 4932; baseline 0.004 -17"><span class='ocrx_word' id='word_1_577' title='bbox 643 4859 888 4932; x_wconf 68' lang='grc' dir='ltr'>Εῃίοηιὶι</span> <span class='ocrx_word' id='word_1_578' title='bbox 925 4877 1130 4917; x_wconf 73' lang='lat' dir='ltr'><strong>oremus</strong></span> <span class='ocrx_word' id='word_1_579' title='bbox 1179 4862 1316 4917; x_wconf 82' lang='lat' dir='ltr'><strong>sicut</strong></span> <span class='ocrx_word' id='word_1_580' title='bbox 1361 4863 1574 4932; x_wconf 77' lang='lat' dir='ltr'><strong>lilium,</strong></span> <span class='ocrx_word' id='word_1_581' title='bbox 1615 4862 1860 4920; x_wconf 75' lang='lat' dir='ltr'><strong>Domine.</strong></span> 
     </span>
    </p>
   </div>
   <div class='ocr_carea' id='block_1_96' title="bbox 538 4953 2040 5024">
    <p class='ocr_par' dir='ltr' id='par_1_96' title="bbox 538 4953 2040 5024">
     <span class='ocr_line' id='line_1_96' title="bbox 538 4953 2040 5024; baseline 0.001 -16"><span class='ocrx_word' id='word_1_582' title='bbox 538 4953 796 5008; x_wconf 84' lang='lat' dir='ltr'><strong>Educens</strong></span> <span class='ocrx_word' id='word_1_583' title='bbox 826 4955 1041 5010; x_wconf 85' lang='lat' dir='ltr'><strong>vinctos</strong></span> <span class='ocrx_word' id='word_1_584' title='bbox 1094 4955 1148 5009; x_wconf 91' lang='lat' dir='ltr'><strong>in</strong></span> <span class='ocrx_word' id='word_1_585' title='bbox 1203 4955 1431 5021; x_wconf 90' lang='lat' dir='ltr'><strong>virtute,</strong></span> <span class='ocrx_word' id='word_1_586' title='bbox 1488 4955 1736 5024; x_wconf 88' lang='lat' dir='ltr'><strong>Domine,</strong></span> <span class='ocrx_word' id='word_1_587' title='bbox 1797 4964 1895 5012; x_wconf 82' lang='lat' dir='ltr'><strong>tuo</strong></span> <span class='ocrx_word' id='word_1_588' title='bbox 1936 4955 2040 5012; x_wconf 88' lang='lat' dir='ltr'><strong>sub</strong></span> 
     </span>
    </p>
   </div>
   <div class='ocr_carea' id='block_1_97' title="bbox 467 5047 2038 5118">
    <p class='ocr_par' dir='ltr' id='par_1_97' title="bbox 467 5047 2038 5118">
     <span class='ocr_line' id='line_1_97' title="bbox 467 5047 2038 5118; baseline 0.001 -18"><span class='ocrx_word' id='word_1_589' title='bbox 467 5054 672 5102; x_wconf 85' lang='lat' dir='ltr'><strong>terram</strong></span> <span class='ocrx_word' id='word_1_590' title='bbox 727 5047 946 5114; x_wconf 89' lang='lat' dir='ltr'><strong>itinere,</strong></span> <span class='ocrx_word' id='word_1_591' title='bbox 994 5047 1318 5118; x_wconf 72' lang='lat' dir='ltr'><strong>iactatorem</strong></span> <span class='ocrx_word' id='word_1_592' title='bbox 1369 5049 1730 5106; x_wconf 77' lang='lat' dir='ltr'><strong>ercubantem</strong></span> <span class='ocrx_word' id='word_1_593' title='bbox 1785 5050 2038 5107; x_wconf 86' lang='lat' dir='ltr'><strong>occidisti</strong></span> 
     </span>
    </p>
   </div>
   <div class='ocr_carea' id='block_1_98' title="bbox 462 5146 1153 5210">
    <p class='ocr_par' dir='ltr' id='par_1_98' title="bbox 462 5146 1153 5210">
     <span class='ocr_line' id='line_1_98' title="bbox 462 5146 1153 5210; baseline 0.001 -17"><span class='ocrx_word' id='word_1_594' title='bbox 462 5147 794 5210; x_wconf 75' lang='lat' dir='ltr'><strong>serpentem,</strong></span> <span class='ocrx_word' id='word_1_595' title='bbox 827 5148 1001 5196; x_wconf 81' lang='lat' dir='ltr'><strong>morte</strong></span> <span class='ocrx_word' id='word_1_596' title='bbox 1038 5146 1153 5194; x_wconf 82' lang='lat' dir='ltr'><strong>tua.</strong></span> 
     </span>
    </p>
   </div>
   <div class='ocr_carea' id='block_1_99' title="bbox 553 5231 2036 5304">
    <p class='ocr_par' dir='ltr' id='par_1_99' title="bbox 553 5231 2036 5304">
     <span class='ocr_line' id='line_1_99' title="bbox 553 5231 2036 5304; baseline 0.003 -18"><span class='ocrx_word' id='word_1_597' title='bbox 553 5231 679 5287; x_wconf 64' lang='lat' dir='ltr'><strong>Haec</strong></span> <span class='ocrx_word' id='word_1_598' title='bbox 704 5242 788 5288; x_wconf 86' lang='lat' dir='ltr'><strong>est</strong></span> <span class='ocrx_word' id='word_1_599' title='bbox 820 5234 936 5289; x_wconf 86' lang='lat' dir='ltr'><strong>dies</strong></span> <span class='ocrx_word' id='word_1_600' title='bbox 975 5248 1139 5304; x_wconf 88' lang='lat' dir='ltr'><strong>quam</strong></span> <span class='ocrx_word' id='word_1_601' title='bbox 1181 5231 1311 5287; x_wconf 81' lang='lat' dir='ltr'><strong>fecit</strong></span> <span class='ocrx_word' id='word_1_602' title='bbox 1364 5231 1629 5287; x_wconf 86' lang='lat' dir='ltr'><strong>Dominus</strong></span> <span class='ocrx_word' id='word_1_603' title='bbox 1679 5232 2036 5302; x_wconf 85' lang='lat' dir='ltr'><strong>misericors;</strong></span> 
     </span>
    </p>
   </div>
   <div class='ocr_carea' id='block_1_100' title="bbox 463 5325 2035 5398">
    <p class='ocr_par' dir='ltr' id='par_1_100' title="bbox 463 5325 2035 5398">
     <span class='ocr_line' id='line_1_100' title="bbox 463 5325 2035 5398; baseline 0.002 -20"><span class='ocrx_word' id='word_1_604' title='bbox 463 5325 660 5396; x_wconf 83' lang='lat' dir='ltr'><strong>spiritu</strong></span> <span class='ocrx_word' id='word_1_605' title='bbox 689 5336 744 5382; x_wconf 88' lang='lat' dir='ltr'><strong>et</strong></span> <span class='ocrx_word' id='word_1_606' title='bbox 766 5327 935 5383; x_wconf 88' lang='lat' dir='ltr'><strong>corde</strong></span> <span class='ocrx_word' id='word_1_607' title='bbox 959 5326 1016 5382; x_wconf 91' lang='lat' dir='ltr'><strong>in</strong></span> <span class='ocrx_word' id='word_1_608' title='bbox 1035 5341 1100 5382; x_wconf 90' lang='lat' dir='ltr'><strong>ca</strong></span> <span class='ocrx_word' id='word_1_609' title='bbox 1127 5327 1488 5392; x_wconf 79' lang='lat' dir='ltr'><strong>exsultantes,</strong></span> <span class='ocrx_word' id='word_1_610' title='bbox 1509 5325 1756 5380; x_wconf 66' lang='lat' dir='ltr'><strong>laetemur</strong></span> <span class='ocrx_word' id='word_1_611' title='bbox 1781 5335 1834 5381; x_wconf 88' lang='lat' dir='ltr'><strong>et</strong></span> <span class='ocrx_word' id='word_1_612' title='bbox 1856 5327 2035 5398; x_wconf 88' lang='lat' dir='ltr'><strong>tripu-</strong></span> 
     </span>
    </p>
   </div>
   <div class='ocr_carea' id='block_1_101' title="bbox 460 5417 698 5475">
    <p class='ocr_par' dir='ltr' id='par_1_101' title="bbox 460 5417 698 5475">
     <span class='ocr_line' id='line_1_101' title="bbox 460 5417 698 5475; baseline 0 -2"><span class='ocrx_word' id='word_1_613' title='bbox 460 5417 698 5475; x_wconf 84' lang='lat' dir='ltr'><strong>diemus.</strong></span> 
     </span>
    </p>
   </div>
   <div class='ocr_carea' id='block_1_102' title="bbox 547 5508 2036 5583">
    <p class='ocr_par' dir='ltr' id='par_1_102' title="bbox 547 5508 2036 5583">
     <span class='ocr_line' id='line_1_102' title="bbox 547 5508 2036 5583; baseline 0.001 -21"><span class='ocrx_word' id='word_1_614' title='bbox 547 5509 928 5567; x_wconf 86' lang='lat' dir='ltr'><strong>Persecutoris</strong></span> <span class='ocrx_word' id='word_1_615' title='bbox 958 5525 989 5566; x_wconf 89' lang='lat' dir='ltr'><strong>a</strong></span> <span class='ocrx_word' id='word_1_616' title='bbox 1017 5510 1309 5583; x_wconf 84' lang='lat' dir='ltr'><strong>tyrannide</strong></span> <span class='ocrx_word' id='word_1_617' title='bbox 1343 5508 1556 5566; x_wconf 88' lang='lat' dir='ltr'><strong>liberati</strong></span> <span class='ocrx_word' id='word_1_618' title='bbox 1586 5508 1854 5578; x_wconf 85' lang='lat' dir='ltr'><strong>sanguine</strong></span> <span class='ocrx_word' id='word_1_619' title='bbox 1885 5525 2036 5579; x_wconf 75' lang='lat' dir='ltr'><strong>purae</strong></span> 
     </span>
    </p>
   </div>
   <div class='ocr_carea' id='block_1_103' title="bbox 471 5597 2033 5667">
    <p class='ocr_par' dir='ltr' id='par_1_103' title="bbox 471 5597 2033 5667">
     <span class='ocr_line' id='line_1_103' title="bbox 471 5597 2033 5667; baseline 0.001 -13"><span class='ocrx_word' id='word_1_620' title='bbox 471 5610 526 5654; x_wconf 80' lang='lat' dir='ltr'><strong>ct</strong></span> <span class='ocrx_word' id='word_1_621' title='bbox 556 5600 922 5656; x_wconf 64' lang='lat' dir='ltr'><strong>immaculata;</strong></span> <span class='ocrx_word' id='word_1_622' title='bbox 949 5600 1362 5667; x_wconf 66' lang='lat' dir='ltr'><strong>victimm,nuuc</strong></span> <span class='ocrx_word' id='word_1_623' title='bbox 1383 5598 1582 5656; x_wconf 77' lang='lat' dir='ltr'><strong>festum</strong></span> <span class='ocrx_word' id='word_1_624' title='bbox 1611 5597 2033 5666; x_wconf 85' lang='lat' dir='ltr'><strong>constituamus,</strong></span> 
     </span>
    </p>
   </div>
   <div class='ocr_carea' id='block_1_104' title="bbox 465 5688 1283 5749">
    <p class='ocr_par' dir='ltr' id='par_1_104' title="bbox 465 5688 1283 5749">
     <span class='ocr_line' id='line_1_104' title="bbox 465 5688 1283 5749; baseline 0.004 -4"><span class='ocrx_word' id='word_1_625' title='bbox 465 5695 520 5748; x_wconf 86' lang='lat' dir='ltr'><strong>in</strong></span> <span class='ocrx_word' id='word_1_626' title='bbox 560 5688 874 5748; x_wconf 88' lang='lat' dir='ltr'><strong>laudatione</strong></span> <span class='ocrx_word' id='word_1_627' title='bbox 898 5693 1283 5749; x_wconf 77' lang='lat' dir='ltr'><strong>vociferantes.</strong></span> 
     </span>
    </p>
   </div>
   <div class='ocr_carea' id='block_1_105' title="bbox 532 5781 2034 5856">
    <p class='ocr_par' dir='ltr' id='par_1_105' title="bbox 532 5781 2034 5856">
     <span class='ocr_line' id='line_1_105' title="bbox 532 5781 2034 5856; baseline 0.003 -20"><span class='ocrx_word' id='word_1_628' title='bbox 532 5781 698 5836; x_wconf 80' lang='lat' dir='ltr'><strong>Salve</strong></span> <span class='ocrx_word' id='word_1_629' title='bbox 725 5782 955 5846; x_wconf 79' lang='lat' dir='ltr'><strong>tibi,dat</strong></span> <span class='ocrx_word' id='word_1_630' title='bbox 980 5799 1011 5840; x_wconf 90' lang='lat' dir='ltr'><strong>e</strong></span> <span class='ocrx_word' id='word_1_631' title='bbox 1043 5785 1256 5841; x_wconf 83' lang='lat' dir='ltr'><strong>tumulo</strong></span> <span class='ocrx_word' id='word_1_632' title='bbox 1279 5785 1574 5856; x_wconf 85' lang='lat' dir='ltr'><strong>splendens</strong></span> <span class='ocrx_word' id='word_1_633' title='bbox 1601 5782 1863 5841; x_wconf 87' lang='lat' dir='ltr'><strong>Dominus</strong></span> <span class='ocrx_word' id='word_1_634' title='bbox 1888 5801 1902 5838; x_wconf 85' lang='lat'><strong><em>:</em></strong></span> <span class='ocrx_word' id='word_1_635' title='bbox 1935 5783 2034 5840; x_wconf 91' lang='lat' dir='ltr'><strong>tihl</strong></span> 
     </span>
    </p>
   </div>
   <div class='ocr_carea' id='block_1_106' title="bbox 2145 4571 3708 4657">
    <p class='ocr_par' dir='ltr' id='par_1_106' title="bbox 2145 4571 3708 4657">
     <span class='ocr_line' id='line_1_106' title="bbox 2145 4571 3708 4657; baseline -0.01 -15"><span class='ocrx_word' id='word_1_636' title='bbox 2145 4588 2358 4657; x_wconf 83' lang='grc' dir='ltr'>δρυνεν,</span> <span class='ocrx_word' id='word_1_637' title='bbox 2390 4586 2734 4656; x_wconf 81' lang='grc' dir='ltr'>ἀπειρόγαμε</span> <span class='ocrx_word' id='word_1_638' title='bbox 2759 4583 2998 4651; x_wconf 87' lang='grc' dir='ltr'>παναγία</span> <span class='ocrx_word' id='word_1_639' title='bbox 3028 4582 3331 4652; x_wconf 80' lang='grc' dir='ltr'>Θεόνυμφε,</span> <span class='ocrx_word' id='word_1_640' title='bbox 3348 4581 3376 4633; x_wconf 86' lang='grc' dir='ltr'><strong>ὁ</strong></span> <span class='ocrx_word' id='word_1_641' title='bbox 3400 4571 3708 4644; x_wconf 68' lang='grc' dir='ltr'>δεδοξασμέ-</span> 
     </span>
    </p>
   </div>
   <div class='ocr_carea' id='block_1_107' title="bbox 2146 4673 3707 4748">
    <p class='ocr_par' dir='ltr' id='par_1_107' title="bbox 2146 4673 3707 4748">
     <span class='ocr_line' id='line_1_107' title="bbox 2146 4673 3707 4748; baseline -0.007 -14"><span class='ocrx_word' id='word_1_642' title='bbox 2146 4696 2236 4743; x_wconf 92' lang='grc' dir='ltr'><strong>νος</strong></span> <span class='ocrx_word' id='word_1_643' title='bbox 2267 4677 2474 4748; x_wconf 81' lang='grc' dir='ltr'>Κύριος</span> <span class='ocrx_word' id='word_1_644' title='bbox 2493 4693 2508 4706; x_wconf 73' lang='grc' dir='ltr'><strong>ο</strong></span> <span class='ocrx_word' id='word_1_645' title='bbox 2543 4676 2770 4742; x_wconf 73' lang='grc' dir='ltr'>ἐνδόξως</span> <span class='ocrx_word' id='word_1_646' title='bbox 2791 4673 2900 4745; x_wconf 81' lang='grc' dir='ltr'>γὰρ</span> <span class='ocrx_word' id='word_1_647' title='bbox 2930 4673 3262 4740; x_wconf 77' lang='grc' dir='ltr'>δεδόξασται.</span> <span class='ocrx_word' id='word_1_648' title='bbox 3695 4687 3707 4696; x_wconf 70' lang='lat'><strong><em>&#39;</em></strong></span> 
     </span>
    </p>
   </div>
   <div class='ocr_carea' id='block_1_108' title="bbox 2241 4851 3632 4930">
    <p class='ocr_par' dir='ltr' id='par_1_108' title="bbox 2241 4851 3632 4930">
     <span class='ocr_line' id='line_1_108' title="bbox 2241 4851 3632 4930; baseline -0.011 -12"><span class='ocrx_word' id='word_1_649' title='bbox 2241 4862 2618 4930; x_wconf 74' lang='grc' dir='ltr'>Ἐξήνθησεν</span> <span class='ocrx_word' id='word_1_650' title='bbox 2654 4861 2698 4930; x_wconf 22' lang='grc' dir='ltr'>ἠ,</span> <span class='ocrx_word' id='word_1_651' title='bbox 2732 4858 2951 4927; x_wconf 78' lang='grc' dir='ltr'>ἔρημος</span> <span class='ocrx_word' id='word_1_652' title='bbox 2982 4855 3125 4911; x_wconf 79' lang='grc' dir='ltr'>ὡσεὶ</span> <span class='ocrx_word' id='word_1_653' title='bbox 3160 4855 3392 4924; x_wconf 79' lang='grc' dir='ltr'>κρίνον,</span> <span class='ocrx_word' id='word_1_654' title='bbox 3434 4851 3632 4918; x_wconf 79' lang='grc' dir='ltr'>Κύριε.</span> 
     </span>
    </p>
   </div>
   <div class='ocr_carea' id='block_1_109' title="bbox 2212 4935 3712 5024">
    <p class='ocr_par' dir='ltr' id='par_1_109' title="bbox 2212 4935 3712 5024">
     <span class='ocr_line' id='line_1_109' title="bbox 2212 4935 3712 5024; baseline -0.015 -14"><span class='ocrx_word' id='word_1_655' title='bbox 2212 4954 2438 5020; x_wconf 82' lang='grc' dir='ltr'>Ἐξάξας</span> <span class='ocrx_word' id='word_1_656' title='bbox 2472 4954 2531 5008; x_wconf 82' lang='grc' dir='ltr'>ὲν</span> <span class='ocrx_word' id='word_1_657' title='bbox 2562 4952 2789 5024; x_wconf 77' lang='grc' dir='ltr'>ἀνδρείᾳ.</span> <span class='ocrx_word' id='word_1_658' title='bbox 2831 4947 3261 5021; x_wconf 83' lang='grc' dir='ltr'>πεπεδημένους,</span> <span class='ocrx_word' id='word_1_659' title='bbox 3296 4945 3492 5014; x_wconf 80' lang='grc' dir='ltr'>Κύριε,</span> <span class='ocrx_word' id='word_1_660' title='bbox 3521 4944 3588 5012; x_wconf 78' lang='grc' dir='ltr'>τῇ</span> <span class='ocrx_word' id='word_1_661' title='bbox 3617 4935 3712 4991; x_wconf 68' lang='grc' dir='ltr'><strong>ὑπὸ</strong></span> 
     </span>
    </p>
   </div>
   <div class='ocr_carea' id='block_1_110' title="bbox 2140 5033 3711 5117">
    <p class='ocr_par' dir='ltr' id='par_1_110' title="bbox 2140 5033 3711 5117">
     <span class='ocr_line' id='line_1_110' title="bbox 2140 5033 3711 5117; baseline -0.012 -14"><span class='ocrx_word' id='word_1_662' title='bbox 2140 5047 2246 5117; x_wconf 81' lang='grc' dir='ltr'>γῆν</span> <span class='ocrx_word' id='word_1_663' title='bbox 2270 5046 2482 5116; x_wconf 81' lang='grc' dir='ltr'>καθόδῳ</span> <span class='ocrx_word' id='word_1_664' title='bbox 2502 5063 2595 5100; x_wconf 90' lang='grc' dir='ltr'><strong>σου</strong></span> <span class='ocrx_word' id='word_1_665' title='bbox 2623 5042 2863 5108; x_wconf 80' lang='grc' dir='ltr'>ἀλαζόνα</span> <span class='ocrx_word' id='word_1_666' title='bbox 2897 5039 3426 5115; x_wconf 86' lang='grc' dir='ltr'>παραπικραίνοντα,</span> <span class='ocrx_word' id='word_1_667' title='bbox 3447 5033 3711 5088; x_wconf 69' lang='grc' dir='ltr'>ἐθανάτω-</span> 
     </span>
    </p>
   </div>
   <div class='ocr_carea' id='block_1_111' title="bbox 2139 5137 3605 5209">
    <p class='ocr_par' dir='ltr' id='par_1_111' title="bbox 2139 5137 3605 5209">
     <span class='ocr_line' id='line_1_111' title="bbox 2139 5137 3605 5209; baseline -0.005 -16"><span class='ocrx_word' id='word_1_668' title='bbox 2139 5157 2240 5203; x_wconf 87' lang='grc' dir='ltr'><strong>σας</strong></span> <span class='ocrx_word' id='word_1_669' title='bbox 2267 5139 2390 5209; x_wconf 76' lang='grc' dir='ltr'>ὅφιν</span> <span class='ocrx_word' id='word_1_670' title='bbox 2415 5138 2495 5208; x_wconf 84' lang='grc' dir='ltr'>τῷ</span> <span class='ocrx_word' id='word_1_671' title='bbox 2519 5137 2734 5207; x_wconf 87' lang='grc' dir='ltr'>θανάτῳ</span> <span class='ocrx_word' id='word_1_672' title='bbox 2765 5153 2882 5192; x_wconf 84' lang='grc' dir='ltr'>σου.</span> <span class='ocrx_word' id='word_1_673' title='bbox 3599 5179 3605 5186; x_wconf 89' lang='grc'><strong><em>,</em></strong></span> 
     </span>
    </p>
   </div>
   <div class='ocr_carea' id='block_1_112' title="bbox 2220 5217 3706 5303">
    <p class='ocr_par' dir='ltr' id='par_1_112' title="bbox 2220 5217 3706 5303">
     <span class='ocr_line' id='line_1_112' title="bbox 2220 5217 3706 5303; baseline -0.007 -18"><span class='ocrx_word' id='word_1_674' title='bbox 2220 5231 2433 5303; x_wconf 82' lang='grc' dir='ltr'>Ἡμέρα</span> <span class='ocrx_word' id='word_1_675' title='bbox 2477 5230 2546 5301; x_wconf 73' lang='grc' dir='ltr'>ἢν</span> <span class='ocrx_word' id='word_1_676' title='bbox 2597 5230 2850 5301; x_wconf 69' lang='grc' dir='ltr'>ἐποίησεν</span> <span class='ocrx_word' id='word_1_677' title='bbox 2894 5231 2924 5281; x_wconf 83' lang='grc' dir='ltr'><strong>ό</strong></span> <span class='ocrx_word' id='word_1_678' title='bbox 2971 5227 3270 5297; x_wconf 83' lang='grc' dir='ltr'>οίκτίρμων</span> <span class='ocrx_word' id='word_1_679' title='bbox 3315 5222 3548 5293; x_wconf 84' lang='grc' dir='ltr'>Κύριος,</span> <span class='ocrx_word' id='word_1_680' title='bbox 3576 5217 3706 5284; x_wconf 78' lang='grc' dir='ltr'>αὕτη</span> 
     </span>
    </p>
   </div>
   <div class='ocr_carea' id='block_1_113' title="bbox 2141 5307 3705 5396">
    <p class='ocr_par' dir='ltr' id='par_1_113' title="bbox 2141 5307 3705 5396">
     <span class='ocr_line' id='line_1_113' title="bbox 2141 5307 3705 5396; baseline -0.013 -16"><span class='ocrx_word' id='word_1_681' title='bbox 2141 5327 2376 5396; x_wconf 79' lang='grc' dir='ltr'>ὑπάρχει</span> <span class='ocrx_word' id='word_1_682' title='bbox 2394 5340 2408 5353; x_wconf 76' lang='grc' dir='ltr'><strong>ο</strong></span> <span class='ocrx_word' id='word_1_683' title='bbox 2428 5321 2700 5391; x_wconf 87' lang='grc' dir='ltr'>πνεύματι</span> <span class='ocrx_word' id='word_1_684' title='bbox 2735 5320 2829 5374; x_wconf 74' lang='grc' dir='ltr'>καὶ</span> <span class='ocrx_word' id='word_1_685' title='bbox 2858 5319 3058 5389; x_wconf 79' lang='grc' dir='ltr'>καρδίᾳ</span> <span class='ocrx_word' id='word_1_686' title='bbox 3086 5313 3508 5387; x_wconf 84' lang='grc' dir='ltr'>ἀγαλλιώμενοι,</span> <span class='ocrx_word' id='word_1_687' title='bbox 3533 5313 3590 5364; x_wconf 80' lang='grc' dir='ltr'>ὲν</span> <span class='ocrx_word' id='word_1_688' title='bbox 3620 5307 3705 5363; x_wconf 82' lang='grc' dir='ltr'>αὐ·</span> 
     </span>
    </p>
   </div>
   <div class='ocr_carea' id='block_1_114' title="bbox 2138 5408 3163 5484">
    <p class='ocr_par' dir='ltr' id='par_1_114' title="bbox 2138 5408 3163 5484">
     <span class='ocr_line' id='line_1_114' title="bbox 2138 5408 3163 5484; baseline -0.008 -15"><span class='ocrx_word' id='word_1_689' title='bbox 2138 5419 2204 5484; x_wconf 74' lang='grc' dir='ltr'>τῇ</span> <span class='ocrx_word' id='word_1_690' title='bbox 2233 5411 2624 5484; x_wconf 84' lang='grc' dir='ltr'>εὐφρανθῶμεν</span> <span class='ocrx_word' id='word_1_691' title='bbox 2653 5410 2748 5464; x_wconf 82' lang='grc' dir='ltr'>καὶ</span> <span class='ocrx_word' id='word_1_692' title='bbox 2773 5408 3124 5480; x_wconf 87' lang='grc' dir='ltr'>χορεύσωμεν</span> <span class='ocrx_word' id='word_1_693' title='bbox 3147 5445 3163 5461; x_wconf 92' lang='grc'><strong>.</strong></span> 
     </span>
    </p>
   </div>
   <div class='ocr_carea' id='block_1_115' title="bbox 2208 5490 3704 5574">
    <p class='ocr_par' dir='ltr' id='par_1_115' title="bbox 2208 5490 3704 5574">
     <span class='ocr_line' id='line_1_115' title="bbox 2208 5490 3704 5574; baseline -0.013 -14"><span class='ocrx_word' id='word_1_694' title='bbox 2208 5505 2447 5560; x_wconf 85' lang='grc' dir='ltr'>Διώκτου</span> <span class='ocrx_word' id='word_1_695' title='bbox 2474 5501 2786 5574; x_wconf 87' lang='grc' dir='ltr'>τυραννίδος</span> <span class='ocrx_word' id='word_1_696' title='bbox 2817 5497 3214 5570; x_wconf 82' lang='grc' dir='ltr'>λελυτρωμένοι</span> <span class='ocrx_word' id='word_1_697' title='bbox 3259 5495 3454 5564; x_wconf 72' lang='grc' dir='ltr'>αἵματι</span> <span class='ocrx_word' id='word_1_698' title='bbox 3481 5490 3577 5545; x_wconf 83' lang='grc' dir='ltr'>τοῦ</span> <span class='ocrx_word' id='word_1_699' title='bbox 3613 5503 3704 5542; x_wconf 87' lang='grc' dir='ltr'>κα-</span> 
     </span>
    </p>
   </div>
   <div class='ocr_carea' id='block_1_116' title="bbox 2137 5579 3703 5669">
    <p class='ocr_par' dir='ltr' id='par_1_116' title="bbox 2137 5579 3703 5669">
     <span class='ocr_line' id='line_1_116' title="bbox 2137 5579 3703 5669; baseline -0.01 -17"><span class='ocrx_word' id='word_1_700' title='bbox 2137 5595 2308 5669; x_wconf 81' lang='grc' dir='ltr'>θαροῦ</span> <span class='ocrx_word' id='word_1_701' title='bbox 2337 5594 2570 5668; x_wconf 78' lang='grc' dir='ltr'>ἀμώμου</span> <span class='ocrx_word' id='word_1_702' title='bbox 2595 5610 2656 5648; x_wconf 77' lang='grc' dir='ltr'><strong>τε</strong></span> <span class='ocrx_word' id='word_1_703' title='bbox 2689 5593 2890 5665; x_wconf 74' lang='grc' dir='ltr'>ἱερείου</span> <span class='ocrx_word' id='word_1_704' title='bbox 2909 5635 2924 5661; x_wconf 87' lang='grc'><strong>,</strong></span> <span class='ocrx_word' id='word_1_705' title='bbox 2962 5590 3058 5646; x_wconf 83' lang='grc' dir='ltr'>νῦν</span> <span class='ocrx_word' id='word_1_706' title='bbox 3089 5585 3492 5658; x_wconf 82' lang='grc' dir='ltr'>συστησώμεθα</span> <span class='ocrx_word' id='word_1_707' title='bbox 3520 5579 3703 5653; x_wconf 78' lang='grc' dir='ltr'>ἑορτὴν</span> 
     </span>
    </p>
   </div>
   <div class='ocr_carea' id='block_1_117' title="bbox 2138 5687 2840 5750">
    <p class='ocr_par' dir='ltr' id='par_1_117' title="bbox 2138 5687 2840 5750">
     <span class='ocr_line' id='line_1_117' title="bbox 2138 5687 2840 5750; baseline -0.009 -5"><span class='ocrx_word' id='word_1_708' title='bbox 2138 5692 2196 5745; x_wconf 79' lang='grc' dir='ltr'>ὲν</span> <span class='ocrx_word' id='word_1_709' title='bbox 2227 5689 2430 5743; x_wconf 72' lang='grc' dir='ltr'>αἰνέσει</span> <span class='ocrx_word' id='word_1_710' title='bbox 2461 5687 2840 5750; x_wconf 79' lang='grc' dir='ltr'>ἀλαλάζοντες.</span> 
     </span>
    </p>
   </div>
   <div class='ocr_carea' id='block_1_118' title="bbox 2207 5769 3697 5852">
    <p class='ocr_par' dir='ltr' id='par_1_118' title="bbox 2207 5769 3697 5852">
     <span class='ocr_line' id='line_1_118' title="bbox 2207 5769 3697 5852; baseline -0.003 -19"><span class='ocrx_word' id='word_1_711' title='bbox 2207 5781 2281 5835; x_wconf 77' lang='grc' dir='ltr'><strong>Τὸ</strong></span> <span class='ocrx_word' id='word_1_712' title='bbox 2308 5781 2502 5852; x_wconf 81' lang='grc' dir='ltr'>Χαῖρε,</span> <span class='ocrx_word' id='word_1_713' title='bbox 2533 5779 2617 5834; x_wconf 72' lang='grc' dir='ltr'>σοὶ</span> <span class='ocrx_word' id='word_1_714' title='bbox 2642 5779 2940 5850; x_wconf 82' lang='grc' dir='ltr'>προσνέμει</span> <span class='ocrx_word' id='word_1_715' title='bbox 2961 5779 3025 5831; x_wconf 85' lang='grc' dir='ltr'>ὲκ</span> <span class='ocrx_word' id='word_1_716' title='bbox 3051 5775 3222 5845; x_wconf 77' lang='grc' dir='ltr'>τάφου</span> <span class='ocrx_word' id='word_1_717' title='bbox 3243 5773 3456 5844; x_wconf 40' lang='grc' dir='ltr'>λάμψας</span> <span class='ocrx_word' id='word_1_718' title='bbox 3484 5769 3697 5839; x_wconf 53' lang='grc' dir='ltr'>Κύριος</span> 
     </span>
    </p>
   </div>
  </div>
