3986 6236
316 324 457 383 ωδε»

1749 319 1794 378 Τ
1807 319 2156 381 lilODlUM.

3432 325 3580 393 3906

316 437 401 490 σοὶ
433 436 540 506 γὰρ
585 432 680 487 καὶ
710 432 868 504 μόνη,
899 433 1154 503 άχραντε,
1179 431 1398 502 πρέπει,
1429 431 1716 502 χαρίτιυτε,
1747 432 1902 502 ὴτῆς

2047 433 2152 486 nim
2183 442 2238 489 et
2278 433 2381 490 soli
2442 432 2718 499 convenit,
2776 432 3125 490 immaculata
3180 433 3343 505 plena
3379 437 3577 507 gratia.

317 528 457 590 Εΰας
488 526 586 597 τὴν
615 523 792 594 λύπην
822 524 1156 593 άφανίσασα.

707 615 1042 684 Ἐλήλυθας
1079 615 1148 669 ἐκ
1188 615 1517 684 Παρθένου.

389 712 483 764 Ἐκ
510 712 682 781 τάςρου
731 728 789 764 σε
837 710 1193 764 άνατείλαντα
1233 709 1385 780 ήλιον
1424 709 1636 770 ἄδυτον,
1668 706 1898 776 ἀστέρες

319 801 628 869 πολύφωτοι
672 799 722 852 οἱ
771 797 1010 870 μαθηταὶ
1060 798 1411 868 θεασάμενοι,
1449 797 1634 850 πᾶσαν
1661 795 1758 868 τὴν
1793 795 1896 863 ὕφ-

321 893 468 966 ήλιαν
498 895 563 963 τῇ
592 891 684 945 τοῦ
718 891 1078 962 κηρύγματος
1111 890 1275 961 αἴγλη
1302 886 1702 958 κατεφὼτισαν.

391 983 757 1054 Χορεύσωμεν
787 981 980 1052 ἑορτὴν
1015 981 1414 1052 συστησάμενοι
1461 978 1732 1048 πνεύματι
1756 991 1771 1007 ο
1804 975 1902 1028 άν-

323 1076 453 1146 έστη
505 1077 534 1128 6
588 1074 823 1145 Κύριος,
863 1075 1051 1144 Πάσχα
1084 1073 1146 1126 τὸ
1193 1072 1335 1124 θεῖον
1379 1069 1711 1140 εὐφρόσυνον
1743 1067 1903 1138 χάριν

324 1169 696 1241 παρεχόμενος
728 1168 837 1227 τοῖς
868 1165 964 1236 τὴν
1016 1162 1179 1219 αὑτοῦ
1223 1160 1587 1234 προσκυνοῦσι
1634 1158 1905 1228 συγκατά-

324 1261 507 1314 6ασιν.
565 1284 570 1288 ·

393 1349 713 1422 Μηνύουσαι
763 1348 862 1419 τὴν
908 1347 1114 1418 σεπτήν
1145 1363 1240 1400 σου
1273 1345 1532 1414 γυναῖκες
1585 1341 1903 1407 ἀνάστασιν,

323 1446 439 1506 τοῖς
489 1443 662 1511 φίλοις
710 1459 826 1506 σου,
854 1440 1120 1505 Δέσποτα,
1150 1439 1464 1510 περιχαρῶς
1512 1436 1667 1490 τοῦτο
1697 1434 1906 1502 ελεγον,

328 1535 538 1604 Ἰδομεν
565 1532 657 1587 τὸν
687 1533 912 1604 Κύριον,
948 1531 1040 1584 καὶ
1067 1530 1418 1602 πρωτοδότως
1440 1527 1520 1593 τὸ,
1539 1529 1730 1597 Χαῖρε,
1755 1527 1910 1578 ἀπει-

323 1628 468 1699 λήφα
476 1643 595 1698 μεν.

395 1719 690 1791 Συγχαίρει
736 1735 818 1773 σοι
867 1714 1145 1777 γυναικῶν
1180 1712 1523 1787 μυροφόρων,
1575 1710 1906 1782 πανάμωμε,

1996 539 2100 594 qua
2127 525 2251 579 Eva:
2281 539 2578 581 mmrorem
2620 525 2916 581 abstulisti.

2489 613 2726 670 Exivistt'
2771 633 2805 676 ο
2848 616 3080 688 Virgine.

2067 702 2110 758 E
2144 705 2356 762 tumulo
2399 713 2654 763 exortum
2714 716 2768 764 te
2801 709 2972 765 solem
3011 708 3449 765 inaccessibilcm
3495 711 3585 768 in-

1999 797 2122 852 tuiti
2170 799 2456 871 discipuli,
2480 801 2840 858 lucidissima:
2885 801 3078 868 stellae,
3107 802 3292 858 omnia
3323 801 3427 860 sub
3463 803 3582 860 sole

2000 889 2408 960 praedicationis
2454 892 2667 964 fulgore
2709 894 3187 951 illuminaverunt.

2071 979 2481 1052 Tripudiemus,
2515 985 2712 1040 festum
2751 988 2949 1055 spiritu
2979 988 3416 1054 constituentes;
3459 1001 3584 1042 ειη»

2005 1073 2140 1127 rexit
2167 1071 2450 1139 Dominus,
2501 1075 2707 1131 Pascha
2761 1078 3034 1145 divinum,
3088 1078 3292 1134 laetitiae
3345 1079 3578 1148 gratiam

2003 1162 2312 1218 concedens
2351 1163 2418 1218 iis
2453 1165 2545 1234 qui
2587 1165 3020 1222 condescensum
3063 1167 3182 1236 ejus
3222 1166 3478 1223 adorant.

2077 1337 2250 1392 Tuam
2296 1339 2662 1394 venerabilem
2721 1341 3030 1398 indicantes
3081 1345 3343 1401 mulieres
3390 1360 3578 1400 resur-

2015 1432 2311 1486 rectionem
2353 1432 2542 1487 amicis
2579 1432 2712 1496 tuis,
2747 1431 3028 1504 Magister,
3067 1437 3406 1492 exsultantes
3449 1435 3584 1490 illud

2007 1522 2297 1578 dicebant:
2326 1522 2578 1580 Vidimus
2602 1523 2894 1580 Dominum
2937 1533 2993 1580 et
3019 1526 3212 1597 prima;
3245 1528 3395 1583 salve
3426 1542 3585 1584 acce-

2008 1629 2209 1684 pimus.

2079 1703 2398 1776 Congaudet
2443 1704 2543 1760 tibi
2602 1705 2891 1760 mulierem
2941 1713 3216 1776 unguenta
3265 1703 3583 1768 ferentium,

324 1783 864 1882 xopbcmdv‘ttbrarog,
893 1783 1269 1873 ἐξαναστάντα*
1311 1783 1580 1873 θεώμενος
1626 1799 1798 1870 Λόγον
1848 1797 1907 1852 ὃν

2047 1796 2534 1866 'reprebeusibilis,
2581 1798 2965 1862 sanctissimus
2995 1796 3223 1863 chorus,
3257 1797 3584 1854 suscitatum

327 1903 566 1974 ἐκύησας
595 1901 734 1973 ὑπὲρ
757 1898 935 1953 αἰτίαν
967 1897 1060 1952 καὶ
1084 1897 1267 1966 λόγον.

746 2077 808 2132 '0
847 2077 955 2132 τοῦ
993 2075 1189 2146 φωτὸς
1226 2076 1506 2146 χορηγός.

409 2173 467 2224 '0
500 2171 678 2242 φωτὲς
711 2169 948 2241 χορηγὸς
982 2168 1086 2223 ὑπὸ
1134 2169 1233 2240 τὴν
1283 2171 1386 2239 γῆν
1444 2167 1582 2236 μετὰ
1607 2164 1785 2236 ψυχῆς
1813 2161 1908 2233 γέ-

328 2281 476 2333 γονε,
512 2263 609 2317 καὶ
655 2263 780 2325 τοὺς
827 2261 944 2315 ἐκεῖ
993 2259 1286 2331 δεσμώτας
1314 2259 1508 2326 ὲξάξας
1536 2257 1736 2327 ἀνέστη
1774 2270 1911 2325 κρα-

327 2354 530 2420 ταιῶς,-
549 2353 649 2424 τὴν
685 2350 983 2407 ἀθανασίαν
1015 2355 1224 2416 πιστοῖς
1255 2353 1643 2423 χαρισάμενος.

399 2449 854 2519 Συνενεκρούμην
878 2464 961 2500 σοι
989 2444 1116 2517 χθὲς
1142 2446 1531 2516 νενεκρωμένῳ
1564 2443 1630 2497 δι’
1653 2442 1774 2514 ἐμὲ,
1801 2440 1913 2497 Κύ-

330 2557 414 2612 ριε
432 2553 446 2568 ⁸
483 2539 722 2608 σήμερον
747 2538 803 2591 δὲ
831 2536 1288 2606 συζωοποιοῦμαι,
1308 2535 1450 2605 ζωὴν
1473 2533 1735 2606 ἀληθινὴν
1758 2532 1903 2605 ἔχων

333 2646 390 2682 σε
427 2630 523 2682 καὶ
553 2627 744 2698 Πάσχα
771 2626 950 2698 ψυχῆς
979 2627 1364 2698 καθαρτήριοι).

400 2715 879 2788 Βακτηρευόμενοι
910 2717 1005 2770 καὶ
1036 2715 1418 2787 στηριζόμενοι
1470 2712 1688 2786 σταυρῷ
1728 2713 1913 2782 φάγω-

333 2825 432 2876 μεν
480 2807 540 2861 τδ
575 2807 818 2880 καθαρὸν
864 2807 1074 2878 Πάσχα,
1103 2808 1200 2871 τὰς
1249 2807 1503 2878 πικρίδας
1560 2806 1761 2878 σαρκὸς
1805 2806 1915 2861 τῶν

331 2897 534 2970 ήδονῶν
570 2899 636 2952 ἐκ
663 2898 762 2968 τῆς
788 2898 1024 2962 διανοίας
1054 2899 1210 2969 ήμῶν
1243 2897 1664 2962 ἀπελαύνοντες.

413 2988 479 3041 Ἠ
510 2987 723 3060 βασιλὶς
746 2989 839 3043 τοῦ
871 2989 1069 3053 παντὸς
1092 2990 1182 3043 τὸν
1212 2989 1446 3043 Βασιλέα
1475 2987 1570 3042 τοῦ
1599 2988 1800 3052 παντὸς
1829 2987 1917 3042 τέο

337 3077 495 3143 ξασα,
524 3077 601 3140 ὡς
642 3078 708 3130 ὲκ
733 3077 946 3131 παστοῦ
978 3076 1165 3132 τοῦτον
1193 3077 1294 3146 τῆς
1323 3077 1561 3150 γαστρός
1593 3093 1687 3131 σου
1713 3077 1913 3148 ὡραῖον
1943 3078 1948 3150 ξ

334 3171 516 3243 ὁρῶσα
538 3170 714 3242 τάφου
740 3167 1092 3241 προελθόντα,
1125 3169 1360 3238 άγάλλου
1395 3169 1490 3223 καὶ
1521 3168 1736 3240 χόρευε.

487 3347 592 3401 Ἐν
628 3344 882 3409 ἀϐύσσῳ
915 3343 1302 3414 πταισμάτων
1339 3344 1769 3414 κυκλούμενος.

405 3437 811 3510 Λαμπροφόρος
835 3436 1018 3509 ήμέρα
1046 3437 1340 3509 ἒγέρσεως,
1375 3435 1572 3500 πάντες
1594 3435 1917 3507 λαμπροφό-

339 3548 423 3602 ροι
467 3529 666 3600 ψυχαῖς
715 3529 1178 3602 χρηματίσωμεν’
1206 3530 1234 3581 6
1263 3527 1556 3601 Λυτρωτὴς
1599 3527 1916 3598 ἐγήγερται,

336 3621 406 3676 τά
432 3619 526 3675 τοῦ
555 3621 683 3694 ᾅδου
715 3620 964 3682 κενώσας
999 3619 1266 3690 βασίλεια.

419 3713 602 3783 Ἱερῶν
629 3710 910 3781 γυναικῶν
937 3711 967 3764 6
1000 3711 1322 3779 κατάλογος,
1355 3710 1553 3780 βλέψας
1573 3709 1670 3782 τὴν
1690 3709 1834 3777 ζωὴν
1855 3708 1920 3762 ὲκ

337 3802 545 3868 νεκρῶν
573 3801 959 3867 ἀνατείλασαν,
977 3803 1091 3866 τοῖς
1121 3802 1391 3872 μαθηταῖς
1421 3801 1726 3871 συνέχαιρε,
1745 3799 1839 3852 καὶ
1858 3796 1921 3850 τὸ

339 3893 534 3964 Πάσχα
562 3895 623 3946 τὸ
649 3893 792 3946 θεῖον
827 3891 1104 3963 ἑόρταζεν.

408 3984 728 4056 Ἀπεπαύθη
776 3985 880 4056 τῆς
927 3983 1104 4056 λύπης
1135 3983 1205 4039 τὰ
1251 3983 1461 4056 δάκρυα
1487 4001 1502 4014 ⁸
1545 3983 1575 4036 6
1630 3979 1921 4054 χαροποιδς

347 4081 556 4155 Ἰησοῦς
604 4081 712 4152 γὰρ
760 4083 1085 4153 ἐγήγερται,
1118 4079 1501 4152 συνεξεγείρας
1549 4078 1767 4134 ἅπασαν
1811 4075 1920 4130 τῶν

340 4174 550 4248 βροτῶν
578 4174 678 4244 τὴν
703 4174 895 4228 οὐσίαν
920 4171 997 4236 ὡς
1030 4171 1422 4243 εὕσπλαγχνος.

409 4263 715 4335 Παρθενίας
735 4263 833 4327 τὰς
857 4263 1036 4326 πύλας
1055 4263 1156 4316 οὐκ
1176 4261 1416 4334 ήνοιεας,
1451 4261 1731 4334 μνήματος
1750 4276 1922 4332 σφρα-

337 4355 490 4425 γίδας
517 4354 618 4408 οὐκ
647 4353 876 4419 ἔλυσας,
906 4353 1183 4419 Δέσποτα,
1223 4351 1520 4418 ἐξαναστὰς
1545 4353 1866 4424 τριήμερος,
1893 4349 1923 4404 6

343 4446 596 4519 βουλήσει
633 4446 696 4501 τὺ
725 4447 832 4501 πᾶν
861 4444 1250 4517 ἐργαζόμενος.

778 4538 909 4592 Ἀντ
917 4539 1083 4591 [θεον
1115 4536 1489 4606 πρόσταγμα.

415 4629 661 4699 Διώκτης
705 4629 947 4700 ὀλέθριος
996 4625 1329 4697 ὲξηφανίσθη
1352 4643 1366 4656 ·
1401 4624 1496 4679 τοῦ
1525 4624 1652 4696 ᾅδου
1685 4622 1923 4678 κεκένω-

344 4740 433 4776 ται
479 4721 540 4774 τὺ
584 4721 825 4790 ἀφεγγὲς
869 4717 1174 4790 βασίλειονο
1206 4716 1441 4788 Χριστὸς
1471 4715 1578 4787 γὰρ
1613 4715 1673 4768 τὸ
1698 4715 1926 4785 ἄχρονον

347 4813 460 4882 φῶς
503 4810 597 4865 καὶ
641 4809 925 4880 άνόλεθρον
970 4808 1252 4880 ήστραψεν
1274 4824 1287 4837 ·
1323 4808 1563 4862 ἀνέτειλε
1583 4845 1599 4871 ,
1625 4808 1800 4879 χαρᾶς
1829 4806 1926 4878 τὴν

349 4904 670 4974 οἰκουμένην
701 4899 999 4972 πληρώσας
1034 4900 1303 4970 σήμερον.

416 4993 693 5066 Κρουνοὺς
728 4991 1021 5063 ἐπαφῆκάς
1047 5007 1141 5061 μοι
1166 4988 1484 5054 ἀθανασίας,
1511 4987 1752 5058 πλευρὰν
1773 4987 1931 5058 ὀρυτ-

346 5089 570 5159 τόμενος
597 5087 689 5140 καὶ
721 5087 932 5157 χεῖρας,
963 5081 1286 5155 ὐπεράγαθε
1309 5099 1323 5112 ·
1352 5081 1566 5154 θανάτῳ
1589 5081 1645 5134 δὲ
1677 5079 1926 5146 θάνατον,

349 5181 553 5252 Σῶτερ,
587 5179 917 5249 ὲνέκρωσας,
948 5177 1041 5230 καὶ
1087 5174 1557 5246 συνεξανέστησας
1607 5175 1832 5245 νεκροὺς
1860 5175 1931 5244 τῇ

353 5273 420 5342 σῇ
455 5269 691 5340 ὲγέρσει,
721 5270 750 5322 6
784 5265 1158 5338 ὑπερένδοξος.

421 5360 753 5425 Κλαιούσαις
776 5359 1007 5431 ἐϐόησας
1035 5359 1160 5422 ταῖς
1201 5355 1790 5429 μυροφόροις.Χριστὶ,
1809 5358 1929 5424 Ἐξ..

350 5455 691 5524 ιγήγερμαιο
741 5450 832 5504 τὸν
861 5449 1056 5522 θρῆνον
1087 5448 1450 5522 ἀπορρίψατε,
1477 5451 1586 5512 τοῖς
1619 5449 1791 5518 φίλοις
1826 5468 1928 5521 μου

349 5543 563 5608 εἴπατε,
600 5542 1017 5612 καθυπαντῆσαί
1066 5559 1158 5611 μοι
1209 5541 1307 5597 καὶ
1358 5539 1457 5612 τὴν
1501 5540 1764 5598 ἐπινίκιον
1788 5542 1930 5614 ᾠδὴν

351 5635 702 5704 ἀναφωνῆσαι
736 5636 800 5704 τῇ
831 5634 1122 5706 δυναστείᾳ
1159 5649 1287 5704 μου.

423 5725 696 5780 Παρθένον
742 5726 987 5798 τηρήσας
1038 5742 1096 5780 σε
1144 5723 1288 5798 μετὰ
1333 5735 1426 5778 τον
1473 5724 1666 5792 τόκον,
1696 5725 1724 5779 6
1755 5725 1931 5780 πάντα

2007 1888 2389 1960 contemplans
2421 1887 2656 1944 Verbum
2695 1903 2858 1960 quem
2909 1887 3173 1958 peperisti
3218 1887 3380 1944 modo
3413 1885 3584 1943 ratio-

2007 1994 2132 2036 nem
2166 1989 2220 2037 et
2246 1995 2556 2038 sermonem
2584 1980 2908 2035 excedente.

2532 2071 2693 2128 Lucis
2748 2076 3032 2144 ch’oragus.

2081 2163 2247 2219 Lucis
2293 2163 2567 2236 choragus
2597 2163 2699 2218 sub
2741 2171 2945 2217 terram
2977 2176 3102 2216 cum
3135 2160 3318 2216 anima
3349 2162 3585 2215 descen-

2009 2255 2108 2322 dit,
2137 2263 2192 2310 et
2225 2255 2299 2310 ibi
2346 2256 2560 2310 vinctos
2608 2255 2849 2310 educens
2909 2253 3154 2310 surrexit
3209 2252 3449 2317 fortiter,
3486 2250 3589 2304 imo

2017 2348 2407 2403 mortalitatem
2441 2345 2690 2401 ﬁdelibus
2721 2346 2983 2416 largiens.

2083 2439 2289 2494 Tecum
2319 2441 2436 2495 heri
2466 2439 2757 2494 occidebar
2789 2441 2977 2494 occiso
3064 2454 3164 2509 pro
3187 2453 3294 2502 me,
3327 2435 3587 2503 Domine,

2015 2533 2174 2587 hodie
2205 2546 2333 2586 vero
2362 2531 2738 2593 convivilieor,
2772 2529 2939 2583 vitam
2970 2544 3155 2584 veram
3187 2535 3240 2584 te
3285 2528 3494 2581 habens
3535 2533 3592 2580 et

2015 2623 2229 2678 Pascha
2259 2624 2458 2678 animae
2502 2622 2893 2692 espiatorium.

2086 2714 2292 2769 Baculo
2326 2714 2586 2768 instructi
2621 2721 2674 2770 et
2699 2729 2866 2768 cruce
2896 2712 3149 2777 stabiliti,
3187 2709 3593 2769 manducemus

2015 2819 2214 2876 purum
2237 2804 2471 2872 Pascha,
2490 2806 2736 2861 lactucas
2763 2804 2947 2861 carnis
2964 2804 3305 2875 voluptatum
3325 2819 3390 2860 ex
3413 2811 3596 2862 mente

2016 2906 2206 2952 nostra
2237 2897 2597 2967 expellentes.

2089 2988 2299 3059 Regina
2332 2987 2570 3042 universi
2621 3003 2745 3058 qum
2778 2987 2980 3058 Regem
3027 2986 3272 3042 universi
3306 2986 3590 3056 peperisti,

2019 3079 2171 3134 illum
2212 3078 2370 3149 quasi
2412 3079 2481 3132 de
2533 3079 2775 3134 thalamo
2820 3079 3128 3150 speciosum
3183 3079 3375 3134 videns
3435 3092 3595 3148 egre-

2015 3171 2260 3228 dientom
2297 3172 2366 3230 de
2399 3172 2610 3228 ventris
2654 3172 2732 3228 tui
2772 3173 3012 3239 tumulo,
3059 3172 3278 3228 exsulta
3323 3178 3379 3226 et
3419 3171 3597 3241 tripu-

2015 3262 2132 3320 dia.

2267 3349 2334 3408 In
2365 3352 2556 3424 abysso
2583 3352 2897 3410 delictorum
2931 3353 3345 3410 circumuentus.

2088 3445 2345 3504 Lucifera
2374 3448 2494 3504 dies
2522 3447 2948 3503 resurrectionis
2971 3465 2986 3514 ;
3007 3461 3208 3508 omnes
3237 3443 3451 3501 luciferi
3475 3446 3598 3501 ani-

2019 3537 2216 3592 mabus
2245 3538 2626 3602 nominemur;
2660 3535 2999 3605 Redemptor
3037 3535 3357 3600 resurrexit,
3393 3532 3598 3591 inferni

2021 3643 2187 3699 regna
2221 3627 2570 3684 exinaniens.

2093 3715 2422 3772 Sanctorum
2483 3718 2778 3773 mulierum
2833 3725 3011 3772 curtus
3064 3716 3260 3772 videns
3307 3717 3477 3772 vitam
3526 3732 3594 3774 ex

2021 3808 2254 3862 mortuis
2317 3807 2682 3872 exorientem,
2761 3807 3054 3878 discipulis
3113 3809 3492 3880 congaudebat
3541 3819 3596 3866 et

2020 3895 2232 3953 Pascha
2257 3896 2504 3952 divinum
2537 3897 2872 3953 celebrabat.

2091 3987 2458 4046 Cessaverunt
2501 3988 2708 4044 doloris
2782 3990 3067 4062 lacrym-e;
3106 3992 3392 4048 laetiﬁcans
3439 3993 3587 4047 enim

2019 4077 2181 4135 Jcsus
2209 4080 2476 4144 surrexit,
2511 4095 2699 4136 secum
2731 4083 3009 4137 suscitans
3035 4098 3254 4139 omnem
3283 4087 3592 4140 mortalium

2021 4171 2390 4227 substantiam
2427 4173 2878 4229 misericorditer.

2093 4259 2438 4333 Virginitatis
2473 4262 2700 4333 ianuam
2765 4279 2872 4320 non
2927 4266 3213 4338 aperuisti,
3254 4270 3594 4324 monumenti

2023 4354 2203 4424 sigilla
2217 4369 2326 4410 non
2344 4355 2578 4422 solvisti,
2597 4353 2871 4427 Magister,
2885 4371 3177 4427 resurgens
3192 4365 3316 4429 post
3333 4357 3597 4424 triduum,

1951 4463 2001 4524 υ
2025 4447 2118 4518 qui
2151 4445 2434 4502 voluntate
2459 4447 2644 4500 omnia
2673 4448 2948 4517 operaris.

2516 4535 2765 4592 Divinum
2793 4539 3126 4595 mandatum.

2095 4626 2426 4685 Persecutor
2465 4627 2716 4685 infensus
2755 4629 3077 4686 destructus
3107 4638 3216 4696 est,
3252 4631 3451 4686 inferni
3475 4632 3598 4688 exi-

2026 4722 2273 4777 nanitum
2297 4730 2383 4778 est
2412 4722 2715 4778 obscurum
2748 4737 3012 4793 regnum;
3048 4721 3304 4779 Christus
3329 4727 3478 4780 enim
3514 4726 3598 4779 iu-

2026 4814 2384 4884 temporalem
2461 4813 2936 4884 immortalemque
3015 4813 3312 4886 fulguravlt
3398 4818 3594 4882 lucem,

2027 4911 2257 4959 exortus
2295 4911 2397 4970 est,
2437 4904 2638 4974 gaudio
2665 4912 2867 4960 terram
2902 4905 3136 4976 implens
3163 4908 3326 4966 hodie

2099 4994 2399 5051 Scatehras
2438 4995 2866 5055 immortalitatis
2916 5000 3052 5055 mihi
3100 5001 3400 5066 immisisti,
3433 5004 3604 5062 latere

2029 5084 2330 5141 confossus
2359 5093 2415 5140 et
2439 5088 2719 5153 manibus,
2749 5089 2989 5160 optime;
3016 5099 3192 5146 morte
3214 5107 3344 5148 vero
3369 5106 3595 5151 mortem

2030 5174 2311 5242 occidisti,
2370 5174 2648 5243 Salvator,
2685 5191 2740 5234 et
2771 5181 3162 5236 consuscitasti
3205 5189 3450 5239 mortuos
3505 5195 3597 5238 tua

2032 5267 2463 5334 resurrectione,
2491 5267 2912 5337 gloriosissime.

2101 5357 2388 5415 Flentibus
2429 5371 2704 5430 unguenta
2739 5362 3042 5419 ferentibus
3071 5364 3413 5430 exclamasti,
3449 5365 3599 5423 Chri-

2031 5460 2146 5507 ste:
2183 5449 2442 5517 Surrexi;
2477 5453 2683 5507 luctum
2713 5451 2954 5522 abjicite,
2973 5455 3165 5531 amicis
3195 5457 3329 5513 meis
3343 5458 3510 5516 dicite
3540 5468 3598 5513 ut

2029 5543 2164 5597 mihi
2195 5555 2492 5599 occurrant
2521 5552 2574 5600 et
2599 5546 2858 5616 hymnum
2891 5545 3275 5618 triumphalem
3307 5548 3599 5608 decanteut

2035 5634 2290 5704 potentiae
2319 5649 2472 5690 meae.

2104 5726 2203 5793 Qui
2247 5737 2297 5783 te
2340 5719 2604 5802 virginem
2649 5729 2946 5786 custodivit
2986 5740 3108 5802 post
3138 5741 3377 5804 partum.
3412 5735 3596 5792 omnia
