3986 6236
477 311 628 378 ’39υῖ

1332 309 1393 369 S.
1430 309 1848 373 SOPHRONII
1886 313 2054 374 PATI

2156 316 2388 378 .RCHIE
2419 318 2472 378 Η
2480 319 2555 380 1E
2565 319 2822 382 ROSOL.
3597 329 3720 394 3908

494 423 776 479 voluntate
805 417 990 473 divina
1035 433 1293 488 operans.
1320 419 1470 476 visus
1498 431 1582 476 est
1625 429 1683 476 ut
1720 424 2054 498 homo,_gra-

2167 430 2467 503 βουλήματι
2501 435 2579 505 τῷ
2623 434 2756 506 θείῳ
2780 436 3164 507 ἐργαζὸμενος,
3195 437 3384 510 ὡράθη
3430 439 3504 502 ὡς
3531 439 3720 511 ἀνθρω-

491 517 569 570 tia
608 513 700 570 Dei
733 513 911 583 plena,
957 513 1212 568 omnibus
1251 513 1388 567 dans
1430 515 1888 570 resurrectionem
1941 524 2061 570 tan-

493 621 656 677 quam
691 599 1007 659 hcnel‘actor
1031 611 1086 656 et
1115 602 1571 672 gloriosissimus.

975 691 1079 758 Qui
1115 693 1168 747 in
1193 693 1410 762 fornace
1431 692 1586 762 ignis.

479 837 484 842 .
565 783 732 851 Quasi
784 781 854 840 de
907 782 1147 837 thalamo
1201 780 1592 850 splendescens
1634 788 1690 836 et
1753 783 2058 853 speciosus,

489 877 643 944 Jesu,
661 893 898 949 sponsus
922 874 1246 946 apparuisti,
1277 873 1575 929 immorans
1602 875 1855 946 sepulcro
1875 876 2060 931 ineor-

489 973 907 1044 ruptihilitatem
942 967 1120 1034 nobis,
1161 966 1422 1022 occidens
1453 969 1731 1035 custodes,
1779 970 2060 1026 vivillcans

483 1081 622 1132 _vero
652 1063 938 1120 credentes
970 1063 1023 1116 in
1049 1070 1100 1116 te
1127 1062 1248 1115 vita:
1273 1061 1552 1122 datorem.

561 1153 900 1208 linniortales
927 1160 1101 1207 estote
1124 1165 1221 1205 vos
1244 1157 1420 1204 morte
1467 1165 1607 1214 mea,
1641 1150 1918 1206 clamabas
1952 1151 2060 1212 tuis

490 1246 704 1310 amicis,
743 1252 794 1297 et
825 1242 1035 1298 Pascha
1064 1256 1320 1311 magnum
1353 1241 1545 1310 patriis
1575 1243 1818 1311 gentium
1846 1243 2058 1312 magni-

488 1339 590 1394 ﬁce
611 1346 664 1391 et
679 1335 960 1406 splendide
980 1334 1286 1404 praedicata,
1311 1340 1370 1386 ut
1402 1347 1489 1387 me
1509 1341 1844 1404 cognoscant
1871 1349 2060 1390 omnes

484 1432 768 1487 Christum
811 1429 993 1482 vivere
1027 1426 1341 1480 facientem.

557 1521 766 1577 Vivetis
821 1520 878 1572 in
933 1533 1040 1585 nte,
1087 1517 1284 1571 dilecu
1338 1516 1626 1586 discipuli;
1685 1518 1890 1573 etenim
1959 1534 2060 1591 ego

487 1612 609 1668 Vita
628 1628 746 1666 sum
768 1611 1114 1664 etexsurrexi
1139 1609 1191 1660 in
1213 1606 1404 1676 gloria,
1430 1617 1486 1660 ut
1505 1608 1696 1663 videtis
1714 1623 1830 1675 vos,
1856 1610 2060 1674 elautae

485 1705 630 1762 bas:
673 1701 966 1757 Buccinate
1025 1699 1154 1754 tuba
1210 1699 1266 1752 in
1327 1699 1696 1756 exsultatione
1741 1701 1940 1756 anima:
2002 1702 2056 1756 in

485 1797 709 1852 secula.

557 1885 898 1940 Suscitatum
926 1897 957 1937 e
987 1881 1218 1936 mortuis
1237 1880 1404 1953 Virgo
1436 1880 1633 1936 Filium
1653 1884 2020 1954 contemplata
2039 1903 2058 1941 τι

486 1977 771 2047 speciosus
806 1975 970 2030 {auus
1005 1989 1088 2039 es,
1135 1975 1438 2040 clamabat,
1469 1975 1756 2031 viviticans
1808 1975 1911 2032 Fili
1959 1978 2057 2044 mi,

483 2075 660 2122 morte
687 2067 941 2122 occidens
973 2075 1242 2132 mortem;
1281 2067 1424 2123 unde
1463 2075 1516 2124 te
1566 2067 1832 2139 gloriﬁcat
1865 2083 2063 2125 conso-

481 2161 570 2218 nis
601 2160 827 2216 vocibus
853 2157 1032 2216 omnis
1057 2168 1331 2214 creatura.

934 2253 1104 2308 Deum
1133 2255 1195 2307 de
1213 2253 1320 2308 Deo
1360 2251 1602 2309 Verbum.

553 2347 762 2403 Similis
791 2346 972 2402 factus
995 2347 1048 2402 in
1066 2347 1346 2414 omnibus,
1371 2357 1601 2418 excepto
1619 2357 1864 2419 peccato,
1889 2350 2060 2405 liomi'

479 2439 668 2506 nibus,
720 2439 852 2496 Jesu
886 2455 981 2493 rex
1010 2440 1278 2504 omnium,
1317 2441 1548 2495 moreris
1585 2451 1640 2496 et
1669 2443 1924 2512 sepulcro
1961 2441 2060 2497 de-

480 2534 730 2601 cumbis;
764 2532 1016 2604 exsurgis
1052 2547 1182 2586 vero
1227 2532 1432 2602 absque
1477 2535 1854 2605 corruptione,
1898 2537 2060 2590 inno-

479 2641 617 2682 vans
656 2625 908 2681 ﬁdelibus
957 2623 1501 2694 incorruptibilitatis
1547 2626 1829 2693 introitus,
1873 2627 2058 2683 divina

479 2718 888 2774 resurrectione
924 2725 1036 2772 tua.

548 2809 677 2864 liae
695 2817 886 2864 nostra
907 2809 1028 2865 dies
1043 2824 1206 2880 quam
1232 2825 1364 2866 vere
1383 2810 1514 2866 fecit
1541 2810 1824 2877 Dominus,
1852 2809 2059 2869 faciens

479 2908 538 2960 in
570 2920 633 2959 ea
670 2903 908 2974 gloriosa
947 2911 1002 2959 et
1038 2905 1366 2970 ineffabilia;
1407 2906 1651 2960 laetemur
1683 2904 1736 2958 in
1765 2918 1828 2959 ea
1854 2912 1907 2958 et
1941 2905 2059 2960 cla-

476 3012 676 3052 tuenus
706 3010 902 3066 magna
928 3011 1098 3051 voce:
1126 2996 1512 3052 Venerandum
1539 2996 1755 3052 Pascha
1807 3004 2056 3052 nostrum

478 3086 793 3141 immolatus
819 3102 899 3153 es,
936 3085 1182 3142 Domine.

2167 543 2288 590 πος,
2313 527 2698 598 θεοχαρίτωτε,
2735 532 2867 582 πᾶσι
2899 531 2996 600 τὴν
3020 531 3314 585 ἀνάστασιν
3338 530 3617 596 διδοὺ;,ὠς
3641 534 3719 585 εύ-

2165 617 2394 690 εργέτης
2429 620 2520 672 καὶ
2555 620 2927 692 ὑπερένδοξος.

2519 712 2630 766 Τόν
2666 714 2736 768 ἐν
2773 714 3000 784 καμίνῳ
3034 712 3140 769 τοῦ
3177 716 3384 783 πυρός.

2173 821 2176 824 ·
2243 803 2332 864 Ὠς
2374 805 2438 856 ὲκ
2485 807 2758 870 παστάδος
2807 805 3102 878 φωταυγὴς
3148 806 3243 860 καὶ
3290 806 3508 877 ὡραῖος,
3541 806 3719 878 Ἰησοῦ,

2161 895 2394 968 νυμφίος
2425 896 2633 970 ὤφθης,
2665 901 2693 952 ό
2724 900 2975 964 καινίσας
3007 899 3086 970 τῷ
3124 899 3280 969 τάφῳ
3305 899 3405 970 τὴν
3431 893 3722 970 ἀφθαρθιαν

2161 989 2294 1060 ἡμῖν
2312 1007 2326 1022 ο
2361 990 2639 1063 νεκρὼσας
2664 992 2930 1062 φύλακας,
2959 992 3186 1058 ζωώσας
3212 993 3269 1047 δὲ
3288 992 3416 1056 τοὺς
3441 1008 3720 1046 πεπιστευ-

2161 1082 2328 1147 κότας
2356 1084 2436 1146 εἰς
2471 1084 2529 1137 σὲ
2559 1084 2650 1138 τὸν
2675 1086 2963 1159 ζωοδότην.

2232 1175 2656 1248 Ἀθανατίσθητε
2708 1179 2864 1248 ὑμεῖς
2910 1177 2989 1250 τῷ
3032 1179 3246 1250 θανάτῳ
3295 1195 3434 1249 μου,
3464 1179 3576 1241 τοῖς
3624 1178 3722 1238 σοῖς

2160 1268 2320 1331 ἐϐόας
2352 1269 2524 1338 φίλοις
2544 1287 2557 1300 ·
2600 1271 2693 1323 καὶ
2725 1270 2782 1323 τὸ
2816 1271 3008 1341 Πάσχα
3033 1271 3096 1324 τὸ
3127 1271 3270 1341 μέγα
3317 1271 3439 1333 ταῖς
3481 1270 3721 1338 πατριαϊς

2158 1360 2268 1415 τῶν
2298 1362 2468 1416 ὲθνῶν
2494 1362 2742 1433 μεγάλως
2765 1363 3037 1437 λαμπρῶς
3055 1381 3115 1416 τε
3137 1361 3430 1435 κηρύξατε,
3456 1362 3544 1416 ῐνα
3565 1360 3719 1430 γνῶσι

2160 1451 2364 1516 πάντες
2397 1453 2634 1525 Χριστὸν
2660 1453 2935 1507 νικοποιόν
2969 1471 3058 1524 με.

2231 1541 2492 1613 Ζήσεσθε,
2524 1541 2668 1611 φίλοι
2717 1541 2979 1614 μαθηταὶ,
3013 1543 3072 1595 ὲν
3125 1542 3282 1613 ἐμοί’
3328 1542 3420 1595 καὶ
3467 1541 3576 1611 γάρ
3621 1539 3718 1608 ἐγὼ

2161 1629 2274 1700 ζωὴ
2303 1632 2562 1702 ὑπάρχων
2587 1633 2878 1701 ὲξανέστην
2909 1635 2965 1686 ὲν
2990 1632 3136 1705 δόξῃ,
3158 1632 3338 1698 καθὼς
3361 1635 3524 1703 ὁρᾶτε
3545 1633 3716 1702 ὑμεῖς’

2160 1723 2344 1788 ὲῦόας,
2382 1723 2691 1780 Σαλπίσατε
2720 1725 2981 1797 σάλπιγγι
3009 1728 3067 1781 ὲν
3097 1723 3415 1796 ἀγαλλιάσει
3445 1725 3622 1797 ψυχῆς
3649 1726 3717 1788 εἰς

2088 1801 2131 1858 Β
2159 1818 2284 1880 τοὺς
2310 1818 2533 1883 α-ῑῶνας.

2229 1909 2634 1980 Ἐγηγερμένον
2663 1911 2727 1964 ἐκ
2753 1911 2963 1984 νεκρῶν
2990 1911 3316 1982 ήΠαρθένος
3341 1910 3432 1965 τὸν
3449 1910 3581 1964 Υῐδν
3605 1911 3716 1965 θεα-

2162 1997 2393 2067 σαμένη,
2443 1999 2764 2071 Ὠραιώθης,
2790 2001 2937 2068 ἐϐόα,
2969 2001 3199 2066 ζωοποιέ
3232 2018 3331 2071 μου
3361 2001 3486 2067 Υἱὲ,
3521 2000 3717 2072 θανάτῳ

2161 2085 2442 2157 νεκρὼσας
2488 2089 2579 2142 τὸν
2633 2088 2895 2144 θάνατον’
2940 2090 3062 2149 ὅθεν
3092 2106 3150 2145 σε
3175 2091 3386 2159 δοξάζει
3427 2091 3716 2164 συμφώνως

2161 2181 2309 2234 πᾶσα
2342 2181 2537 2246 κτίσις.

2162 2281 2164 2283 ’
2523 2274 2634 2329 Τόν
2669 2273 2738 2330 ἐκ
2779 2275 2926 2330 Θεοῦ
2966 2275 3115 2332 Θεὸν
3151 2276 3366 2348 Λόγον.

2245 2365 2558 2437 Ὀμοιωθεὶς
2587 2369 2730 2424 κατὰ
2757 2370 2936 2425 πάντα
2961 2373 3358 2444 ἁμαρτήματος
3377 2374 3507 2444 δίχα
3535 2368 3626 2428 ἀνθ
3637 2372 3717 2444 prb-

2161 2477 2303 2525 ποις,
2335 2459 2514 2531 Ἰησοῦ
2546 2458 2918 2531 παμϐασιλὲῢ,
2950 2461 3204 2533 θνήσκεις
3251 2466 3344 2517 καὶ
3379 2465 3537 2536 τάφῳ
3567 2464 3718 2519 κατάο

2160 2570 2339 2607 κεισαι
2361 2569 2375 2583 ·
2403 2553 2477 2624 μὴ
2501 2553 2708 2625 φθορᾶς
2741 2554 3028 2625 μετασχὼν
3057 2556 3111 2609 δὲ
3135 2556 3442 2622 ἀνίστασαι,
3478 2555 3718 2620 καινίζων

2157 2647 2271 2708 τοῖς
2301 2647 2510 2709 πιστοῖς
2535 2645 2843 2717 ἀφθαρσίας
2875 2646 3115 2710 εἰσόδους
3152 2649 3217 2719 τῇ
3267 2646 3390 2719 θεία
3440 2648 3713 2702 ἀναστάσει

2160 2751 2273 2790 σου.

2227 2825 2377 2895 Αὕτη
2401 2825 2556 2897 ἡμῶν
2601 2827 2634 2897 ὴ
2658 2827 2840 2898 ἡμέρα
2868 2827 2935 2899 ἢν
2970 2829 3225 2900 ἐποίησεν
3252 2831 3420 2895 ὅντως
3451 2831 3480 2883 ό
3513 2831 3712 2902 Κύριος,

2158 2919 2394 2989 ποιήσας
2423 2920 2478 2971 ὲν
2507 2919 2642 2990 αὐτῇ
2679 2919 2864 2984 ἔνδοξά
2895 2937 2953 2972 τε
2980 2919 3085 2988 ,καὶ
3118 2921 3438 2993 ἀπόρρητα·
3490 2925 3548 2976 ὲν
3595 2923 3714 2994 αὐτῇ

2159 3007 2570 3078 εὐφρανθῶμεν,
2593 3009 2686 3062 καὶ
2713 3008 3003 3080 κράξωμεν
3029 3010 3242 3084 μεγάλῃ
3259 3013 3326 3082 τῇ
3354 3013 3531 3083 φωνῇ,
3556 3011 3600 3064 Τ
3600 3011 3625 3063 δ
3644 3025 3717 3063 σε·

2160 3097 2390 3170 σάσμιον
2425 3101 2618 3170 Πάσχα
2650 3101 2806 3172 ήμῶν
2839 3101 3058 3173 ὲτύθης,
3087 3103 3280 3175 Κύριε.

552 3175 693 3243 Quid
755 3193 875 3233 Cum
946 3178 1239 3249 υηευειιιὶε
1293 3178 1543 3250 (Ιυαπίιίε
1594 3177 2052 3249 Ρτθηοείῧθίπηυω
2083 3160 2127 3219 c‘
2231 3160 2297 3246 Tui
2325 3194 2466 3264 μετά
2503 3160 2703 3266 μύρων.
2718 3193 2929 3264 ζητεῖτε
2960 3160 3030 3250 τί).
3046 3160 3346 3268 πολύτιμον
3382 3197 3588 3268 μύρον;
3624 3194 3713 3249 Τοῦ

484 3271 856 3338 unguentum?
913 3270 1114 3325 inferni
1161 3269 1352 3324 {auida
1408 3270 1684 3338 auferens,
1727 3270 2056 3326 solutionem

482 3362 680 3417 vinctis
711 3360 1028 3424 insumavit,
1053 3372 1109 3416 et
1147 3361 1388 3416 surrexit
1421 3361 1476 3416 in
1519 3361 1721 3432 gloria;
1750 3359 2054 3430 implemini

483 3452 708 3523 gaudio,
765 3452 1097 3510 exclamavit
1147 3451 1467 3508 mulieribus
1508 3451 1734 3524 angelus
1779 3449 2054 3522 refulgens

478 3544 536 3600 in
561 3545 838 3614 sepulcro.

557 3637 693 3691 Cum
725 3636 1047 3692 mulieribus
1099 3648 1377 3708 unguenta
1417 3637 1740 3707 ferentibus,
1791 3651 1916 3696 cum
1959 3653 2054 3695 sa-

479 3726 761 3796 pientibus
807 3727 1090 3795 apostolis,
1124 3727 1318 3782 videns
1350 3727 1544 3782 Filium
1573 3737 1725 3783 tuum
1771 3736 1826 3783 et
1860 3729 2050 3794 Deum,

481 3827 592 3872 tota
624 3817 1140 3887 irreprehensihilis,
1173 3819 1497 3874 suscitatum
1537 3835 1602 3875 ex
1630 3820 1880 3886 mortuis,
1912 3819 2054 3874 sicut

477 3908 715 3969 dixerat,
760 3910 1010 3963 festivum
1061 3913 1290 3980 concipe
1321 3911 1600 3981 gaudium,
1632 3913 1931 3968 obsecrans
1965 3912 2054 3966 in-

480 3998 794 4052 desinenter
834 4007 895 4053 ut
922 3999 1208 4054 salvantur
1244 4001 1442 4054 animae
1472 4009 1690 4056 nostrae.

1023 4089 1134 4156 Qui
1159 4107 1326 4161 aqua;
1356 4091 1502 4144 olim.

549 4179 654 4247 Qui
691 4187 891 4234 terram
925 4194 1090 4249 super
1123 4197 1294 4251 aquas
1333 4184 1464 4237 olim
1509 4183 1818 4253 suspendit,
1855 4182 2054 4238 volun-

479 4276 619 4328 tarie
668 4273 870 4343 pendet
919 4273 1101 4342 ligno:
1138 4289 1204 4328 ex
1253 4275 1421 4330 latere
1469 4285 1648 4330 autem
1701 4270 1883 4330 scatet
1911 4289 2050 4346 aqua

477 4363 818 4420 remissionis
866 4370 922 4418 et
963 4365 1353 4435 scaturicntem
1407 4366 1843 4438 transgressione
1891 4366 2052 4420 mali-

477 4455 609 4509 tiam
644 4453 872 4508 arel‘acit
915 4454 1374 4522 misericorditer,
1418 4457 1545 4527 quia
1573 4455 1910 4525 gloriﬁcatus
1942 4464 2046 4514 est.

548 4546 626 4601 De
663 4554 808 4600 terra
846 4546 914 4600 ad
941 4561 1005 4601 ea
1031 4563 1152 4617 quae
1185 4563 1404 4604 sursum
1436 4563 1567 4606 sunt
1592 4551 1792 4606 sublati
1823 4549 2047 4607 Paschae

475 4639 788 4693 clarissima
815 4637 923 4702 die,
958 4639 1012 4694 in
1046 4654 1109 4695 ea
1152 4641 1313 4697 hodie
1363 4643 1560 4698 choros
1592 4644 1944 4699 instituamus
1991 4653 2047 4698 et

481 4729 723 4797 laudem,
745 4729 1032 4787 mittamus
1063 4733 1298 4789 occisori
1332 4735 1548 4799 mortis,
1572 4735 1672 4788 soli
1699 4735 1808 4805 regi
1836 4745 2043 4799 nostro,

477 4824 608 4894 quia
643 4822 978 4892 gloriﬁcatus
1001 4835 1107 4882 est.

553 4915 938 4972 lnamtimabile
995 4925 1332 4988 unguentum
1404 4929 1504 4972 cur
1561 4934 1683 4974 cum
1745 4921 2043 4993 unguentis

477 5007 748 5076 quaeritis,
779 5007 1086 5063 mulieres?
1110 5008 1436 5063 exclamavit
1465 5011 1686 5080 angelus
1716 5012 1771 5066 in
1794 5013 2045 5083 sepulcro

479 5097 712 5167 gloriosa
737 5111 1006 5167 apparens
1039 5114 1054 5152 :
1086 5099 1184 5164 ite,
1231 5101 1552 5155 annuntiate
1581 5101 1886 5172 discipulis,
1913 5119 2042 5160 sur-

479 5173 620 5242 rexit
647 5197 702 5242 et
735 5197 896 5243 terra:
929 5191 1194 5245 terminos
1223 5191 1551 5246 inodoravit.

553 5279 754 5336 Filium
786 5296 961 5346 tuum,
997 5280 1188 5352 Virgo,
1221 5284 1546 5338 suscitatam
1571 5299 1599 5339 a
1629 5287 1883 5356 sepulcro
1923 5303 2045 5360 spe-

479 5372 688 5427 ciosum
724 5373 897 5426 forma
931 5373 1124 5429 videns
1177 5375 1466 5445 discipulis
1515 5376 1664 5432 clare
1735 5380 2045 5451 congaude-

479 5463 598 5526 bas,
634 5463 1022 5531 immaculata;
1067 5465 1211 5519 unde
1252 5465 1320 5520 ad
1373 5475 1424 5520 te
1482 5465 1784 5524 clamamus
1821 5489 1833 5524 :
1905 5472 2042 5526 laeti-

474 5549 566 5607 tiae
589 5562 777 5612 musa,
806 5550 973 5616 salve,
1009 5551 1252 5606 inventio
1281 5559 1336 5606 et
1364 5552 1736 5611 manifestatio
1756 5557 1902 5613 vitae.

477 5662 715 5730 Populus
762 5681 928 5732 meus,
977 5667 1102 5737 quia
1148 5669 1205 5722 in
1243 5668 1502 5788 'lonmibus
1540 5669 1783 5727 dominor
1831 5675 1957 5731 vivis
1993 5687 2043 5732 et

500 5773 508 5784 .
1132 5753 1247 5788 mar
1272 5753 1375 5788 am.

1132 5753 1375 5792 mortuas.

549 5819 623 5878 Ut
649 5818 790 5883 Deus
821 5825 1031 5882 deduco
1056 5833 1111 5882 et
1140 5824 1314 5883 educo
1346 5827 1411 5884 de
1441 5835 1584 5887 terra
1615 5842 1667 5890 et
1726 5835 1877 5894 salvo
1933 5837 2042 5894 cla-

2158 3285 2288 3357 ᾆδου
2311 3285 2371 3338 τό
2395 3285 2629 3350 δυσῶδες
2657 3285 2894 3356 ἀφελὼν,
2916 3286 3069 3341 λύσιν
3097 3287 3714 3361 δεσμώταιςδιέπνευσε,

2157 3381 2250 3434 καὶ
2287 3378 2488 3449 ἀνέστη
2517 3381 2573 3433 ὲν
2600 3379 2725 3452 δόξῃ
2746 3396 2759 3411 ·
2789 3379 3142 3454 ἐμπλήσθητε
3175 3383 3374 3454 χαρᾶς,
3401 3387 3525 3448 ταῖς
3551 3400 3716 3452 γυναι-

2158 3470 2241 3538 ξ¹ιν
2274 3472 2302 3524 ὁ
2334 3471 2659 3542 ἀστράπτων
2687 3470 2764 3543 τῷ
2799 3473 2956 3542 τάφῳ
2983 3472 3214 3543 ἄγγελος
3237 3473 3556 3546 ἀνεϐόησεν.

2227 3646 2332 3704 Σὺν
2378 3651 2591 3719 γυναιξὶ
2643 3651 2993 3723 μυροφόροις,
3031 3651 3127 3706 σὺν
3174 3653 3356 3722 σοφοῖς
3389 3651 3712 3717 ἀποστόλοις,

2155 3739 2338 3813 όρῶσα
2355 3742 2444 3796 τὸν
2470 3742 2594 3795 Υίόν
2612 3760 2706 3796 σου
2726 3743 2819 3796 καὶ
2841 3743 2970 3796 Θεὸν
2984 3743 3187 3814 ὲγηγερ
3195 3744 3378 3814 μένον,
3396 3745 3710 3814 πανάμωμε,

2153 3829 2221 3885 ὲκ
2273 3833 2504 3904 νεκρῶν,
2537 3834 2717 3897 καθὼς
2769 3831 2953 3897 εἶπεν,
2987 3834 3191 3905 ἑόρτιον
3245 3835 3481 3889 ἀνάλαὸε
3535 3834 3713 3906 χαρὰν,

2153 3924 2484 4004 δυσωποῦἰσα
2507 3927 2800 3991 ἀπαύστως
2835 3927 3074 3998 σωθῆναι
3105 3929 3204 3992 τὰς
3230 3927 3411 3999 ψυχάς
3441 3927 3620 4000 ἡμῶν.

2621 4107 2677 4160 Ὀ
2716 4107 2788 4162 τὰ
2828 4107 3014 4162 ὕδατα
3052 4107 3258 4162 πάλαι.

2238 4197 2295 4250 Ὁ
2324 4199 2423 4269 τὴν
2461 4199 2565 4270 γῆν
2597 4201 2682 4270 ἐφ’
2716 4201 2923 4255 ὑδάτων
2953 4200 3118 4254 πάλαι
3145 4200 3451 4271 κρεμάσας,
3489 4197 3719 4272 κρεμνᾶ-·

2149 4306 2238 4342 ται
2266 4289 2587 4354 ἐθελουσίως
2622 4291 2702 4362 τῷ
2731 4292 2902 4363 ξύλῳ·
2946 4293 3008 4346 ἐκ
3040 4291 3278 4364 πλευρᾶς
3313 4291 3467 4364 βρύει
3502 4291 3558 4346 δὲ
3587 4290 3712 4360 ὕδωρ

2151 4380 2418 4450 ἀφέσεως,
2433 4383 2528 4436 καὶ
2549 4382 2646 4453 τὴν
2667 4383 3073 4448 ἀναϐλύζουσαν
3096 4386 3162 4456 τῇ
3193 4383 3504 4452 παραϐάσει
3529 4383 3711 4438 κακίαν

2155 4472 2400 4544 ξηραίνει
2429 4473 2504 4538 ὡς
2540 4473 2933 4544 εύσπλαγχνος,
2963 4475 3045 4528 ὅτι
3073 4473 3407 4540 δεδόξασται.

2221 4565 2320 4618 Ἐκ
2351 4565 2449 4634 τῆς
2477 4567 2581 4634 γῆς
2611 4566 2748 4636 πρὸς
2792 4569 2858 4619 τὰ
2901 4566 3012 4620 άνω
3062 4568 3460 4643 ἀνενεχθέντες,
3497 4566 3588 4620 τοῦ
3619 4565 3711 4619 Πά-

2151 4674 2252 4727 σχα
2277 4659 2341 4728 τῇ
2371 4655 2734 4731 λαμπροτάτῃ
2760 4659 2966 4730 ἡμέρᾳ,
2999 4659 3055 4712 ὲν
3084 4661 3221 4731 αὐτῇ
3257 4660 3497 4732 σήμερον
3533 4658 3711 4730 χοροὺῖ

2150 4749 2504 4820 στησάμενοι,
2534 4745 2683 4802 αἴνον
2737 4751 3152 4823 ἀναπέμψωμεν
3203 4751 3280 4822 τῷ
3331 4753 3577 4824 νεκρωτῇ
3627 4746 3710 4802 τοῦ

2149 4837 2402 4905 θανάτου,
2424 4842 2568 4911 μόνῳ
2597 4841 2808 4911 βασιλεί
2837 4841 3009 4914 ἡμῶν,
3035 4844 3116 4896 ὅτι
3143 4843 3475 4910 δεδόξασται.

2218 4933 2290 4984 Τὸ
2316 4932 2579 5004 ἀτίμητον
2609 4933 2779 5005 μύρον
2808 4933 2862 4986 τί
2891 4933 3027 5005 μετὰ
3059 4935 3270 5005 μύρων,
3297 4936 3573 5007 γυναζκες,
3600 4935 3709 4987 ἑπι-

2147 5017 2356 5091 ζητεῖτε
2379 5021 2400 5090 ’;
2433 5024 2490 5075 ὲν
2519 5024 2674 5093 τάφῳ
2700 5025 2728 5076 ὁ
2761 5025 2946 5092 φανεὶς
2990 5025 3219 5094 ἄγγελος
3261 5024 3530 5097 λαμπρῶς
3563 5025 3709 5090 ἐϐόη-

2155 5123 2244 5166 σεν
2270 5131 2283 5144 ·
2320 5115 2535 5181 Ἀπιτε,
2563 5115 2835 5186 κηρύξατε
2869 5117 2978 5178 τοῖς
3009 5115 3298 5188 μαθηταῖς,
3323 5117 3604 5187 ἐξανέστη,
3625 5113 3710 5169 καὶ

2149 5206 2514 5259 κατευωδίασε
2547 5207 2649 5277 τῆς
2677 5208 2777 5278 γῆς
2808 5207 2878 5260 τά
2906 5208 3140 5278 πέρατα.

2217 5297 2321 5351 Τὸν
2369 5297 2496 5351 Υίόν
2542 5315 2658 5365 σου,
2707 5299 2971 5370 Παρθένε,
3018 5301 3386 5374 ἐγηγερμένον
3432 5303 3494 5357 ὲκ
3544 5302 3706 5370 τάφου

2144 5386 2344 5458 ὡραῖον
2377 5387 2558 5443 κάλλει
2592 5391 2797 5462 ὁρῶς,
2829 5391 3119 5462 μαθηταῖς,
3153 5393 3387 5466 ἄχραντε
3408 5435 3425 5462 ,
3450 5393 3709 5466 λαμπρῶς

2147 5479 2464 5563 συνέχαιρες
2484 5496 2499 5511 ο
2531 5480 2654 5535 ὅθεν
2700 5499 2782 5536 σοι
2830 5484 3234 5554 κραυγάζομεν·
3265 5485 3454 5558 Χαρᾶς
3484 5487 3516 5558 ή
3549 5482 3706 5550 αἰτία.

2145 5570 2302 5641 χαῖρε
2331 5573 2364 5642 ἡ
2399 5571 2702 5644 ἀνεύρεσις,
2732 5573 2879 5643 ζωῆς
2912 5576 3237 5648 φανέρωσις.

2216 5684 2374 5749 Δαός
2402 5700 2523 5753 μου
2541 5724 2558 5751 ,
2597 5685 2686 5740 ὅτι
2724 5688 2964 5817 ad}:er
2999 5691 3248 5760 κυριεύω
3287 5691 3516 5762 νεκρῶν
3550 5689 3654 5748 καί.

2838 5776 3057 5814 ωντων.

2838 5776 2921 5812 ων
2927 5776 3057 5814 των.

2233 5837 2322 5906 Ὠς
2346 5841 2477 5909 θεὸς
2501 5843 2839 5916 καὶ-κατὰγω
2860 5850 2952 5904 καὶ
2979 5850 3167 5920 ἀνάγω
3198 5851 3261 5906 ὲκ
3291 5851 3416 5924 γῆς,
3438 5852 3531 5908 καὶ
3557 5850 3705 5918 σώζω
