3986 6236
466 309 602 378 3911
989 282 992 286 ”
1351 312 1414 374 S.
1446 309 1861 372 SOPHRONII
1891 309 2400 372 PATRIARCH/E
2432 311 2845 375 HlEROSOL.
3631 316 3772 378 3912

469 432 692 490 intuitu,
736 425 995 490 Verbum,
1028 426 1227 496 gaudio
1279 425 1485 495 repleta
1523 435 1611 482 est
1641 434 1696 482 et
1739 425 1950 498 plaudit
1995 425 2043 479 in

2200 427 2464 498 ὶμψαντα,
2495 428 2659 500 Λόγε,
2695 429 2872 500 χαρᾶς
2900 425 3259 498 πεπλήρωται
3301 427 3393 481 καὶ⁵
3453 430 3676 498 κροτεῖ
3719 429 3774 479 ὲν

469 523 665 596 spiritu
701 519 950 574 Pascltati
983 517 1171 572 divino
1193 525 1248 572 et
1280 515 1532 572 salutari.

2152 520 2431 592 Πνεύματι
2461 521 2651 594 Πάσχα
2678 523 2821 576 θεῖον
2856 522 2948 575 rat
2982 522 3269 592 σωτήριον.

538 613 711 680 Quem
741 627 804 666 ex
827 617 928 664 tuo
957 609 1312 666 sanctissimo
1343 607 1616 680 sanguine
1655 613 2049 678 supernatura-

2228 615 2325 667 Ὃν
2341 615 2406 668 ὲκ
2424 614 2534 668 τῶν
2557 614 2664 669 σῶν
2679 614 2964 682 παναγίων
2989 615 3234 684 αἱμάτων
3266 611 3597 684 ὑπερφυῶς
3629 612 3773 666 ἐσω-

468 701 591 758 liter
649 715 882 771 corpore
923 698 1142 754 donasti
1198 697 1464 762 Verbum,
1513 697 1930 754 reviviscentem
1979 713 2042 752 ex

2205 704 2412 768 hunc
2453 707 2646 776 Λόγον,
2673 705 3054 761 ἀναόιώσαντα
3081 706 3146 758 ἐκ
3173 705 3386 776 νεκρῶν
3435 704 3592 776 τριή
3602 719 3779 774 μερον

467 793 697 849 mortuis
720 801 842 863 post
861 790 1101 846 triduum
1116 790 1546 862 contemplatata
1563 803 1646 857 es,
1665 789 1832 862 Virgo
1851 795 2041 844 mater.

1294 790 1546 862 mplatata
1563 803 1646 857 es,
1665 789 1832 862 Virgo
1851 795 2045 844 mater.
2149 793 2382 862 ἐθεάσω,
2414 795 2868 869 Μητροπάρθενε.

814 907 1050 977 Abyssus
1075 915 1312 961 extrema
1343 915 1700 977 peccatorum.

2473 904 2772 972 Ἄσυσσος
2807 903 3041 975 ἐσχάτη
3079 902 3396 974 ἁμαρτιῶν.

533 1021 766 1078 Cantate
805 1036 870 1076 ac
899 1021 1115 1092 psallite
1149 1019 1260 1076 Deo
1291 1020 1383 1090 qui
1415 1020 1658 1075 omnium
1686 1018 1896 1074 hostem
1925 1033 2050 1090 pas-

2224 1018 2430 1090 ’ᾼσατε
2461 1016 2556 1074 καὶ
2575 1015 2788 1090 ψάλατε
2813 1016 2891 1090 τῷ
2917 1017 3037 1088 Θεῷ
3062 1017 3234 1071 ἑλόντι
3255 1015 3419 1070 πάθει
3450 1016 3565 1071 τὸν
3589 1016 3780 1072 ἁπάν-

467 1115 626 1170 sione
655 1127 754 1167 sua
791 1112 1014 1168 sustulit
1058 1131 1070 1168 :
1129 1113 1271 1184 agite
1318 1111 1549 1184 gratias,
1609 1109 1816 1183 populi;
1871 1109 2041 1165 tribus

2204 1127 2258 1164 ον
2307 1109 2592 1183 πολέμιον,
2643 1111 2737 1165 καὶ
2788 1111 3199 1184 πανηγυρίσατε
3251 1108 3392 1177 λαοὶ,
3426 1109 3623 1181 φυλαὶ
3682 1111 3778 1164 καὶ

465 1221 528 1261 ac
555 1207 755 1275 lingua:
784 1214 963 1271 terrae,
987 1211 1041 1259 et
1064 1203 1306 1274 plaudite
1326 1202 1582 1258 manibus
1615 1219 1630 1256 :
1667 1199 1931 1256 Dominus
1957 1214 2039 1255 re-

2201 1200 2391 1256 ίῶσσαι
2433 1202 2534 1274 τῆς
2577 1201 2704 1274 γῆς,
2740 1203 2835 1258 καὶ
2861 1203 3189 1276 κροτήσατε·
3221 1201 3533 1274 Ἐξανέστη
3583 1202 3618 1256 6
3654 1200 3775 1256 Κύ-

463 1301 732 1357 surrexit.

719 1341 732 1354 .
2149 1309 2287 1364 ριος.

534 1389 869 1446 Vulneratus
917 1396 1001 1444 est
1051 1388 1241 1444 lancea
1280 1395 1368 1441 tua
1413 1385 1694 1452 inimicus,
1753 1391 1807 1440 et
1856 1383 2047 1456 igneus

2229 1386 2512 1456 Τέτρωται
2562 1389 2631 1458 τῇ
2662 1384 2836 1462 λόγχῃ
2862 1403 2955 1440 σου
2984 1387 3014 1440 6
3059 1386 3270 1460 ἐχθρὸς,
3319 1384 3416 1442 καὶ
3443 1387 3484 1458 ἡ
3517 1384 3772 1457 φλογίνη

462 1483 681 1554 gladius
713 1481 896 1552 fugam
927 1481 1170 1552 capessit
1197 1480 1268 1535 ab
1311 1480 1378 1535 iis
1427 1480 1522 1549 qui
1579 1477 2036 1535 resurrectionem

2199 1478 2397 1550 >μφαία
2441 1478 2590 1533 νῶτα
2647 1479 2827 1534 δίδωσι
2872 1480 2984 1544 τοῖς
3032 1480 3131 1553 τὴν
3170 1481 3271 1552 σήν
3305 1479 3638 1535 ἀνάστασιν
3686 1479 3773 1532 εὖ·

461 1587 611 1632 tuam
647 1577 734 1646 pie
772 1575 1123 1640 annuntiaut,
1159 1581 1322 1644 teque
1353 1572 1575 1644 hymnis
1624 1571 1916 1636 extollunt,
1950 1585 2035 1640 0p-

2194 1571 2325 1634 εϐὦς
2347 1569 2800 1641 καταγγέλλουσι,
2823 1571 2920 1624 καὶ
2948 1571 3179 1644 ὑμνοῦσι
3217 1591 3301 1638 σε,
3349 1573 3543 1645 Ἰησοῦ
3580 1574 3768 1646 ὑπερ-

463 1671 595 1726 time
631 1669 783 1724 Jesu.

779 1710 783 1721 .
2158 1664 2353 1734 άγαθε.

535 1757 710 1814 llodie
741 1759 889 1815 enim
948 1772 1136 1814 revera
1185 1756 1526 1812 celebramus
1578 1755 2042 1812 resurrectionem
2071 1779 2109 1838 ﬂ

2219 1757 2467 1829 Σήμερον
2505 1757 2602 1830 τὴν
2653 1756 2870 1830 ἔγερσιν
2925 1756 3141 1828 άληθῶς
3171 1757 3344 1830 αὐτὴν
3401 1757 3761 1828 ἑορτάζομεν

461 1855 680 1911 Domini
720 1855 1018 1909 ereationis
1048 1869 1143 1925 per
1178 1852 1323 1906 illam
1360 1869 1373 1906 :
1427 1866 1614 1914 secum
1673 1851 1818 1906 enim
1885 1865 2035 1904 mun<

2188 1849 2241 1904 οῦ
2300 1850 2574 1904 Δεσπότου
2631 1850 2731 1920 τῆς
2767 1849 3003 1914 κτίσεως
3055 1851 3114 1902 ὲν
3154 1851 3330 1922 αὐτῇ·
3387 1849 3487 1905 τὸν
3540 1851 3762 1921 κόσμον

462 1950 592 2004 dum
657 1947 1050 2011 resuscitavit,
1107 1952 1162 2001 et
1220 1942 1548 2000 interfectus
1606 1940 1882 1998 interfecit
1946 1941 2036 1998 ho-

2184 1941 2255 2014 ὰρ
2275 1939 2454 2014 ἑαυτῷ
2485 1942 2879 2013 συνανέστησε,
2903 1941 2998 1994 καὶ
3015 1941 3289 2012 ὲνέκρωσε
3310 1941 3629 2014 νεκρωθεὶς
3663 1941 3756 1994 τὸν

461 2051 625 2099 stem.

2147 2033 2427 2105 πολέμιον.

533 2130 614 2187 Tu
653 2147 777 2203 quae
807 2131 923 2187 sola
953 2128 1265 2186 castissima
1319 2142 1380 2184 es
1437 2141 1626 2182 coram
1682 2121 1793 2181 Deo
1845 2132 1902 2180 et
1946 2123 2046 2178 lto-

2217 2125 2490 2192 Πάναγνε,
2516 2124 2551 2194 ἡ
2586 2121 2720 2194 μόνη
2741 2120 2819 2194 τῷ
2850 2121 3216 2194 πλαστουργῷ
3252 2122 3352 2177 ,καὶ
3383 2123 3502 2187 τοῖς
3527 2121 3751 2194 ἀνθρὼο

461 2224 725 2289 minibus,
763 2239 928 2293 supra
954 2237 1121 2294 quam
1154 2219 1460 2290 intelligere
1489 2231 1757 2290 queamus
1804 2216 2035 2272 interce-

2175 2233 2271 2281 ιοις
2317 2214 2462 2286 ὑπὲρ
2503 2213 2630 2269 νοῦν
2683 2214 3077 2285 μεσιτεύσασα,
3108 2213 3200 2268 τὸν
3247 2213 3376 2268 Υίόν
3439 2230 3543 2268 σου
3586 2214 3749 2268 ἵλεων

463 2317 598 2372 dens
633 2315 775 2387 apud
803 2313 999 2368 Filium
1044 2320 1224 2378 tuum,
1294 2325 1392 2364 ora
1445 2323 1546 2380 pro
1578 2306 1757 2374 nobis,
1818 2313 1878 2360 ut
1929 2320 2037 2361 ser-

2173 2309 2260 2373 οἶς
2291 2305 2575 2361 ιπταικόσι
2605 2304 2813 2368 δούλοις
2853 2322 2945 2360 σου
2978 2306 3072 2360 καὶ
3112 2305 3429 2378 ὑπέρμαχον
3457 2305 3747 2380 χρηματί-

461 2409 545 2464 vis
571 2409 681 2463 tuis
711 2407 850 2462 male
878 2403 1053 2475 lapsis
1088 2400 1366 2472 propitius
1413 2400 1490 2456 sit
1553 2407 1721 2470 atque
1776 2396 2035 2454 auxilium

1041 2400 1366 2472 tpropitius
1413 2400 1490 2456 sit
1553 2407 1721 2470 atque
1776 2396 2046 2454 auxilium
2150 2418 2241 2457 σαι
2268 2397 2615 2471 δυσῶπησον.

464 2500 620 2559 lerat.

923 2611 1052 2666 Tres
1087 2610 1236 2679 pueri
1274 2608 1329 2662 in
1366 2606 1605 2679 fornace.

2549 2593 2711 2664 Τρεῖς
2736 2585 2953 2663 ¹παῖδες
2976 2595 3055 2650 ἐν
3086 2598 3332 2666 καμίνῳ.

533 2723 727 2790 Hodie,
751 2730 963 2794 gentes,
981 2719 1224 2791 plaudite
1243 2716 1496 2773 manibus
1521 2724 1574 2770 et
1588 2713 1835 2786 psalmis,
1859 2727 2050 2769 surre-

2220 2709 2566 2782 Κροτήσατε,
2593 2709 2745 2780 έθνη,
2770 2707 3063 2780 ψαλμικῶς
3081 2711 3271 2781 χεῖρας
3292 2711 3563 2783 σήμερον,
3582 2710 3737 2776 ἐξαν-

463 2817 543 2872 xit
573 2815 835 2871 Christus
864 2810 1146 2867 suscitans
1177 2819 1424 2864 mortuos
1459 2819 1594 2861 voce
1640 2819 1837 2876 magna
1868 2803 2037 2861 dicen

2163 2801 2286 2874 έστη
2314 2803 2350 2856 -6
2380 2801 2615 2872 Χριστὸς
2669 2801 3052 2872 πνεξεγεὶρας
3100 2803 3352 2874 νεκροὺς,
3407 2802 3737 2874 μεγαλοφώ-

467 2919 551 2966 tes
581 2927 594 2965 :
625 2905 953 2964 Benedictus
979 2918 1060 2970 es,
1093 2901 1237 2958 Deus
1268 2911 1483 2972 patrum
1517 2905 1856 2954 nostrorum.

2163 2911 2262 2958 νως
2305 2893 2576 2966 βοῶνταςο
2599 2892 2906 2964 Εὐλογητὸς
2936 2889 3008 2961 εἱ,
3043 2895 3074 2949 6
3116 2893 3250 2959 Θεὸς
3283 2895 3313 2949 6
3339 2895 3456 2950 τῶν
3481 2894 3737 2968 πατέρων

2238 3003 2335 3040 ων.

535 3092 783 3164 Agamus
801 3089 1005 3145 choros
1035 3086 1213 3142 sacris
1238 3083 1578 3141 exsultantes
1606 3077 2050 3184 bymnistzin’boc
2077 3125 2109 3184 ε

2238 3003 2335 3040 ων.

2161 2986 2564 3143 ήμι’Στησώμεθα
2621 3070 2842 3142 χορείαν
2897 3071 3174 3142 μυστικῶς
3255 3071 3625 3140 ἀλαλάζοντες
3673 3073 3735 3144 τῇ

466 3162 711 3256 paschali
756 3180 897 3236 festo
948 3176 1392 3232 conclamemusl
1433 3173 1579 3229 Laus
1595 3170 1718 3238 tibi,
1747 3187 1780 3226 o
1808 3167 2040 3234 Christe,

2165 3162 2248 3217 τοῦ
2294 3163 2487 3234 Πάσχα
2518 3163 2678 3235 ἑορτῇ
2723 3163 2817 3217 καὶ
2849 3162 3278 3236 ἀνακράξωμενο
3324 3167 3382 3218 '0
3411 3165 3485 3220 τὰ
3525 3165 3739 3238 μεγάλα

469 3250 562 3346 qui
595 3274 664 3330 ad
699 3269 1078 3329 redimendum
1119 3281 1222 3323 nos
1253 3279 1453 3337 magna
1478 3270 1740 3335 operatus
1773 3276 1854 3318 es.

2161 3254 2390 3325 ποιήσας
2475 3253 2556 3316 είς
2619 3251 2999 3325 ἀπολύτρωσιν
3080 3254 3263 3326 ἡμῶν,
3315 3255 3620 3328 εὐλογητὸς
3669 3250 3735 3320 ετ,

2161 3346 2378 3400 Χοιστέ.

2208 3363 2378 3418 ριστε.

537 3448 828 3506 Abstinete
851 3459 950 3501 vos
979 3435 1194 3500 bodie'a
1221 3438 1690 3511 contemplatione
1710 3445 1918 3503 vestra,
1935 3453 2054 3492 mu-

2226 3438 2489 3502 Γυναῖκες
2528 3435 2636 3492 ἀπὸ
2679 3436 2810 3502 θέας
2845 3438 3136 3510 γραφικῶς
3180 3440 3338 3496 δεῦτε
3368 3444 3637 3518 σήμερον,
3675 3446 3733 3514 τῇ

466 3541 652 3606 lieres,
715 3546 772 3594 et
803 3539 1125 3591 annuntiate
1175 3531 1308 3587 Sion
1359 3529 1816 3586 resurrectionem
1887 3526 2040 3597 ltujnt

2159 3527 2298 3583 Σιὼν
2349 3530 2776 3600 εύαγγελίσασθε
2815 3530 2917 3602 τὴν
2965 3530 3182 3605 ἔγερσιν
3227 3535 3323 3589 τοῦ
3358 3537 3423 3590 ἐκ
3453 3537 3733 3609 Παρθένου

464 3647 627 3706 quem
665 3629 836 3701 Virgo
854 3628 1082 3700 peperit,
1112 3626 1318 3697 quique
1342 3629 1642 3693 conceptos
1669 3620 1725 3676 in
1767 3619 1957 3676 dolore
1987 3618 2038 3674 tit

2160 3621 2463 3694 τεχθέντος,
2488 3623 2584 3676 καὶ
2607 3623 2717 3694 τῶν
2737 3622 2943 3679 ὠδίνων
2974 3623 3084 3679 τῶν
3113 3626 3329 3702 πικρῶν
3353 3628 3452 3701 τὴν
3485 3629 3638 3686 Εὕαν
3653 3625 3734 3684 λύε

464 3727 570 3782 lios
598 3723 721 3779 Eva:
747 3722 1020 3778 liberavit.
1592 3726 1597 3730 '

796 3722 1020 3778 beravit.
1592 3726 1597 3730 '
2158 3729 2370 3778 σαντος.

535 3817 722 3873 Nubes
747 3815 921 3869 lucem
952 3810 1160 3876 ferens,
1188 3823 1222 3865 o
1253 3807 1442 3880 Virgo,
1471 3805 1564 3878 qui
1584 3803 1946 3861 absconditus
1968 3809 2054 3858 est

2226 3805 2468 3877 Νεφέλη,
2512 3806 2817 3879 φωτοφόρε,
2849 3807 2879 3862 ὁ
2922 3808 3153 3880 οἰκήσας
3188 3807 3290 3880 τὴν
3326 3811 3543 3883 μήτραν
3597 3828 3690 3866 σου
3717 3824 3730 3840 ·

464 3908 522 3964 in
557 3908 679 3962 sinu
715 3916 810 3959 tuo
844 3923 857 3957 :
885 3903 968 3958 sol
997 3915 1163 3972 super
1201 3899 1345 3970 quod
1380 3897 1489 3954 dici
1521 3903 1702 3970 potest
1730 3891 2038 3965 splendidus

2157 3896 2299 3970 ὑπὲρ
2346 3897 2505 3967 λόγον
2551 3899 2725 3968 μέγας
2759 3898 2930 3970 ἥλιος,
2973 3899 3221 3970 Παρθένε
3266 3901 3493 3972 Χριστὲ,
3542 3903 3729 3969 sinva-

465 3999 722 4056 Cltristus
749 3994 918 4067 Virgo
971 4007 1256 4063 surgense
1291 3990 1503 4046 tumulo
1567 3982 1786 4045 omnem
1841 3995 2039 4043 terram

2157 4005 2213 4043 τε
2223 3987 2337 4052 ίλας
2361 3988 2453 4042 τοῦ
2477 3987 2671 4061 τάφου,
2689 3991 2872 4046 πᾶσαν
2893 3989 3129 4062 ἐφώτισε
3143 3991 3244 4064 τὴν
3269 3992 3374 4062 γῆν
3403 3991 3574 4059 θείαις
3597 3994 3731 4064 λαμ·

465 4090 669 4147 divinis
694 4086 1022 4144 illuminavit
1047 4083 1456 4156 splendoribus.

873 4086 1022 4141 navit
1047 4083 1456 4156 splendoribus.
2157 4083 2442 4156 πρότησιν.

797 4178 860 4233 In
888 4178 1058 4249 ignem
1090 4175 1482 4231 intolerabilem
1519 4173 1742 4229 detrusi.

2543 4175 2827 4244 Ἀστέκτφ
2856 4177 2998 4247 πυρὶ
3018 4177 3359 4247 ἐγωθέντες.

537 4272 727 4344 Spinis
809 4268 1123 4324 voluntarie
1217 4277 1538 4331 coronatus,
1587 4262 1795 4319 erroris
1836 4259 2050 4332 spinam

2244 4267 2533 4333 Ἀκάνθαις
2562 4267 2814 4339 στεφθεὶς
2834 4269 3096 4334 ἑκουσίως
3123 4271 3420 4342 πρόρριζον
3438 4273 3537 4345 τὴν
3561 4274 3727 4328 ἄκαν-

462 4365 656 4422 evellis
682 4362 986 4427 radicitus;
1016 4359 1265 4415 inclusus
1299 4369 1478 4413 autem
1510 4357 1564 4412 in
1582 4355 1811 4420 tumulo,
1846 4360 2036 4408 aeterm

2161 4360 2261 4415 Θαν
2290 4361 2389 4433 τῆς
2426 4360 2634 4432 πλάνης
2668 4360 3020 4432 ὰποτέμνεις,
3053 4363 3111 4417 ὲν
3149 4364 3404 4436 μνημείῳ
3455 4365 3729 4420 κατακλει·

465 4455 571 4512 Fili
593 4464 648 4512 et
675 4453 916 4509 Verbum
956 4450 1146 4508 aeterni
1172 4449 1389 4516 Patris;
1441 4445 1814 4520 expergefacis
1859 4457 2039 4500 omne:

2160 4452 2306 4515 σθεὶς
2339 4452 2399 4506 δὲ
2428 4456 2638 4518 πάντας
2670 4453 2798 4517 τοὺς
2828 4455 2887 4508 ὲν
2919 4455 3166 4525 μνήματι
3193 4454 3515 4528 ὲξεγείρεις,
3543 4456 3727 4528 Πάσχα

467 4551 525 4606 in
568 4548 782 4605 tumulo
815 4545 1157 4602 celebrantes
1189 4553 1454 4600 aeternum
1484 4540 1718 4597 Pascha.

2157 4545 2487 4617 κροτοῦντας
2515 4545 2756 4615 αἰώνιον,
2776 4545 2980 4618 άναρχε
3008 4546 3249 4619 ἀνάρχου
3280 4550 3495 4621 Πατρὸς
3525 4552 3618 4606 re
3641 4548 3728 4604 καὶ

541 4727 652 4784 Vos
677 4725 964 4790 abeuntes,
1003 4721 1280 4778 clamabat
1323 4720 1585 4792 Magister
1615 4719 1898 4790 apostolis,
1931 4734 2052 4776 om-

2155 4637 2232 4692 Λό
2272 4655 2321 4694 ε.
3362 4659 3373 4670 ·

2230 4654 2427 4782 ἷΑπτδιε
2463 4729 2620 4802 ὑμεῖς
2643 4729 2723 4794 είς
2756 4729 2824 4784 τὰ
2877 4727 3006 4801 ἔθνη
3035 4731 3234 4798 πάντα,
3281 4732 3602 4799 ἀποστόλοις
3635 4734 3719 4788 ἀνι

471 4822 639 4880 nibus
666 4818 914 4874 nuntiate
965 4814 1182 4887 populis
1237 4827 1414 4868 meam
1463 4825 1494 4866 e
1527 4811 1784 4882 sepulcro
1832 4820 2045 4884 stupen-

2157 4819 2288 4874 εσόα
2309 4822 2336 4874 6
2356 4821 2653 4893 Δεσπότης
2682 4820 3090 4890 διαγγέλλοντες
3113 4823 3211 4896 τὴν
3239 4825 3304 4879 έκ
3331 4827 3503 4896 τάφου
3529 4823 3720 4897 φρικώ·

469 4915 595 4971 dam
648 4909 1136 4974 resurrectionem,
1188 4914 1243 4962 et
1300 4919 1484 4960 veram
1547 4904 1928 4976 integramque
1960 4905 2043 4961 de-

2156 4913 2221 4984 δη
2257 4930 2358 4983 μου
2391 4913 2632 4985 ἔγερσιν,
2670 4914 2886 4969 καὶτοῦ
2916 4915 3043 4987 ᾅδου
3071 4915 3239 4982 ὅντως
3264 4920 3503 4990 παντελῆ
3543 4918 3726 4974 καθαίο

467 5005 837 5063 structionem
878 4998 1210 5062 inferorum,
1241 5006 1300 5051 ut
1361 5009 1527 5066 super
1545 4995 1697 5051 vivos
1723 5004 1778 5051 et
1807 5004 2041 5051 mortuos

2019 5010 2056 5052 ις
2160 5019 2334 5074 ρεσιν,
2362 5004 2509 5068 ὅπως
2538 5021 2597 5057 τε
2628 5004 2899 5060 θανόντων
2931 5007 3025 5062 καὶ
3054 5006 3273 5073 ζώντων
3292 5008 3593 5080 βασιλεύω.

468 5097 741 5154 dominer.

537 5205 805 5271 Gaudete,
825 5203 1034 5257 clamas
1045 5217 1094 5255 m
1105 5198 1367 5254 nlieribus
1395 5203 1669 5267 unguenta
1687 5194 2054 5265 portantibus,

2230 5202 2487 5274 Χαίρετε,
2513 5202 2641 5274 βοᾷς
2669 5204 2996 5274 μυροφόροις
3025 5205 3141 5272 σοῦ,
3171 5208 3295 5272 τοὺς
3313 5209 3490 5280 ίεροῦς
3509 5206 3720 5282 κρατού-

473 5311 665 5354 sacros
696 5306 821 5352 tuos
853 5294 1015 5366 pedes
1041 5293 1377 5359 tenentibus,
1413 5308 1640 5364 quorum
1665 5293 1882 5348 incessu
1905 5292 2047 5363 prius

2161 5311 2281 5359 σαις
2311 5295 2497 5360 πόδας,
2523 5288 2597 5349 ὧν
2619 5297 2708 5348 τὸν
2729 5297 2921 5367 κρότον
2941 5299 2968 5351 ὁ
2997 5301 3300 5371 προμήτωρ
3324 5302 3454 5373 πρὶν
3475 5301 3725 5374 ἐφοϐήθη.

469 5386 572 5443 fuit
591 5386 858 5442 exterrita
889 5385 1062 5456 prima
1080 5399 1300 5455 parens,
1330 5398 1534 5456 easque
1559 5382 1781 5439 nuntios
1813 5381 2043 5438 ostendit

2162 5389 2256 5442 καὶ
2282 5388 2728 5459 εύαγγελιστρίας
2760 5390 3077 5456 ἀποστόλοις
3107 5390 3312 5458 ταύτας
3339 5394 3607 5460 δεικνύεις
3627 5436 3642 5460 ,
3673 5392 3723 5446 ὀ

415 5463 423 5476 ’
469 5479 735 5553 apostolis
772 5481 1018 5535 dicentes
1056 5495 1071 5532 :
1121 5477 1375 5533 Surrexit
1417 5475 1681 5532 Dominus
1741 5483 1797 5531 et
1841 5473 1976 5530 vivit

2162 5478 2368 5550 Κύριος
2397 5478 2620 5550 ἀνέστη,
2651 5478 2937 5550 λεγούσας,
2967 5485 3060 5536 καὶ
3091 5484 3157 5554 ζῇ
3179 5487 3259 5547 εἰς
3281 5487 3406 5551 τοὺς
3439 5487 3659 5552 αἰῶνας.

469 5579 759 5628 aeternum.

541 5660 756 5718 Gaudio
789 5660 1038 5717 exsultas
1095 5659 1512 5732 incomparabili
1573 5659 1786 5722 videns,
1828 5674 1860 5710 ο
1896 5654 2061 5726 Virgo

2235 5660 2459 5730 Χαίρεις
2512 5661 2758 5732 χαρμονῇ
2793 5661 3097 5736 ἀνεικάστῳ
3147 5664 3436 5735 βλέπουσα,
3498 5662 3726 5738 Παρθένι

472 5751 668 5819 later,
717 5751 918 5810 Filium
967 5762 1120 5810 tuum
1163 5752 1586 5827 primogenitum
1647 5751 1854 5807 ventris
1899 5749 1975 5803 tui
2031 5763 2046 5802 ι

2166 5749 2420 5815 Θεοτόκε,
2451 5747 2543 5801 τὸν
2593 5748 2720 5803 Υίόν
2762 5769 2853 5805 σου
2883 5753 2957 5818 ὡς
3005 5755 3354 5827 πρωτότοκον
3400 5759 3466 5811 ὲκ
3506 5752 3722 5828 γαστρός
