3986 6236
301 347 440 420 3913

1723 337 2132 404 TRIODIUM.

3419 334 3562 400 εοιι

306 473 402 522 σου
434 483 449 499 ο
488 464 629 521 οὕτω
650 463 742 520 καὶ
776 464 1120 536 πρωτότοκον
1150 454 1212 520 ἑκ
1239 462 1448 533 νεκρῶν
1481 458 1572 511 νῦν
1599 455 1726 529 δόξῃ
1757 457 1880 527 θείᾳ

2026 437 2214 505 tortuis
2242 437 2616 519 resurgentem
2644 460 2768 502 cum
2791 445 2966 518 gloria
3007 445 3218 507 caelesti
3243 456 3295 501 et
3322 429 3561 517 primum

307 555 690 628 ἀνερχόμενον,
737 555 954 628 πρῶτον
1002 554 1073 608 τά
1123 552 1216 607 τοῦ
1267 553 1392 624 ᾅδου
1431 550 1742 624 κενώσαι-ιτα
1783 548 1881 599 τᾶ-

311 652 480 720 μὼϊα.
632 733 732 788 Ἐν
750 734 911 803 νόμῳ
931 733 1112 788 σκιὰν
1133 733 1230 788 καὶ
1258 731 1564 803 πράμματι.

377 826 490 896 Τὴν
528 822 670 896 ξύλῳ
692 826 826 878 ποτὲ
859 825 1240 895 βλαστήσασαν
1267 825 1471 896 φθορὰν
1503 823 1643 894 ξύλῳ
1671 822 1885 894 ἰάτρευ-

197 938 210 950 ·
310 935 424 982 σας,
461 920 520 970 ὲν
543 918 699 988 τάφῳ
740 914 1116 984 συγκλεισθεὶς
1154 915 1211 969 δὲ
1247 916 1373 979 τοὺς
1406 917 1462 967 έν
1493 915 1684 982 τάφοις
1731 915 1886 984 ἤγει-

313 1025 411 1079 ρας
449 1006 708 1077 νεκρούς⁹
747 1006 936 1075 Πάσχα
967 1005 1027 1058 rb
1069 1005 1213 1073 μέγα
1239 1005 1330 1058 καὶ
1361 1004 1523 1071 θεῖον,
1553 1005 1692 1072 Λόγε
1721 1005 1911 1074 ἀνάρ-’

309 1118 406 1170 χου
423 1098 659 1168 Πατρὸς,
681 1099 708 1150 ὁ
735 1097 863 1159 τοὺς
895 1095 1116 1167 βροτοὺς
1144 1095 1479 1166 συμπολίτας
1509 1094 1616 1149 τῶν
1640 1096 1887 1165 ἀγγέλων

309 1194 706 1267 ἐργασάμενος.

379 1274 714 1347 Κλᾶιούσᾱις
759 1283 890 1337 ποτὲ
950 1274 1077 1336 ἐϐόα
1121 1273 1364 1357 γυναιξὶν
1404 1281 1432 1334 ὁ
1460 1281 1601 1345 θεῖος
1635 1268 1887 1349 ἄγγελος,

310 1381 502 1449 Χαράν
547 1375 911 1430 ἀναλαϐοῦσαι
948 1375 1262 1439 ἀποστόλοις
1297 1372 1568 1427 σπεύσατέ
1598 1373 1791 1433 εἰπεῖν,
1815 1371 1891 1435 ὡς

311 1455 339 1520 ὁ
375 1453 647 1535 Δεσπότης
677 1465 872 1533 ἀνέστη
894 1504 908 1528 ,
933 1465 1026 1517 καὶ
1066 1463 1160 1517 νῦν
1189 1465 1416 1534 προάγει
1447 1463 1590 1533 ὑμᾶς
1625 1461 1706 1525 είς
1734 1461 1887 1515 Γαλι-

312 1557 490 1622 λαίαν,
526 1557 600 1620 ὡς
629 1552 782 1610 εἶπεν
809 1555 914 1626 πρὸ
948 1555 1044 1608 τοῦ
1076 1554 1281 1619 πάθους
1309 1556 1337 1608 ὁ
1363 1554 1765 1626 φιλάνθρωπος.

401 1730 687 1798 Ἀγάλλου,
723 1731 756 1799 ἡ
791 1729 884 1798 γῆ,
929 1727 1184 1796 ἀγάλλου,
1225 1726 1440 1796 οὐρανέ,
1465 1725 1646 1799 βροτοὶ
1669 1725 1892 1798 σκιρτή-

319 1831 470 1889 cura,
494 1822 735 1893 ὁΚύριος
752 1821 971 1891 ἀνέστη,
999 1821 1275 1889 κατεπόθη
1301 1820 1546 1882 θάνατος·
1570 1819 1754 1872 λοιπον
1771 1820 1890 1871 οίὲν

315 1916 532 1984 δεσμοῖς
562 1912 653 1965 ἀπ’
682 1911 876 1974 αἰῶνος
900 1909 1369 1986 ἠλευθερώθησαν,
1416 1910 1608 1979 Πάσχα
1631 1909 1891 1979 κροτοῦν-

315 2023 406 2066 τες
433 2005 493 2056 rb
536 2004 678 2074 μέγα
699 2003 758 2054 rb
791 2001 1022 2071 φαιδρὸν
1051 2018 1110 2052 τε
1142 2003 1237 2054 καί⁵
1265 1999 1628 2070 χαρμόσυνον.

373 2097 447 2149 Τὸ
471 2095 686 2164 θρῆνος,
708 2092 891 2161 Ἀγνὴ,
915 2089 1146 2160 μετῆλθέ
1166 2107 1246 2144 σοι
1262 2090 1444 2143 λοιπὸν
1464 2092 1541 2157 εἰς
1559 2092 1889 2162 ἀγαλλίαμα·

321 2187 429 2241 ἰδοὺ
465 2184 573 2255 γὰρ
598 2185 626 2236 ὁ
661 2183 786 2244 Υἱός
809 2199 902 2235 σου
927 2181 1021 2235 καὶ
1052 2181 1328 2252 Δεσπότης
1357 2181 1574 2236 πάντων
1601 2185 1696 2238 καὶ
1726 2183 1857 2246 Θεὸς
1875 2223 1890 2249 ,

317 2281 374 2333 ὃν
409 2281 465 2332 ἐν
492 2274 708 2347 σταυρῷ
728 2275 1002 2337 κατενόεις
1025 2274 1218 2336 κάλλος
1249 2275 1324 2347 μὴ
1351 2274 1564 2346 ἔχοντα,
1590 2273 1894 2344 ἐγηγερμέ-

318 2378 405 2434 νος
437 2370 635 2439 ὡραῖος
664 2368 842 2421 πᾶσαν
870 2366 1046 2419 κτίσιν
1077 2364 1468 2420 ὲκαλλώπισεν.

763 2548 806 2600 Ε
817 2547 1160 2616 ὺφραίιοεται
1191 2545 1285 2598 ἐπὶ
1321 2546 1440 2599 σοί.

393 2637 787 2705 Εὐφραίνεσθε,
807 2637 1046 2708 οὐρανοὶ,
1089 2636 1436 2702 ἀγαλλιάσθω
1455 2633 1510 2688 δὲ
1531 2637 1563 2705 ή
1594 2636 1661 2705 γῆ
1685 2633 1894 2702 ἅπασα,

321 2733 385 2784 ὲκ
408 2731 517 2784 τῶν
549 2731 760 2801 νεκρῶν
809 2731 1050 2802 σήμερον
1079 2730 1295 2782 πάντων
1328 2730 1362 2801 ἡ
1407 2727 1520 2801 ζωὴ
1548 2728 1656 2800 γὰρ
1687 2729 1898 2800 ἐγείρε-

321 2842 431 2880 ται.

404 2916 758 2987 Ἦμαύρωται
799 2919 828 2969 ὁ
856 2917 1082 2988 Ἐχθρὸς
1111 2920 1176 2988 τῇ
1214 2914 1511 2986 ἐπιλάμψει
1546 2932 1659 2979 σου,
1695 2916 1897 2988 Χριστὲ
1925 2951 1967 3018 C

326 3007 460 3075 ἥλιε·
491 3005 628 3062 εἶδον
651 3009 705 3062 δὲ
729 3011 843 3078 φῶς
867 3010 1136 3063 ἄδυτον-σί
1160 3009 1291 3081 πρὶν
1323 3009 1379 3062 ἐν
1409 3008 1489 3080 τῷ
1521 3008 1703 3060 σκότει
1769 3010 1901 3061 καθ-

330 3099 535 3171 ήμενοι.
1636 3095 1643 3102 ”

279 3195 285 3200 ”
394 3190 648 3253 Δουλείας
679 3190 772 3244 τοῦ
796 3191 984 3262 νοητοῦ
1010 3192 1416 3261 ἀπαλλαγέντες
1439 3184 1642 3264 Φαραὼ
1669 3194 1906 3263 σήμερον

331 3283 516 3354 Πάσχα
543 3282 677 3338 Ε)εοῦ
707 3283 862 3350 ἀγιον
895 3285 1229 3352 άγιαστικῶς
1255 3286 1626 3359 ἐορτάσωμεν.
1741 3281 1746 3284 ’

399 3377 721 3446 Εὐφραίνου,
745 3377 934 3446 Μῆτερ
962 3376 1122 3446 ἀγνὴ,
1159 3378 1257 3446 τὴν
1289 3379 1625 3450 εὐφροσύνην
1651 3380 1741 3434 τοῦ
1774 3383 1908 3435 παν-

324 3466 414 3529 τδς
440 3467 731 3536 βλέπουσα,
759 3471 818 3520 τὸ
845 3467 1089 3538 κατηφὲς
1114 3466 1357 3522 λύσασαν
1378 3468 1526 3540 ᾅδου,
1559 3471 1654 3524 καὶ
1685 3470 1907 3543 βροτοὺς

323 3558 732 3616 ἀναπλάσασανε
832 3594 837 3600 ι

557 3649 953 3718 Ἐπαρθέντας
985 3651 1202 3706 ἰδοῦσα
1237 3653 1276 3722 ἠ
1317 3653 1660 3722 Ἐκκλησία.

407 3733 530 3794 Ἐπὶ
565 3741 721 3804 ξύλου
750 3740 937 3810 ὥσπερ
972 3741 1235 3811 ἄμπελος,
1262 3745 1525 3809 Ζωοδότα,
1560 3745 1905 3817 άναρτῃθεὶς,

325 3834 606 3903 ἐπήγασας
639 3829 781 3885 οἶνον
818 3833 1089 3902 σωτηρίας
1145 3835 1356 3895 πάντας
1383 3835 1474 3888 τὸν
1506 3836 1868 3907 εὐφραίνοντα
1889 3853 1901 3866 ⁸

321 3926 404 3980 διό
437 3941 520 3978 σοι
559 3923 970 3996 κραυγάζομενο
1010 3925 1149 3989 Δόξα
1194 3925 1520 3997 τῇδδύναμει
1564 3946 1678 3993 σου,
1713 3930 1904 4002 Κύριε.

395 4017 569 4071 Πύλαι
602 4016 730 4088 ᾅδου
760 4032 844 4068 σοι
869 4016 1187 4085 ἠνοίγησαν,
1218 4017 1421 4089 Σῶτερ,
1456 4019 1606 4090 φόϐῳ
1629 4037 1641 4051 ·
1678 4025 1772 4074 καὶ
1804 4039 1905 4074 πυ..

324 4108 490 4180 λωροί
541 4125 600 4161 σε
646 4106 939 4177 βλέψαντες
994 4107 1459 4179 περιϐεϐλημένον
1508 4111 1702 4182 στολὴν
1763 4113 1904 4166 ἐκδιο

324 4200 538 4269 κήσεως
585 4195 904 4268 ἐξέστησαν,
938 4196 1188 4268 έφριξαν,
1221 4199 1316 4250 καὶ
1343 4199 1452 4252 ἀπὸ
1489 4201 1780 4272 προσώπου
1811 4221 1904 4257 σου

321 4293 541 4361 ἔφυγον.

390 4383 543 4438 Μετὰ
581 4381 770 4455 μύρων
810 4399 869 4435 σε
920 4386 1174 4451 γυναῖκες
1219 4384 1280 4438 rb
1327 4386 1468 4440 θεῖον
1500 4387 1670 4460 μύρον
1711 4385 1901 4458 ἐπιζη-

1988 542 2202 596 deserta
2237 539 2525 596 facientem
2573 538 2870 594 inferorum
2905 531 3044 593 loca.

2236 713 2710 768 Adumbrationem
2745 714 2801 767 in
2831 713 2939 784 lege
2965 723 3014 767 et
3041 706 3348 782 Scriptura.

2059 806 2191 863 Orta
2225 809 2354 863 olim
2382 805 2588 879 e‘liguo
2618 808 2739 864 labe
2766 823 2863 877 per
2890 808 3105 880 signum
3140 816 3246 862 tua:
3274 809 3455 863 crucis
3477 821 3567 862 δεμ

1992 909 2118 954 nata
2165 901 2525 970 consepultus
2553 900 2902 955 exsuscitasti
2935 901 3000 954 de
3035 899 3248 953 tumulo
3276 906 3520 953 mortuos
3547 914 3563 963 ;

1992 1006 2252 1062 magnum
2282 991 2639 1062 divinumque
2664 989 2876 1046 Pascha
2912 999 2970 1046 tu
3004 1006 3085 1052 es.
3110 990 3344 1046 Verbum
3376 991 3567 1047 aeterni

1991 1084 2191 1153 Patris,
2214 1083 2305 1155 qui
2325 1099 2426 1141 nos
2457 1084 2718 1141 mortales
2734 1083 2910 1141 fecisti
2937 1082 3192 1139 concives
3222 1083 3564 1153 angeloi'um.

2063 1263 2306 1340 Angelus
2328 1265 2421 1324 Dei
2447 1266 2704 1323 ﬂentibus
2729 1261 3004 1323 clamabat
3024 1266 3352 1323 mulieribus
3378 1286 3390 1321 :
3417 1266 3569 1322 Gau-

1992 1364 2114 1419 dete
2172 1363 2398 1426 iterum,
2435 1359 2871 1430 festinantesque
2925 1359 3250 1414 aununtiate
3305 1359 3568 1429 apostolis

1993 1453 2125 1525 quia
2167 1451 2432 1507 Dominus
2466 1451 2790 1518 resurrexit,
2837 1458 2892 1505 et
2929 1465 3055 1504 ecce
3083 1450 3343 1519 praecedit
3381 1458 3477 1503 vos
3512 1452 3570 1504 in

1995 1545 2296 1608 Galilaeam,
2327 1543 2472 1598 sicut
2503 1542 2661 1607 dixit,
2709 1555 2900 1596 amans
2954 1540 3224 1606 homines,
3276 1541 3571 1611 antequam

1995 1642 2290 1706 pateretur.
3101 1649 3111 1657 -

2065 1727 2479 1792 Laetare,terra,
2509 1724 2963 1790 laetare,cmlum;
3004 1728 3114 1794 prae
3152 1722 3350 1794 gaudio
3388 1723 3575 1777 exsul-

1993 1821 2124 1886 tate,
2146 1818 2428 1874 mortales.
2451 1815 2714 1870 Dominus
2741 1815 3276 1884 surrexit,absorpta
3294 1821 3375 1869 est
3403 1820 3574 1874 mors,

1992 1912 2082 1983 qui
2107 1911 2161 1965 in
2178 1909 2414 1964 vinculis
2426 1907 2810 1962 detinebantur
2829 1907 2881 1960 in
2896 1916 3158 1960 mternum
3193 1906 3523 1960 sttntlibct‘at
3537 1909 3545 1956 i
3558 1947 3574 1966 ,

1993 2004 2316 2077 plaudentes
2345 2000 2653 2055 acclamant
2681 1997 2889 2053 Pascha
2919 1998 3171 2054 festIVum
3199 2007 3253 2053 et
3277 1997 3574 2053 laetificum.

2066 2094 2212 2160 Tibi,
2248 2107 2282 2148 ο
2307 2090 2474 2160 Virgo
2506 2105 2664 2162 pura,
2692 2089 2946 2160 planctu$
2981 2098 3282 2145 cbuversus
3315 2099 3401 2144 est
3421 2091 3578 2144 dein-

1994 2194 2124 2258 ceps
2156 2186 2212 2240 in
2270 2183 2528 2255 gaudium
2559 2199 2575 2249 ;
2616 2194 2749 2237 ecce
2785 2181 2929 2236 enim
2965 2179 3138 2235 Filius
3163 2189 3289 2235 tuus
3314 2173 3579 2235 Dominus

1995 2277 2240 2335 omnium
2279 2275 2530 2346 Deusque
2563 2285 2724 2346 quem
2755 2273 2810 2328 in
2849 2279 3014 2329 cruce
3052 2271 3422 2328 considerasti
3452 2275 3582 2327 abs-

1995 2383 2105 2442 que
2166 2371 2387 2431 decore,
2419 2368 2722 2422 resurrexit
2751 2366 3036 2437 Speciosus
3095 2365 3294 2430 lbrma,
3323 2365 3582 2437 dcditquo

1998 2461 2465 2533 pulchritudinem
2506 2459 2656 2513 omni
2687 2467 2979 2514 creaturae.

2502 2549 2710 2608 Gaudet
2749 2564 2964 2624 propter
2998 2561 3064 2607 te.

2069 2651 2374 2722 Lzetaniini,
2403 2653 2525 2710 coeli
2554 2665 2698 2721 ;pr:e
2726 2646 2926 2720 gaudio
2947 2645 3382 2714 exsulfa,omnis
3404 2653 3584 2710 terra;

1998 2745 2090 2816 qui
2121 2745 2215 2801 dat
2243 2747 2408 2802 vitam
2439 2744 2700 2802 omnibus
2729 2739 2970 2797 surrexit
3001 2738 3167 2794 hodie
3198 2745 3227 2792 τι
3254 2741 3511 2795 mortuis.

2070 2911 2375 2988 Splendore
2430 2926 2544 2980 tuo,
2600 2910 2823 2969 Christe
2855 2912 2962 2977 sol,
3013 2910 3330 2967 debilitatur
3372 2909 3583 2976 hostis;

2006 3006 2098 3073 qui
2148 3013 2330 3060 autem
2385 3003 2650 3060 sedebant
2704 3003 2758 3056 in
2815 3001 3078 3068 tenebris,
3118 3001 3302 3057 lumen
3332 3000 3588 3056 viderunt
3683 3049 3685 3052 .

2007 3093 2410 3149 inaccessibile.

2033 3191 2039 3196 '
2077 3185 2260 3257 Erepti
2309 3184 2475 3241 hodie
2525 3183 2775 3240 servituti
2828 3183 3048 3255 mystici
3093 3183 3422 3252 Pharaonis,
3454 3201 3588 3242 san-

2007 3286 2154 3333 ctum
2189 3277 2280 3334 Dei
2318 3277 2528 3333 Pascha
2558 3277 2754 3333 festivo
2780 3283 2946 3332 cantu
2969 3278 3330 3335 celebremus.

2082 3368 2309 3436 [αξιοι-θ,
2342 3369 2512 3426 Mater
2541 3370 2915 3439 immaculata,
2945 3373 3190 3427 omnium
3227 3372 3420 3430 videns
3448 3374 3584 3430 laeti-

2008 3462 2138 3517 tiam
2172 3479 2277 3533 qua
2310 3471 2646 3518 evanescunt
2676 3462 2855 3518 tristia
2885 3462 3210 3532 inferorum,
3248 3466 3592 3521 mortaliqu-

2011 3568 2121 3626 que
2149 3565 2329 3611 status
2361 3564 2677 3625 reparatur.

2374 3645 2680 3702 Cloriautes
2712 3647 2900 3702 videns
2942 3645 3204 3702 Ecclesia.

2084 3739 2290 3796 Allixus
2317 3740 2467 3810 ligno
2503 3741 2645 3794 sicut
2672 3740 2821 3803 vitis.
2885 3739 3008 3793 vitae
3034 3741 3274 3793 datorem
3308 3741 3581 3796 scaturirn

2011 3831 2215 3900 fecisti,
2244 3835 2435 3889 vinum
2463 3831 2662 3890 salutis
2675 3847 2866 3890 omnes
2892 3833 3205 3901 ltetilicans;
3231 3834 3588 3904 quamobrem

2008 3928 2116 3982 alta
2143 3942 2274 3981 voce
2303 3927 2606 3980 clamamus
2642 3943 2655 3979 :
2687 3923 2877 3980 Gloria
2909 3926 3166 3996 potestati
3199 3925 3584 3991 tum,Chrisw.

2078 4018 2273 4072 Timor
2305 4018 2522 4088 aperuit
2582 4017 2702 4083 tibi,
2733 4016 3008 4085 Salvator,
3053 4027 3238 4090 portas
3279 4019 3500 4078 inferni.
3536 4033 3593 4077 ct

2002 4111 2269 4180 janitores
2295 4109 2629 4178 aspicientes
2652 4116 2706 4162 tc
2729 4108 3058 4163 vestimento
3083 4108 3338 4163 vindictae
3355 4109 3591 4163 circum-

2006 4201 2217 4267 datum,
2248 4199 2541 4270 stupefacti
2568 4215 2631 4254 ac
2658 4207 2868 4255 terrore
2905 4201 3142 4271 perculsi
3168 4199 3427 4272 fugerunt
3451 4214 3480 4254 a
3511 4203 3592 4255 la.

2003 4290 2086 4344 cie
2113 4299 2225 4344 tua.

2072 4380 2328 4437 Mulieres
2360 4390 2788 4454 unguentumtc
2845 4384 3092 4438 divinum
3149 4394 3274 4438 cum
3320 4387 3591 4440 aromati-

318 4474 509 4529 τοῦσαι
549 4475 762 4544 ὄρθριαι
823 4471 988 4546 ἦλθον
1022 4476 1158 4547 πρὸς
1200 4476 1260 4530 rb
1293 4480 1512 4549 μνῆμα·
1556 4479 1784 4549 ἄγγελον
1810 4482 1898 4533 εὐ-

2026 4490 2105 4529 ιιιε
2132 4483 2447 4544 quaerentes
2475 4476 2702 4531 dlliculo
2748 4486 3019 4532 venerunt
3049 4475 3116 4530 ad
3147 4487 3586 4544 monumentum,

321 4566 512 4637 ροῦσαι
553 4566 609 4619 δὲ
640 4565 737 4636 τὴν
779 4566 879 4636 σὴν
921 4567 1360 4637 καταγγέλλοντα
1408 4570 1644 4642 ἔγερσιν,
1687 4573 1890 4645 Σῶτερ,

320 4657 764 4726 κατεπλάγησαν.

401 4747 744 4816 Ἐπαρθέντα
778 4763 836 4799 σε
871 4748 927 4801 ἐν
957 4747 1098 4820 ξύλῳ
1129 4749 1333 4818 ἰδοῦσα,
1363 4754 1524 4824 Λόγε,
1553 4756 1589 4826 ἡ
1617 4755 1676 4809 σὲ
1705 4757 1894 4811 τεκοῦ-

321 4855 408 4905 σα,
437 4839 643 4903 ἔστενε,
673 4839 827 4909 τάφῳ
855 4838 912 4892 δὲ
951 4841 1172 4896 τεθέντα
1193 4845 1285 4898 καὶ
1311 4848 1538 4918 νεκροὺς
1569 4849 1856 4919 ἐγείραντα
1875 4890 1891 4915 ,

317 4932 666 5003 εὐφραίνεται
741 4930 1060 5004 βλέπουσα·
1115 4936 1181 5005 ἢν
1231 4935 1306 4999 ὼς
1359 4937 1620 4994 Θεοτόκον
1676 4941 1894 5007 δοξάζο-

320 5040 441 5091 μεν.
711 5063 716 5067 -

513 5115 617 5180 Σὺ,
659 5116 837 5186 Κύριέ
862 5135 1002 5187 μου,
1036 5112 1163 5184 φῶς
1195 5119 1281 5183 είς
1310 5118 1418 5173 τὸν
1448 5123 1700 5192 κόσμον.

385 5204 480 5266 Σὺ,
511 5204 705 5276 Κύριε,
732 5207 921 5278 χερσὶν
942 5209 970 5260 ὁ
998 5213 1230 5283 ποιήσας
1250 5210 1339 5261 τὸν
1363 5210 1668 5280 ἄνθρωπον,
1692 5212 1893 5278 ἑξέτει-

314 5314 407 5360 νας
455 5301 547 5352 ἐπὶ
579 5298 736 5363 ξύλου
775 5299 875 5363 τὰς
922 5303 1225 5373 ἀχρὰντους
1259 5321 1352 5357 σου
1387 5307 1609 5376 χεῖρας,
1651 5308 1896 5379 πλευρὰν

314 5390 755 5459 ἑξορυττόμενος.

389 5482 479 5546 Σὺ,
513 5484 714 5556 Κύριε,
741 5487 934 5553 ταφεὶς
977 5486 1054 5550 ὼς
1085 5489 1275 5558 νεκρδς
1301 5489 1364 5541 tv
1389 5489 1466 5560 τῷ
1499 5493 1781 5562 μνήματι,
1811 5496 1896 5544 ἒν-

315 5568 521 5639 έθαψας
573 5574 672 5643 τὴν
722 5576 922 5628 κακίαν
961 5576 1056 5628 τοῦ
1087 5575 1463 5646 νεκρώσαντος
1508 5583 1747 5652 κόσμον,
1803 5585 1898 5637 καὶ

316 5661 523 5725 πάντας
552 5663 937 5735 ἐξανέστησαν.

381 5747 453 5804 Ὦ
477 5751 657 5823 πάσχα
697 5753 842 5822 ἱερὸν
905 5753 997 5807 καὶ
1011 5753 1226 5812 ,σεπτὸν
1253 5754 1345 5808 καὶ
1387 5761 1656 5830 σωτήριον
1689 5779 1700 5792 ·
1739 5758 1780 5818 ὦ
1812 5767 1897 5821 ἓν.

624 5836 906 5910 Puncta.
955 5849 1074 5910 Gn.
1126 5851 1484 5920 LXXXVII.

2000 4569 2341 4624 invenientes
2365 4578 2544 4625 autem
2595 4572 2848 4640 angelum
2881 4578 3030 4624 tuam
3059 4572 3380 4628 nuntiantes
3408 4587 3616 4628 l'eSIll'°.

1999 4660 2322 4724 rectionem,
2367 4660 2645 4725 Salvator,
2677 4661 3110 4732 obslupueruut.

2069 4749 2200 4817 Quae
2223 4760 2275 4806 te
2302 4753 2510 4822 genuit,
2542 4766 2777 4809 cernens
2817 4762 2890 4820 te,
2917 4740 3192 4820 Verbum,
3215 4769 3244 4809 a
3277 4755 3426 4828 ligno
3457 4771 3585 4828 pcn-

1997 4844 2155 4909 dcns,
2183 4843 2473 4913 ingemuit,
2503 4845 2597 4900 sed
2635 4845 2828 4901 videns
2858 4853 3108 4902 mortuos
3144 4856 3312 4917 perte
3344 4849 3588 4919 positum

1999 4935 2054 4988 in
2085 4935 2342 5005 sepulcro
2399 4937 2834 5008 expergefactos,
2889 4937 3158 5007 laetatur;
3199 4938 3344 4994 hanc
3400 4947 3590 5010 utpote

1971 5029 1975 5033 ’
1999 5025 2290 5096 Deiparam
2321 5027 2717 5096 glorificamus.

2215 5117 2565 5188 Tu,Domine,
2602 5122 2696 5176 tua:
2730 5123 2986 5178 mundum
3015 5122 3346 5178 illuminant.

2071 5210 2177 5278 Tu,
2210 5209 2461 5280 Domine,
2497 5215 2592 5284 qui
2651 5216 2908 5270 munibus
2945 5214 3233 5286 plasmasti
3282 5213 3584 5276 hominem,

2001 5319 2198 5359 manus
2222 5321 2385 5378 super
2408 5307 2613 5376 lignum
2663 5306 2985 5378 impollutus
3028 5304 3586 5377 ex:endisti,perfos-
3655 5321 3674 5328 ν

2003 5410 2238 5467 sumque
2267 5397 2507 5453 habuisti
2543 5398 2707 5454 latus.
3293 5406 3298 5411 '

2062 5489 2234 5556 Quasi
2269 5497 2524 5546 mortuus
2553 5489 2607 5544 in
2645 5496 3002 5544 monumento
3033 5488 3294 5558 sepultus.
3322 5484 3584 5544 malitiam

2003 5593 2085 5644 tu,
2124 5582 2375 5647 Domine,
2405 5582 2460 5636 in
2497 5581 2708 5636 tumulo
2759 5579 3056 5635 condidisti
3091 5580 3354 5635 mundum
3392 5580 3588 5638 mor-Liv

2005 5674 2242 5738 licantis,
2279 5684 2334 5729 et
2355 5687 2550 5729 omnes
2575 5679 3020 5727 resurrexerunt.

2073 5763 2116 5820 0
2145 5772 2421 5835 sanctum,
2477 5762 2850 5822 venerandum
2889 5773 2942 5819 et
3003 5764 3251 5819 salutare
3303 5763 3626 5836 Pascha,o'

3028 5861 3144 5924 123
3183 5886 3191 5892 ’
