3986 6236
543 374 688 446 3915

1369 383 1429 443 S.
1466 383 1883 448 SOPHRONII
1923 385 2429 447 PATRIARCH/E
2455 387 2864 450 HlEROSOL.

3715 393 3842 458 3916

533 489 788 568 divinum
836 488 1120 562 gaudium,
1152 505 1249 562 per
1289 496 1344 549 te
1371 494 1578 567 angelis
1609 511 1709 553 nos
1757 499 1960 555 terreni
1995 498 2121 553 facti

2240 498 2696 570 λεοςεύφροσύνη.
2748 499 2836 552 διὰ
2869 495 2962 552 σοῦ
2993 499 3103 565 τοῖς
3130 498 3381 569 ἀγγέλοις
3409 499 3459 555 οἱ
3498 501 3702 573 γήῖνυι
3729 522 3840 556 συν-

538 588 732 642 ευίηιιε
755 585 1074 657 propinqui.

609 678 925 750 Concepiin
955 679 1238 736 Christum
1269 679 1625 750 habuistique
1656 681 1711 736 in
1741 689 1918 749 utero,
1948 699 1981 736 ο
2006 699 2125 750 om-

539 770 672 826 nino
705 771 1078 840 immaculata,
1106 772 1190 828 vis
1230 771 1519 828 infernalis
1545 771 1951 830 destructorent
2002 774 2125 830 Sal-

539 868 902 931 vatorcmque
965 859 1231 917 hominis.

919 951 1039 1008 Tibi
1059 953 1378 1024 sacriﬁcabo
1417 970 1535 1008 cum
1563 962 1744 1009 cantu.

606 1041 812 1098 Fructu
869 1042 1002 1114 ligni
1043 1043 1332 1116 deceptum
1386 1061 1473 1102 me
1523 1053 1578 1102 et
1629 1045 1908 1118 perditum
1950 1048 2126 1104 hostis

540 1133 776 1190 consilio
814 1134 1018 1190 elatum
1043 1151 1129 1191 me
1163 1152 1262 1212 per
1299 1151 1523 1192 crucem
1557 1136 1621 1192 ad
1655 1137 1824 1192 vitam
1854 1139 2126 1194 revocasti

539 1235 592 1280 et
610 1227 866 1284 sordibus
913 1226 1180 1284 infectum
1216 1229 1740 1300 incorruptibilitate
1796 1229 1978 1286 fecisti
2027 1230 2127 1285 hos

543 1321 876 1379 norabilem.
2116 1321 2120 1326 ’

612 1416 966 1472 Liuteamine
1032 1417 1469 1476 circumvolutus
1547 1417 1780 1473 traditus
1849 1416 2123 1488 sepulcro,

541 1508 766 1562 vincula
793 1507 994 1564 inferni
1022 1509 1210 1567 divina
1238 1510 1498 1582 dirupisti
1529 1511 1795 1582 potentia,
1833 1510 2124 1568 surrexisti

542 1605 732 1666 utpote
770 1596 912 1655 Deus
940 1599 1065 1654 vitae
1090 1599 1338 1670 largitor.

612 1687 769 1752 Quod
793 1703 952 1743 nemo
977 1696 1157 1744 tecum
1182 1704 1382 1745 nomen
1412 1689 1621 1746 habens
1645 1689 1927 1760 peperisti,
1951 1689 2122 1761 virgo,

2234 588 2511 660 ῆφθημενο

2302 680 2596 744 Συνέλαόες
2647 681 2881 752 Χριστὸν
2913 683 3008 734 καὶ
3045 683 3296 758 άφθόρως
3345 687 3648 758 ἐκύησας,
3713 704 3840 740 παν-

2228 758 2450 846 άμωμ-ε,
2479 773 2572 826 τὸν
2608 774 2699 827 τοῦ
2725 773 2852 845 ᾅδου
2883 773 2981 845 τὴν
3018 777 3170 846 ίσχὺν
3215 777 3527 834 καθελόντα
3556 819 3574 844 ,
3606 779 3713 834 καὶ
3747 783 3840 834 σώ-

2232 879 2401 918 σαντα
2433 864 2524 918 τδν
2553 865 2859 936 ἄνθρωπον.

2660 959 2834 1012 Θύσω
2865 975 2962 1014 σοι
2993 959 3138 1028 μετὰ
3162 959 3392 1030 φωνῆς.
3569 1014 3574 1017 ς

2301 1047 2509 1119 Βρώσει
2547 1066 2612 1119 με
2646 1052 2711 1120 τῇ
2755 1049 2848 1104 τοῦ
2898 1050 3058 1117 ξύλου
3091 1052 3366 1107 κλαπέντα
3390 1054 3492 1110 καὶ
3527 1054 3830 1128 θνήξαντα,
3918 1055 3919 1058 “

2227 1141 2292 1210 τῇ
2350 1148 2440 1192 τοῦ
2473 1139 2699 1211 Ἐχθροῦ
2748 1141 3051 1213 συμϐουλίᾳ
3101 1143 3340 1213 ὑψωθεὶς
3399 1147 3456 1198 ἐν
3525 1145 3691 1216 ξύλῳ
3749 1149 3829 1201 άνο
3918 1153 3919 1194 l

2229 1229 2512 1296 εκαλέσω,
2557 1231 2652 1284 καὶ
2695 1233 2930 1286 πεσόντα
2981 1233 3060 1296 είς
3114 1233 3322 1307 φθορὰν
3371 1237 3684 1307 ἀφθαρσίᾳ
3734 1240 3830 1290 ἐτί-

2233 1340 2433 1395 μησας.

2298 1416 2502 1470 Σινδόνι
2519 1417 2815 1488 ἐνειληθεὶς
2835 1421 2977 1490 ταφῇ
2996 1421 3380 1491 παραδέδοσαι’
3396 1422 3496 1476 καὶ
3520 1421 3826 1494 διαῤῥήξας

2226 1501 2320 1555 τοῦ
2361 1503 2489 1575 ᾅδου
2535 1504 2655 1576 θείᾳ
2701 1507 2991 1579 δυναστείᾳ
3041 1509 3110 1563 τὰ
3157 1510 3472 1580 σπάργανα,
3525 1510 3823 1582 ἐξανέστης

2227 1595 2302 1658 ὡς
2330 1595 2485 1662 Θεὸς,
2514 1594 2772 1664 ζωοδότα,
2809 1599 2904 1652 τοῦ
2942 1601 3245 1672 μνήματσς.

2297 1687 2502 1760 Κύριον
2527 1689 2624 1744 τοῦ
2652 1692 2875 1758 παντὸς,
2903 1693 3244 1765 κυριώνυμε,
3279 1695 3538 1763 τέτοκας,
3566 1696 3670 1749 τὸν
3702 1696 3818 1750 καθ-

545 1777 836 1832 Ῐλοιιιὶιιυη]
870 1780 1138 1846 omnium,
1169 1780 1264 1852 qui
1311 1780 1521 1836 irritam
1558 1780 1689 1837 fecit
1739 1783 1932 1838 mortis
1967 1792 2124 1853 pote-

2240 1782 2414 1838 ελόντα
2440 1783 2500 1838 τὸ
2540 1784 2707 1855 κῦρος
2739 1785 2834 1838 τοῦ
2881 1785 3136 1853 θανάτου,
3169 1787 3303 1840 πᾶσί
3334 1805 3394 1840 τε
3435 1790 3558 1851 τοῖς
3611 1788 3814 1860 ἀνθρὼ-

467 1852 478 1863 ’
544 1878 738 1925 stzttem
773 1871 1080 1942 largitaque
1108 1887 1167 1929 cs
1217 1873 1434 1929 cunctis
1461 1872 1783 1930 hominibus
1811 1852 2123 1930 libertatem

2240 1893 2354 1942 ποις
2388 1852 2742 1948 παρασχόντα
2775 1876 3076 1933 ἀθανασίαν
3105 1852 3202 1932 καὶ
3228 1877 3648 1951 ἀπολύτρωσιν.

543 1972 595 2017 et
619 1964 1107 2020 immortalitatem.

854 2055 1201 2111 Hebrazorum
1225 2057 1377 2128 pueri
1396 2058 1451 2110 in
1475 2056 1713 2126 fornace.

620 2145 840 2201 Petram
875 2147 1000 2202 vitae
1031 2147 1202 2204 clavis
1228 2147 1444 2204 aﬂixam
1484 2147 1634 2221 ligno
1665 2147 1850 2204 crucis
1881 2147 2010 2203 olim
2043 2148 2124 2202 vi-
2203 2162 2206 2164 ‘

545 2238 745 2293 derunt
773 2254 930 2305 saxa,
966 2246 1020 2294 et
1050 2240 1168 2310 ipsa
1193 2255 1304 2310 pra:
1327 2249 1550 2310 stupore
1574 2238 1752 2294 scissa
1779 2245 1928 2303 sunt,
1959 2245 2012 2292 et
2035 2238 2125 2293 ob-

539 2341 799 2389 scuratus
830 2339 914 2389 est
937 2333 1043 2397 sol,
1076 2331 1143 2389 et'
1161 2341 1308 2390 terra
1349 2331 1601 2388 funditus
1635 2337 1908 2386 commota
1932 2341 2036 2387 est.

607 2515 976 2572 Revocatione
1024 2515 1094 2571 ad
1140 2515 1307 2573 vitam
1329 2519 1575 2574 omnium
1608 2519 1702 2590 qui
1749 2522 2122 2578 occubuerant

535 2616 715 2666 morte
747 2607 1083 2664 acclamatus
1113 2624 1173 2664 es
1203 2616 1263 2662 ut
1294 2624 1409 2674 rex,
1431 2611 1694 2668 militibus
1714 2621 1764 2668 te
1789 2613 1843 2668 in
1873 2615 2122 2684 sepulcro

535 2697 976 2756 custodientibus
1009 2717 1022 2754 :
1060 2699 1387 2756 Benedictus
1434 2717 1516 2768 es,
1551 2701 1798 2770 Domine,
1833 2702 1888 2758 in
1920 2705 2122 2776 templo

535 2791 724 2864 gloriae
750 2799 880 2847 tuae.

608 2883 904 2941 Devinctos
929 2885 1204 2958 eripuisti,
1237 2883 1501 2954 Verbum,
1530 2902 1593 2943 ex
1628 2887 1754 2946 imis
1785 2889 2007 2956 interni,
2041 2891 2118 2946 tui

535 2977 717 3034 Patris
743 2977 1144 3048 omnipotentia
1175 2986 1229 3034 et
1261 2993 1486 3050 surgere
1511 2976 1688 3037 iecisti
1713 2980 1835 3037 illos
1875 2981 2120 3037 claman-

535 3079 619 3126 tes
653 3088 666 3124 :
698 3068 1046 3126 Benedictus.

605 3162 1052 3234 Expergefactum
1080 3178 1148 3218 ex
1177 3163 1412 3219 mortuis
1442 3163 1731 3218 Dominum
1762 3167 1881 3221 vitae
1903 3168 2115 3237 videns,

539 3253 728 3326 Virgo,
763 3269 888 3309 cum
915 3254 1207 3325 discipulis
1249 3257 1586 3328 congaudes,
1616 3258 1936 3331 clamasque
1957 3262 2117 3318 intle-

541 3345 821 3402 sinenter:
850 3344 1184 3402 Benedictus
1206 3362 1288 3416 es,
1318 3345 1569 3404 Domine.

1007 3435 1204 3492 Daniel
1236 3441 1466 3494 extensis
1498 3440 1766 3496 manibus.

603 3525 855 3584 Extulisti
885 3543 1085 3585 manus
1113 3530 1351 3607 in_cruce
1377 3539 1430 3587 et
1459 3540 1661 3588 terram
1689 3532 1938 3590 funditus
1971 3548 2118 3590 com-

540 3621 758 3677 movisti
795 3639 812 3690 ;
847 3623 942 3694 qui
971 3621 1178 3678 dudum
1211 3624 1624 3694 cxspectabatis
1658 3625 1833 3681 donec
1865 3625 2120 3698 Magister

542 3728 638 3782 per
668 3728 886 3770 crucem
907 3715 1175 3771 eximeret
1199 3728 1336 3780 vos,
1355 3730 1502 3770 nunc
1541 3715 1692 3772 laetos
1719 3717 1881 3772 editis
1914 3717 2119 3771 clamo-

543 3821 632 3863 res
665 3814 726 3861 ut
756 3806 825 3861 ad
859 3823 919 3864 se
951 3823 1052 3864 vos
1083 3811 1266 3864 trahat
1304 3827 1317 3864 :
1345 3808 1663 3866 Benedicite
1703 3825 1916 3866 oumes.

617 3897 720 3954 Mor
735 3906 888 3954 tuum
923 3899 977 3954 in
1005 3915 1170 3972 specu
1210 3900 1583 3972 deposuerunt
1615 3911 1684 3968 te,
1712 3901 1990 3971 unigenite
2026 3901 2120 3955 Dei

548 3987 810 4055 Verbum,
851 3999 1083 4044 mortem
1117 3989 1290 4061 ipsam
1320 3991 1678 4058 mortilicans,
1704 3989 1988 4046 viviﬁcans
2022 4006 2121 4044 au-

544 4091 652 4135 tem
682 4096 822 4152 quos
889 4097 1165 4139 venenoso
1226 4101 1414 4141 morsu
1483 4083 1836 4142 interiecerat
1882 4084 2119 4152 daemon,

545 4175 664 4230 ideo
689 4175 991 4230 clamantes
1022 4194 1036 4231 :
1077 4175 1462 4238 Benedicimus
1491 4189 1562 4234 te.

611 4265 823 4324 Pascha
854 4268 973 4324 dies
998 4269 1203 4324 laetitia
1234 4270 1414 4324 illuxit
1460 4270 1642 4336 nobis,
1677 4271 1730 4346 in
1786 4287 1894 4341 qua
1941 4271 2121 4342 adepti

543 4377 739 4417 sumus
769 4361 1078 4418 libertatem
1107 4377 1207 4418 nos
1235 4364 1326 4435 qui
1354 4364 1409 4418 in
1435 4363 1698 4419 servitute
1753 4363 1995 4419 bellicosi
2025 4364 2122 4418 ho-

546 4453 647 4510 stis
669 4453 874 4509 detenti
905 4468 1128 4512 eramus
1161 4470 1179 4511 :
1213 4445 1574 4526 quamobrem
1630 4454 1736 4510 lati
1770 4456 2074 4511 clamamus
2102 4473 2117 4509 :

549 4545 866 4602 Benedicitc
889 4545 1099 4602 omnia.

619 4634 724 4701 Qui
749 4635 843 4691 dat
870 4651 994 4694 esse
1023 4639 1306 4706 omnibus,
1348 4654 1570 4696 carnem
1604 4648 1848 4695 nostram
1875 4638 2052 4694 induit
2076 4650 2130 4697 et

554 4740 724 4794 purus
750 4742 1080 4800 progressus
1109 4740 1196 4784 est
1224 4729 1293 4785 de
1326 4738 1481 4786 utero
1531 4731 1724 4786 matris
1746 4731 2126 4797 immaculatae,

553 4818 840 4876 insulllans
862 4821 1332 4878 immortalitatem
1363 4823 1598 4879 mortuis
1631 4823 2017 4879 cantantibus:
2038 4822 2134 4878 Bc-

551 4909 791 4966 nedicite
823 4912 1028 4968 omnia.

690 5001 850 5074 Lapis
888 5006 1082 5061 montis
1112 5022 1217 5061 non
1250 5005 1478 5062 hominis
1515 5025 1677 5062 manu
1711 5007 2000 5066 abscissus.

619 5093 826 5152 Fructu
873 5096 1006 5168 ligni
1037 5106 1093 5164 et
1139 5097 1373 5153 consilio
1430 5097 1598 5154 Belial
1633 5111 1720 5155 me
1760 5099 2131 5166 vulneratum,

549 5187 905 5242 vulneratum
952 5198 1031 5254 tu,
1070 5186 1335 5254 Verbum,
1367 5187 1618 5244 liberasti
1653 5204 1682 5242 a
1721 5188 2126 5258 maledictione,

549 5278 757 5336 factum
780 5280 1094 5337 maledictio
1116 5288 1344 5353 propter
1378 5294 1503 5336 nos.

611 5465 901 5534 Quomodo
929 5475 1176 5522 mortuos
1200 5465 1343 5520 inter
1373 5463 1560 5518 omnia
1589 5460 1956 5517 viviﬁcantem
1979 5475 2128 5531 qua:-

549 5557 723 5615 ritis?
763 5556 1052 5613 Debilitata
1112 5573 1208 5629 per
1260 5557 1414 5613 illum
1468 5563 1665 5621 morte,
1696 5551 1996 5610 resurrexit
2020 5552 2130 5608 sic-

557 5660 617 5705 ut
685 5651 982 5722 praedixit;
1028 5651 1282 5707 radiosus
1340 5649 1437 5706 Dei
1461 5649 1694 5720 angelus
1743 5645 1799 5702 id
1830 5645 2127 5700 annuntia-

557 5742 636 5797 vit
666 5742 973 5798 ferentibus
999 5752 1246 5799 aromata
1273 5742 1621 5798 mulieribus.

624 5833 669 5890 0
697 5831 1076 5904 felicissimum
1120 5833 1331 5892 Pascha
1391 5849 1489 5905 per
1533 5834 1675 5905 quod
1715 5830 1896 5888 omnis
1948 5829 2124 5888 homi-

2469 2058 2566 2112 Ἐν
2597 2058 2674 2128 τῇ
2697 2059 2927 2129 καμίνῳ
2958 2059 3303 2129 Ἅϐραμιαῖοι
3331 2060 3571 2127 παῖδες.

2299 2150 2453 2220 Ζωῆς
2491 2151 2590 2220 τὴν
2644 2151 2859 2220 Πέτραν
2903 2150 3346 2223 προσηλωθεῖσαν
3389 2151 3537 2224 ξύλῳ
3592 2153 3674 2223 τῷ
3725 2161 3805 2206 τοῦ
3917 2150 3919 2222 ξ

2229 2241 2482 2315 σταυροῦ,
2517 2243 2714 2316 πέτραι
2739 2242 3050 2314 καθορῶσαι
3081 2243 3248 2298 πάλαι
3270 2243 3418 2314 φόϐῳ
3451 2244 3643 2315 πολλῷ
3675 2245 3806 2315 διερο

2229 2333 2496 2404 ράγησαν,
2521 2334 2616 2385 καὶ
2633 2331 2785 2402 ἥλιος
2808 2331 2868 2384 τὺ
2889 2331 3005 2400 φῶς
3028 2329 3309 2403 ἀπέκρυψε
3332 2369 3347 2397 ,
3373 2331 3471 2386 καὶ
3493 2331 3567 2385 τὰ
3595 2331 3694 2401 τῆς
3713 2334 3802 2402 γῆς

2226 2427 2446 2497 ἐσείσθη
2480 2425 2724 2496 θεμέλια.

2295 2518 2700 2588 Ἐπανακλήσει
2746 2517 2854 2570 τῶν
2893 2515 3261 2570 πεπτωκότων
3313 2515 3694 2588 ἀνακέκλησαι
3723 2509 3797 2569 οἷα

2227 2607 2504 2678 βασιλεὺς,
2521 2608 2578 2660 ἐν
2591 2607 2744 2678 τάφῳ
2757 2607 3105 2677 στρατιωτῶν
3123 2607 3585 2677 φυλαττόντωνλσε
3596 2650 3614 2674 ,
3629 2607 3797 2676 φιλάν-

2225 2700 2437 2772 θρωπε.
2495 2699 2899 2771 Εὐλογημένος.
2929 2701 2987 2752 ἐν
3034 2697 3114 2769 τῷ
3158 2698 3272 2769 ναῷ
3327 2699 3422 2771 τῆς
3471 2701 3638 2772 δόξης
3693 2716 3792 2763 σου,

2224 2793 2418 2864 Κύριε.

2299 2886 2458 2958 ’ᾼδου
2489 2887 2754 2958 ταμιείων
2795 2885 3205 2959 πεπεδημένους
3253 2885 3598 2960 ἐξήρπασας.
3627 2887 3753 2954 Δότε
3774 2927 3786 2946 9

2224 2976 2317 3031 τοῦ
2347 2978 2561 3049 Πατρδς
2587 2980 2814 3050 δυνάμει
2843 2983 3238 3052 παντουργικῇ,
3266 2983 3360 3034 καλ⁸
3385 2980 3635 3051 βοῶντας
3662 2979 3793 3044 ἐξαν-

2226 3068 2354 3139 έστη
2363 3085 2484 3133 σας*
2501 3069 2875 3141 Εὐλογημένος
2889 3065 2958 3124 εἴ.

2309 3157 2706 3232 Ἐγηγερμένον
2751 3163 2816 3214 ἐκ
2841 3160 2952 3216 τῶν
2996 3162 3206 3235 νεκρῶν
3246 3162 3338 3218 τδν
3382 3161 3528 3236 ζωῆς
3583 3162 3789 3234 Κύριον.

2220 3251 2395 3323 Κόρη,
2420 3253 2715 3308 κατιδοῦσα
2746 3253 2957 3324 χαίρεις
2983 3254 3371 3326 συμμαθηταῖς
3409 3256 3505 3309 σὺν
3532 3257 3716 3316 αὐτοῖς
3738 3265 3782 3307 τε

2220 3343 2444 3414 μέλπεις
2467 3347 2717 3401 navent-a-
2743 3345 3119 3417 Εὐλογημένος
3148 3341 3221 3413 εἴ,
3253 3345 3444 3417 Κύριε.
3466 3399 3469 3401 .

2571 3435 2785 3505 Χεῖρας
2819 3437 3162 3502 ἐκπετάσας
3199 3437 3445 3503 Δανιὴλ.

2297 3526 2557 3597 Ὕψωσας
2591 3527 2851 3598 παλάμας
2879 3528 2936 3580 ἐν
2959 3525 3197 3597 σταυρῷ,
3235 3527 3331 3580 καὶ
3354 3526 3422 3580 τά
3445 3525 3673 3596 θεμέλια
3696 3523 3780 3591 τῆς

2217 3617 2319 3689 γῆς
2357 3616 2635 3689 ἐδόνησαςο
2663 3618 2788 3683 τοὺς
2809 3618 2868 3672 δὲ
2897 3619 2994 3690 τὴν
3023 3617 3319 3682 ἔκπτωσιν,
3372 3618 3646 3681 Δέσποτα,
3709 3615 3780 3668 διὰ

2220 3708 2377 3772 ξύλου
2403 3709 2804 3781 ὑπομείναντας
2827 3710 2963 3781 πρὸς
2991 3710 3181 3764 ἐαυτὸν
3196 3711 3541 3781 χαρμονικῶς
3563 3709 3778 3781 βοῶντας

2218 3798 2487 3853 εἵλκυσαν
2517 3799 2829 3870 Εὑλογεῖτε,
2872 3800 3071 3856 πάντα.

2207 3937 2213 3944 .
2289 3890 2495 3961 Δάκκῳ
2529 3907 2588 3944 σε
2643 3889 2931 3945 κατέθεντο
2976 3891 3168 3962 νεκρὸν
3207 3893 3502 3966 νεκροῦντα
3547 3893 3775 3950 θάνατον,

2219 3981 2586 4045 ζωοποιοῦντα
2635 3984 2694 4037 δέ
2739 3983 2832 4048 οὒς
2872 3984 3221 4056 ἀπενέκρωσε
3258 3985 3497 4057 δήγματι
3543 3982 3779 4054 ίοόόλῳὸ

2218 4074 2551 4145 ὰρχὲκακος,
2584 4075 2723 4146 Λόγε
2772 4076 2909 4130 Θεοῦ
2943 4078 3238 4149 μονογενής
3264 4093 3279 4106 ⁶
3313 4079 3396 4133 διὸ
3443 4078 3658 4150 βοῶμέν
3687 4091 3771 4134 σοι.

2219 4165 2530 4238 Εὐλογεῖτε.
3013 4196 3015 4198 ·

2288 4265 2483 4336 Πάσχα
2542 4267 2574 4336 ἡ
2613 4267 2953 4337 χαρμόσυνος
2985 4269 3116 4339 ἡμῖν
3147 4268 3328 4338 ἡμέρα
3377 4266 3642 4337 ἔλαμψεν,
3672 4252 3770 4333 ἐνῇ

2219 4357 2530 4428 ἐσχήκαμεν
2551 4357 2650 4428 τὴν
2678 4359 3056 4428 ἀπολύτρωσιν
3084 4359 3324 4423 ἅπαντες
3351 4359 3403 4412 οἱ
3438 4359 3652 4430 δουλείᾳ
3673 4371 3773 4409 συν·

2219 4449 2310 4518 εχό
2317 4466 2468 4520 μενοι
2481 4448 2574 4502 τοῦ
2596 4449 2721 4502 πολε
2729 4452 2962 4520 μήτορος
2983 4449 3110 4521 Ἐχθ
3120 4448 3232 4521 ροῦ*
3252 4449 3377 4505 ὃθεν
3392 4450 3759 4522 κραυγάζομεν

2149 4568 2195 4624 D
2221 4540 2530 4608 Εύλογεῖτε,
2563 4543 2761 4596 πάντα.

2315 4630 2372 4685 '0
2403 4634 2534 4685 πᾶσι
2563 4633 2622 4686 τὸ
2649 4628 2786 4686 εἶναι
2825 4632 3120 4704 παρασχὼν
3154 4633 3334 4687 αἰτίαν
3367 4633 3567 4705 ἐσχηκέ
3603 4651 3660 4688 σε
3691 4633 3772 4701 τῆς

2231 4722 2578 4795 σαρκώσεως,
2602 4725 2691 4778 καὶ
2716 4725 3080 4796 προελήλυθεν
3101 4724 3334 4797 ἄφθορος
3356 4725 3416 4791 ἐξ
3431 4727 3666 4797 ἀφθόρου
3696 4723 3775 4790 τῆς

2230 4815 2419 4887 νηδύος
2448 4832 2538 4868 σου
2589 4819 2616 4868 ὁ
2648 4815 2958 4885 ἀφθαρσίαν
2983 4819 3097 4881 τοῖς
3141 4819 3355 4892 νεκροῖς
3393 4818 3644 4888 ἐμπνέων

2229 4923 2444 4960 πουσιν·
2477 4907 2786 4976 Εὑλογεῖτε,
2817 4908 3016 4962 πάντα.

2582 5000 2762 5066 Λίθος
2784 5000 2943 5067 ἀχειί
2956 5000 3212 5068 ότμητος
3242 5000 3441 5068 ὅρους.

2297 5087 2466 5142 Ξύλου
2495 5106 2562 5160 με
2597 5089 2794 5160 καρπῷ
2813 5131 2829 5157 ,
2861 5089 3162 5160 συμϐουλίᾳ
3197 5092 3668 5162 τραυματισθέντα
3697 5083 3775 5140 τοῦ

2230 5179 2448 5252 Βελίαρ,
2484 5182 2549 5236 σὺ
2581 5183 3006 5254 τραυματισθεὶς
3031 5183 3125 5235 ἐπὶ
3157 5182 3338 5248 ξύλου,
3371 5185 3596 5254 Χριστέ,
3630 5184 3771 5238 ἰάσω⁶

2229 5276 2445 5346 καὶτῆς
2497 5278 2736 5345 κατάρας
2768 5290 2834 5346 με
2878 5275 3099 5346 κατάρα
3129 5277 3268 5349 ὑπὲρ
3302 5277 3458 5349 ήμῶν
3488 5278 3776 5349 γενόμενος,

2228 5368 2389 5436 Λόγε,
2439 5365 2846 5436 ἡλευθέρωσας.

2300 5459 2403 5514 Τὸν
2439 5456 2805 5527 ζωοποιοῦντα
2841 5459 2911 5513 τὰ
2961 5461 3138 5514 πάντα
3183 5462 3241 5514 ἐν
3285 5464 3397 5526 τοῖς
3431 5465 3642 5534 νεκροῖς
3679 5456 3774 5517 πῶς

2228 5547 2554 5620 ἐκζητεῖτε;
2611 5548 2780 5613 λύσας
2813 5549 2907 5603 τοῦ
2963 5549 3191 5604 θανάτου
3237 5551 3297 5604 τὸ
3345 5553 3568 5624 κράτος,
3616 5545 3773 5606 καθὼς

2231 5647 2514 5716 προεῖπεν,
2537 5642 2630 5698 νῦν
2649 5643 3008 5714 ἐξεγήγερται
3025 5683 3040 5709 ,
3065 5647 3189 5708 ταῖς
3214 5647 3540 5718 μυροφόροις
3564 5646 3730 5714 ἔλεγεν
3749 5639 3775 5692 ὁ

2230 5733 2616 5806 ἐξαστράπτων
2646 5734 2787 5799 θεῖος
2814 5735 3064 5804 ἄγγελος.

2300 5826 2369 5880 Ὦ
2389 5824 2806 5899 μακαριώτατον
2829 5829 3041 5901 Πάσχα,
3064 5829 3129 5886 δι’
3144 5826 3204 5888 οὗ
3229 5833 3292 5886 ἐκ
3309 5831 3411 5903 γῆς
3443 5826 3775 5903 μετεϐιόάσθη
