3986 6236
339 415 480 486 3917

1768 407 2170 474 TRIODIUM.

3449 409 3588 472 3913

344 534 491 588 nica
518 531 623 586 τῶν
649 529 951 604 ἀνθρώπων
973 529 1004 598 ἡ
1037 525 1194 596 φύσις
1222 529 1357 595 πρὸς
1384 527 1478 592 τὴν
1509 528 1716 581 ἐκεῖθεν
1741 545 1913 596 μακα-

2038 539 2152 575 tum
2184 528 2378 575 natura
2409 519 2558 575 illinc
2591 520 2657 573 ad
2682 516 3094 587 beatitudinem,
3125 531 3372 576 sanctum
3411 533 3463 574 et
3499 537 3592 574 ve-

347 624 592 695 ριότητα⁹
633 623 823 692 Πάσχα
855 620 1048 672 σεπτὸν
1077 620 1454 692 καὶρμωμον,
1486 621 1549 672 σὺ
1579 619 1685 671 τῶν
1715 618 1913 671 πιστῶν

2038 613 2264 669 aerabile
2292 613 2522 678 Pascha,
2553 621 2610 667 ιιι
2633 629 2692 668 es
2727 614 3063 669 credentium
3091 614 3414 683 redemptio.

341 718 374 786 ὴ
406 713 809 783 ἀπολύτρωσις.

411 804 602 874 Χαῖρε,
629 803 726 874 τῆς
754 797 983 873 χαρᾶςὴ
1015 803 1162 856 αἰτία
1184 843 1198 860 ,
1230 803 1388 871 χαῖρε
1423 799 1666 871 κατάρας
1694 799 1886 870 ἀναιρὲ
1905 826 1917 834 ·

341 911 446 956 τις,
475 893 686 964 χαίροις
717 893 1011 966 ὀρθοδόξων
1045 893 1104 946 τὸ
1128 893 1283 955 κλέος
1310 891 1420 944 τῶν
1443 891 1502 944 σὲ
1529 891 1838 960 ὑμνούντων
1857 889 1918 943 τὸ

342 983 680 1054 καταφύτων
706 1023 721 1050 ,
769 984 1140 1056 Θεογενννῆτορ
1184 983 1445 1054 πάναγνε,
1496 982 1563 1036 δι’
1603 977 1672 1054 ἦς
1711 981 1918 1052 φθορᾶς

341 1074 820 1148 ἠλευθερώθημεν.

769 1249 995 1313 ’Ἵππον
1030 1253 1128 1312 καὶ
1165 1253 1493 1324 ἀναϐάτηνδ

412 1344 574 1416 Ὅλος
615 1350 881 1422 ἐπιθυμία
926 1351 1021 1404 καὶ
1051 1350 1172 1412 ὅλος
1219 1349 1294 1402 ὢν
1335 1348 1670 1418 γλυκασμδςο
1715 1338 1912 1418 ’Ῑησοδθ

341 1443 632 1513 ἀπε-’.γεύσω
657 1444 825 1514 χολῆς
849 1440 1068 1512 σταυρῷ
1099 1441 1466 1512 κρεμάμενος,
1491 1439 1590 1512 τὴν
1624 1455 1914 1510 προσγινο-

345 1537 511 1606 μένην
556 1553 645 1606 μοι
695 1535 990 1605 ἁμαρτίαν,
1040 1533 1301 1598 Δέσποτα,
1355 1532 1687 1604 πικροτάτην
1731 1530 1916 1601 σαφῶς

345 1628 591 1698 ἰώμενος.
644 1690 652 1697 ,

415 1720 653 1774 Ἤκουσε
687 1719 781 1772 καὶ
819 1717 1097 1790 εὐφράνθη
1125 1711 1287 1778 Σιὼν,
1327 1717 1402 1780 ὡς
1428 1715 1757 1786 γέγραπται,
1782 1716 1914 1768 ἀναδ

263 1832 269 1837 ·
343 1809 567 1872 στάντος
597 1825 714 1873 σου,
747 1809 885 1877 Λόγε
920 1825 934 1838 ·
980 1809 1038 1862 αἱ
1062 1807 1265 1879 ταύτης
1293 1807 1590 1878 Θυγατέρες
1622 1807 1730 1878 γὰρ
1766 1805 1915 1876 πρῶδ

2093 790 2272 856 Salve,
2301 807 2333 846 ο
2357 795 2523 849 cauSa
2561 801 2764 849 nostrae
2795 793 3018 858 laetitiae,
3064 793 3233 858 salve,
3282 791 3550 862 redempti
3579 814 3593 843 ι

2022 891 2210 938 nostra
2241 885 2720 940 amaledictione!
2775 883 3005 950 Laetare,
3035 901 3070 941 ο
3122 894 3176 940 tu
3238 882 3592 941 immaculata

2023 975 2188 1043 Virgo
2223 973 2317 1029 Dei
2358 964 2628 1040 Cenitrix,
2665 975 2840 1033 decus
2869 986 2924 1032 et
2952 977 3224 1047 refugium
3273 977 3511 1032 ﬁdelium
3541 987 3594 1030 te

2019 1063 2236 1134 hymnis
2262 1064 2681 1133 celebrantium,
2720 1081 2816 1137 per
2871 1083 3034 1137 quam
3093 1069 3343 1126 mundati
3401 1083 3594 1124 sumus

2026 1170 2056 1208 a
2090 1155 2347 1212 sordibus
2379 1159 2610 1227 peccati.

2435 1250 2643 1320 Equum
2676 1256 2726 1302 et
2751 1265 3101 1304 ascensorem.

2099 1341 2235 1399 Cum
2262 1343 2357 1410 sis,
2383 1341 2534 1407 Jesu,
2565 1355 2726 1396 omne
2745 1339 3080 1395 desiderium
3116 1343 3592 1398 nostrumomnis~

2020 1450 2127 1505 que
2160 1433 2416 1499 dulcedo,
2435 1431 2816 1504 degustastil‘cl
2833 1431 3072 1501 pendens
3094 1434 3340 1489 decruce
3367 1442 3422 1488 et
3446 1443 3596 1489 certe

2020 1527 2226 1583 sanasti
2255 1541 2377 1591 nos,
2405 1525 2688 1595 Magister,
2724 1525 2793 1580 ab
2826 1526 3192 1580 amaritudine
3215 1526 3422 1597 peccati
3444 1528 3593 1598 quod

2020 1618 2298 1672 invaserat
2332 1629 2454 1670 nos.
3043 1613 3053 1626 ‘

2067 1709 2319 1775 ‘Audivit
2365 1714 2419 1762 et
2469 1706 2645 1762 laetata
2692 1715 2778 1762 est
2822 1707 2977 1773 Sion,
3002 1709 3154 1766 sicut
3191 1709 3452 1780 scriptum
3485 1719 3592 1773 est,

2018 1807 2342 1871 resurgente
2394 1805 2468 1862 te,
2513 1796 2784 1865 Verbum;
2835 1799 2959 1854 ﬁliae
3014 1800 3160 1855 enim
3211 1801 3329 1869 ejus
3401 1801 3592 1870 prima:

341 1898 431 1952 ταί
453 1916 512 1952 σε
537 1867 932 1953 τεθέανταισιαὶ
952 1898 1034 1968 τὸ,
1061 1867 1262 1970 Χαῖρε,
1277 1867 1540 1970 δέχονταί,
1674 1867 1913 1970 κατά-ρας

2038 1867 2276 1947 riderent
2314 1897 2368 1945 te
2411 1890 2753 1958 salutemque
2781 1889 2851 1944 ab
2888 1904 2986 1946 ure
3023 1899 3114 1945 tuo
3153 1899 3518 1961 susceperunt
3564 1911 3593 1944 ει

342 1988 645 2060 ἁπολυτρού
654 2007 833 2060 μεναι.

412 2081 601 2152 Δεῦρο,
637 2082 731 2134 καὶ
756 2081 853 2153 τὴν
876 2079 996 2134 κινύ
1007 2098 1104 2152 ραν
1129 2079 1294 2135 Ante
1322 2081 1680 2156 ἀνακρουσον,
1717 2095 1917 2152 συστη-

343 2171 586 2241 σώμεθα,
626 2171 825 2241 λέγων,
856 2172 1048 2244 ἑορτὴν
1071 2173 1446 2238 ἀλαλάζοντες·
1465 2173 1604 2246 αὕτη
1637 2174 1704 2247 ἣν
1728 2175 1916 2246 ἐποίη-

345 2277 437 2314 σεν
465 2262 493 2314 ὁ
517 2261 798 2335 Δεσπότης
834 2261 1036 2334 Κύριος
1065 2261 1098 2332 ἡ
1133 2261 1315 2333 ἡμέρα
1347 2262 1448 2333 τῆς
1476 2263 1844 2325 ἀναστάσεως.

414 2441 660 2514 Χαίροις,
682 2436 1030 2516 ,εὐλογημένη
1054 2443 1434 2516 θεοχαρίτωτε,
1467 2443 1604 2512 μετὰ
1639 2443 1734 2498 σοῦ
1763 2445 1790 2498 ὁ
1818 2444 1916 2498 Δε-

346 2531 572 2603 σπότης,
620 2533 646 2586 6
671 2531 915 2586 καθελὼν
939 2534 1030 2585 τὸν
1087 2533 1337 2598 θάνατον,
1368 2531 1463 2586 καὶ
1490 2531 1657 2596 λύσας
1687 2531 1779 2584 τὸν
1824 2531 1917 2584 ἄν·

345 2623 564 2694 θρωπον
587 2623 686 2693 τῆς
703 2624 968 2694 κατάρας,
987 2623 1269 2690 Δέσποινα,
1296 2621 1540 2695 μεσιτείξι
1561 2609 1675 2690 σου,
1694 2623 1915 2694 Μητρο-

349 2714 606 2786 πάρθενετ

673 2805 805 2859 Ὀτι
827 2805 942 2874 ἐγώ
974 2807 1090 2876 ειμι
1126 2807 1270 2872 Θεὸς
1295 2809 1326 2860 ὀ
1355 2803 1572 2874 adparat
1633 2878 1642 2886 I

415 2894 568 2966 Ξύλῳ
607 2895 931 2967 κατέκρινας
964 2898 1064 2969 τὴν
1109 2895 1381 2966 ἁμαρτίαν
1423 2893 1628 2966 Ἰησοῦ,
1663 2894 1758 2946 καὶ
1786 2891 1916 2964 ᾅδην

267 3007 273 3014 ί
346 2987 775 3059 ᾑχμαλώτευσας
813 2987 988 3051 τεθεὶς
1039 2989 1095 3042 ἐν
1131 2986 1206 3058 τῷ
1243 2986 1513 3058 μνημείῳ,
1555 2984 1647 3039 καὶ
1683 2985 1916 3054 ἀνέστης

345 3079 421 3142 ὡς
459 3078 614 3142 Θεὸς,
665 3079 981 3153 συνεγείρας
1018 3081 1108 3135 τὸν
1157 3082 1358 3152 κόσμον
1393 3077 1774 3148 δοξολογοῦντα
1817 3075 1915 3146 τὴν

345 3169 664 3227 δυναστείαν
696 3189 811 3226 σου.

419 3353 624 3420 Πάντα,
646 3353 947 3426 κροτήσατε
983 3351 1188 3426 χεῖρας,
1213 3352 1362 3424 ἔθνη,
1385 3351 1692 3424 ψαλμικῶς,
1721 3352 1917 3424 ἀνέστη

347 3437 418 3492 τὰ
449 3439 694 3508 βασίλεια
739 3439 982 3504 κενώσας
1013 3441 1106 3494 τοῦ
1151 3441 1382 3496 θανάτου
1417 3446 1446 3496 ὁ
1470 3442 1734 3504 ἀθάνατος
1764 3441 1916 3507 Θεὸς,

351 3527 622 3596 βασιλεύει
663 3527 722 3583 δὲ
778 3530 880 3602 γῆν
909 3530 1004 3585 ἐπὶ
1025 3533 1204 3586 πᾶσαν
1248 3531 1323 3595 ὡς
1354 3531 1614 3596 Βασιλεὺς
1661 3530 1752 3585 τοῦ
1785 3549 1921 3584 πανο

346 3618 457 3681 τός.

419 3710 608 3780 Πάσχα
638 3713 924 3782 σωτήριον,
950 3713 1140 3784 Πάσχα
1162 3712 1456 3786 ἀνάκλησις
1481 3712 1669 3784 ψυχῶν
1687 3747 1702 3776 ,
1739 3714 1922 3783 ἡμέρα

347 3799 684 3870 εὐφροσύνης
718 3804 812 3854 καὶ
841 3803 1016 3872 χαρᾶς
1041 3802 1178 3874 αῦτη
1212 3798 1445 3872 ῦπάρχει
1479 3818 1492 3831 ·
1528 3803 1921 3872 εὐφρανθῶμεν

353 3889 628 3958 μυστικῶς
677 3892 769 3943 καὶ
820 3892 1054 3963 Χριστὸν
1087 3894 1178 3946 τὸν
1211 3893 1320 3946 τῶν
1350 3894 1486 3947 ὅλων
1535 3893 1668 3946 Θεὸν
1693 3895 1922 3963 Σωτῆρα

346 3978 810 4052 δοξολογήσωμεν.

425 4073 523 4128 Ὃν
555 4074 928 4143 ἑσωμὰτωσας
950 4075 1143 4144 Λόγον,
1170 4076 1479 4147 πανάμωμε
1511 4077 1669 4149 ἁγνὴ,
1698 4077 1926 4148 εὐφραί-

347 4179 462 4228 νου,
495 4165 561 4217 ὲκ
587 4165 795 4236 νεκρῶν
825 4167 1194 4237 ἐγηγερμένον
1226 4167 1538 4238 καθορῶσα,
1590 4169 1682 4222 καὶ
1714 4169 1920 4222 ἱκέτευε

347 4255 528 4319 αὐτὸν,
561 4259 683 4320 τοὺς
703 4258 790 4311 ἀεί
820 4275 880 4311 σε
904 4260 1178 4329 τιμῶντας
1208 4260 1380 4315 σῶσαι
1413 4262 1673 4316 κινδύνων
1696 4263 1789 4316 καὶ
1816 4279 1916 4314 πε-

349 4349 675 4420 ριστάσεων.

640 4441 699 4493 Ὀ
723 4439 923 4510 πήξας
950 4442 1043 4496 ἐπ’
1069 4443 1321 4511 οὐδενὸς
1353 4447 1466 4512 τὴν
1498 4443 1634 4514 γῆν.

2021 1979 2408 2036 maledictione
2444 1978 2708 2035 liberatae.

2087 2075 2200 2142 Age
2266 2070 2438 2141 plecte
2500 2069 2901 2125 decachordum
2994 2070 3238 2136 Davidis,
3317 2072 3509 2128 dicens
3577 2091 3592 2127 :

2017 2163 2374 2220 Celebremus
2402 2161 2456 2215 in
2485 2176 2653 2217 unum
2701 2165 3016 2234 congregati
3063 2164 3168 2220 hoc
3212 2164 3409 2221 festum
3458 2167 3595 2221 laetis

2018 2254 2387 2318 clamoribus,
2450 2253 2568 2310 haec
2636 2261 2720 2308 est
2776 2254 2920 2310 enim
2992 2251 3414 2316 resurrectionis
3477 2258 3596 2312 dies

2018 2361 2182 2419 quam
2219 2343 2348 2400 fecit
2381 2344 2668 2402 Dominus.

2091 2438 2320 2503 Gaude,
2386 2439 2674 2495 benedicta
2737 2440 2963 2511 .Deoque
3034 2439 3364 2496 charissima
3432 2441 3597 2511 Virgo

2019 2530 2210 2597 Mater,
2246 2530 2704 2590 Dominus-tecum
2732 2532 2826 2602 qui
2853 2537 2906 2588 te
2921 2533 3216 2598 mediante,
3249 2548 3282 2588 ο
3329 2543 3503 2588 mater
3542 2546 3598 2587 ιιι

2019 2636 2203 2694 Virgo,
2240 2623 2511 2680 destruxit
2544 2632 2776 2680 mortem
2813 2615 3174 2695 liberavitque
3231 2625 3507 2680 hominem
3568 2645 3597 2677 η

2020 2712 2403 2774 maledictione
2438 2716 2670 2786 peccati.

2357 2804 2436 2859 Eo
2465 2809 2603 2876 quod
2634 2807 2734 2860 sim
2770 2823 2866 2878 ego
2909 2807 3047 2862 Deus
3080 2808 3254 2864 homo.

2089 2892 2196 2952 Per
2245 2911 2484 2964 crucem,
2538 2896 2690 2965 Jesu,
2742 2913 2960 2953 omnem
3003 2899 3270 2956 dircmisti
3337 2899 3597 2969 iniquita—

2021 2998 2152 3052 tem,
2189 2989 2465 3060 captivum
2505 2987 2686 3045 fecisti
2731 2989 3032 3047 inferorum
3078 3007 3327 3063 regnum,
3360 2995 3600 3064 positus-

2019 3097 2127 3153 que
2167 3080 2224 3137 in
2269 3081 2522 3152 sepulcro
2565 3088 2620 3137 et
2661 3094 2956 3153 resurgens
3003 3091 3063 3140 ut
3099 3085 3239 3140 Deus
3288 3094 3464 3140 tecum
3513 3102 3600 3139 re-

2021 3187 2248 3246 surgere
2275 3169 2456 3227 fecisti
2507 3171 2771 3228 mundum
2809 3180 2956 3230 tuam
2995 3173 3364 3236 celebrantem
3408 3188 3599 3244 paten-

2025 3266 2176 3321 tiam.

2091 3355 2295 3411 Omnes
2349 3364 2564 3427 gentes,
2609 3357 2849 3429 plaudite
2895 3355 3186 3420 manibus,
3244 3357 3595 3414 modulemini

2023 3459 2220 3504 cautus
2249 3465 2262 3502 :
2303 3450 2547 3505 surrexit
2585 3448 2728 3506 Deus
2760 3449 3106 3514 immortalis,
3133 3449 3413 3504 destructo
3457 3465 3599 3503 mor-

2021 3541 2094 3596 tis
2145 3541 2410 3610 imperio;
2457 3556 2624 3610 super
2670 3556 2888 3596 omnem
2941 3547 3142 3594 terram
3182 3548 3369 3610 regnat
3413 3548 3597 3610 utpote

2015 3629 2135 3685 Rex
2166 3630 2433 3686 omnium.

2094 3720 2306 3776 Pascha
2358 3722 2801 3786 saluberrimum,
2843 3721 3052 3780 Pascha
3103 3722 3439 3778 resurrectio
3482 3723 3600 3781 ani-

2024 3826 2262 3875 marum,
2297 3811 2417 3868 dies
2446 3821 2532 3868 est
2566 3813 2764 3868 laetitia:
2801 3821 2857 3868 et
2881 3812 3249 3880 jubilationis,
3269 3813 3599 3883 gaudeamus

2024 3917 2155 3973 ergo
2184 3915 2238 3958 et
2267 3903 2530 3960 cantibus
2569 3905 2745 3960 sacris
2789 3903 3155 3975 gloriﬁcamus
3185 3902 3464 3962 Christum
3507 3921 3600 3975 per

2023 4009 2187 4066 quem
2221 4009 2412 4050 omnes
2445 3995 2582 4051 salvi
2620 3994 2745 4052 facti
2782 4003 2930 4053 sunt.

2093 4088 2283 4144 Gaude
2320 4097 2374 4144 et
2412 4096 2492 4156 tu,
2542 4088 2711 4161 Virgo
2746 4107 2869 4147 vere
2907 4092 3278 4156 immaculata,
3321 4093 3510 4148 videns
3566 4113 3595 4146 ει

2023 4181 2256 4235 mortuis
2286 4196 2582 4252 resurgens
2632 4181 2864 4238 Verbum
2899 4185 3043 4254 quod
3078 4201 3108 4239 a
3142 4195 3192 4241 te
3229 4195 3601 4254 assunipserut

2018 4285 2268 4334 carnem;
2300 4280 2366 4326 et
2397 4285 2528 4342 roga
2593 4273 2771 4342 ipsum
2803 4283 2860 4329 ut
2904 4275 3150 4330 colentes
3193 4283 3244 4330 te
3287 4291 3501 4344 semper
3531 4277 3599 4326 ab

2023 4361 2278 4417 oumibus
2307 4362 2564 4432 periculis
2593 4372 2648 4419 et
2679 4365 2840 4420 malis
2873 4366 3056 4421 salvos
3091 4365 3279 4422 faciat.

2398 4453 2504 4519 Qui
2539 4455 2663 4523 fecit
2699 4465 2898 4510 terram
2931 4457 2994 4510 de
3023 4458 3208 4512 nihilo.

415 4529 704 4600 Φωστῆρες
723 4533 815 4582 ἐπὶ
833 4533 1068 4604 σταυροῦ
1099 4550 1158 4585 σε
1193 4534 1502 4604 βλέποντες,
1525 4535 1702 4601 ’Ἡλιε,
1734 4535 1913 4590 ἀπλω-

2091 4542 2406 4600 Luminaria
2466 4555 2538 4612 te,
2597 4546 2692 4603 Sol
2748 4549 2932 4604 divine
2966 4591 2981 4615 ,
3021 4551 3074 4604 in
3130 4567 3294 4607 cruce
3357 4552 3597 4606 videntia

347 4617 510 4672 θέντα
541 4621 733 4692 γνώμῃ
755 4622 816 4674 τὸ
829 4623 943 4690 φῶς
995 4624 1361 4691 συνέστειλαν,
1396 4626 1466 4694 γῆ
1497 4628 1644 4680 πᾶσα
1672 4627 1913 4697 ἐσείσθη,

346 4703 478 4756 ναοῦ
511 4705 802 4776 φαιδρότης
835 4709 1096 4780 διερρἁγη
1131 4713 1224 4764 καὶ
1260 4714 1328 4764 τὰ
1361 4717 1604 4784 μνημεῖα
1636 4715 1915 4786 ἀνεῴχθη-

348 4807 468 4858 σαν,
497 4795 590 4846 καὶ
630 4795 811 4866 νεκροὶ
845 4797 952 4851 τῶν
973 4800 1158 4868 τάφων
1187 4801 1510 4874 ἀνέστησαν.

413 4982 613 5036 Σινδόνι
644 4983 1007 5058 καθαρωτάτη
1043 4987 1192 5058 φόϐῳ
1224 4990 1441 5061 είλησας
1476 5007 1536 5044 σε
1583 4990 1778 5064 Ἰωσὴφ
1804 5009 1912 5045 κα-

342 5073 555 5139 λύπτει,
590 5076 749 5146 Δότε,
804 5077 862 5129 ἐν
904 5079 1149 5148 μνήματι
1183 5080 1274 5134 τὸν
1312 5084 1777 5154 προσεπενδύοντα
1829 5086 1919 5138 ἀεὶ

347 5166 433 5219 τὸν
451 5167 674 5236 οὐρανὸν
701 5167 967 5237 νεφέλαις,
998 5170 1091 5224 καὶ
1111 5170 1203 5224 τοῦ
1225 5173 1565 5244 προπάτορος
1586 5175 1914 5245 ἐνθάψαντος

345 5256 522 5307 πᾶσαν
553 5256 849 5327 ἁμαρτίαν,
882 5259 1254 5330 φιλάνθρωπε.

411 5342 513 5393 Τὸν
538 5343 683 5396 λίθον
704 5346 1036 5412 ἀποκυλίσας
1060 5350 1168 5402 ἀπὸ
1210 5349 1303 5404 τοῦ
1338 5352 1640 5422 μνήματος,
1670 5355 1912 5424 γυναιξὶν

333 5433 469 5487 ,ἐϐόα
507 5435 534 5485 ὁ
564 5434 703 5498 θεῖος
747 5436 996 5506 ἄγγελος,
1031 5440 1166 5493 Τίνα
1209 5445 1348 5511 μετά
1378 5443 1566 5516 μύρων
1586 5447 1671 5509 ,ὡς
1721 5447 1912 5518 θνητὸν

343 5525 602 5593 ἀφίκεσθε
651 5527 905 5599 ζητοῦσαι
927 5547 942 5596 ;
968 5533 996 5584 ὁ
1022 5533 1294 5603 ¹ζωοδότης
1341 5535 1726 5608 ὲξεγήγερται,
1761 5537 1912 5602 θείας

348 5618 607 5688 θυμηδίας
642 5621 1014 5693 ἐμπλήσθητε.

421 5708 513 5763 Ἐκ
543 5712 712 5781 τάφου
743 5713 819 5775 ὡς
841 5716 906 5766 ἐκ
941 5717 1150 5770 παστοῦ
1174 5718 1424 5793 νυμφίον,
1458 5721 1791 5792 Πανάμωμε,
1819 5723 1909 5776 τὸν

339 5801 568 5870 Χριστὸν
603 5807 782 5877 ὁρῶσα
825 5808 1250 5880 ἐκπορευόμενον
1298 5812 1415 5867 ὅλον
1447 5813 1777 5886 ὡραιότατον
1810 5834 1903 5869 σασ

2018 4642 2327 4700 extensum,
2370 4635 2547 4690 lucem
2586 4653 2744 4693 suam
2777 4640 2920 4695 haud
2954 4643 3356 4698 inconsiderate
3376 4631 3598 4698 recusa-

2018 4735 2250 4791 verunt,
2299 4730 2482 4784 omnis
2532 4739 2804 4787 commota
2857 4743 2943 4788 est
3001 4743 3180 4798 terra,
3237 4737 3471 4791 scissum
3511 4746 3596 4792 est

2019 4818 2196 4872 velum
2252 4821 2465 4890 templi,
2503 4830 2691 4891 aperta
2745 4833 2877 4879 sunt
2930 4837 3302 4892 monumenta,
3341 4845 3596 4882 surrexe-

2019 4919 2148 4961 runt
2179 4912 2402 4967 mortui.
2889 4934 2891 4936 ·

2086 4999 2450 5060 Μυιιὰίεεὶιηο
2513 5006 2798 5064 involvens
2863 5017 2954 5074 te,
3009 5019 3331 5066 reverenter
3394 5011 3584 5064 lintea-

2016 5090 2162 5146 mine
2202 5091 2426 5164 Ioseph,
2456 5096 2678 5166 deponit
2722 5100 2778 5153 in
2827 5107 3183 5156 monumento
3229 5107 3302 5163 te,
3334 5096 3591 5164 Verbum,

2015 5197 2232 5253 semper
2282 5186 2539 5256 operiens
2584 5189 2786 5245 caelum
2839 5191 3098 5254 nubibus,
3145 5189 3466 5259 consepulta
3510 5197 3593 5242 te-

2013 5284 2160 5336 cum,
2193 5283 2403 5330 amator
2427 5279 3068 5350 noster,Protoparentis
3105 5280 3414 5348 iniquitate.

2085 5361 2345 5434 Lapidem
2371 5368 2981 5435 volvensmonumcnti,
2999 5373 3225 5441 angelus
3248 5371 3456 5427 Domini
3483 5373 3588 5427 cla-

2012 5455 2182 5508 mavit
2233 5457 2554 5514 mulieribus
2594 5478 2608 5514 :
2646 5460 2820 5526 Quem
2855 5462 3102 5531 quarritis
3139 5463 3420 5516 venientes
3457 5477 3586 5516 cum

2013 5547 2353 5602 aromatibus
2373 5550 2437 5604 ad
2466 5551 2950 5623 ungendum-quasi
2977 5553 3283 5609 mortuum?
3307 5556 3399 5624 qui
3421 5555 3594 5609 omni-

2011 5633 2114 5689 bus
2134 5634 2228 5690 dat
2253 5639 2416 5692 vitam
2450 5642 2782 5709 resurrexit;
2808 5643 2993 5704 divina
3023 5644 3353 5714 impleamiui
3380 5645 3588 5701 laetitia.

2089 5725 2314 5796 Videtis,
2334 5735 2367 5786 ό
2391 5731 2758 5800 immaculata,
2778 5735 3108 5792 Cbristume
3127 5738 3338 5792 tumulo
3361 5753 3560 5807 surgen
3575 5765 3593 5779 -

2011 5829 2114 5875 tem
2157 5823 2466 5892 speciosum
2494 5833 2551 5880 ut
2573 5840 2774 5898 sponsa
2805 5830 2996 5886 exiens
3023 5846 3052 5886 e
3079 5825 3318 5888 thalame
3341 5832 3592 5902 nuptiali,
