3986 6236
282 5866 345 5895 “ne

556 416 692 482 3919
1341 423 1430 487 .'S.
1469 428 1883 491 SOPHRONII
1916 435 2419 502 PATRIARCILE
2455 448 2860 516 HIEROSOL.
3679 467 3810 530 392-)

556 537 896 606 reassumpta
971 525 1202 595 iattitia,
1269 534 1388 605 ejus
1452 541 1765 609 congautlcs
1818 541 2129 613 discipulis,

557 624 740 656 atina-ms
771 640 782 652 -
811 623 1057 656 Qun-muris
1099 625 1357 656 Ιὶηηιῖηηι.

2243 551 2356 618 φῶς
2383 593 2396 617 ,
2426 555 2602 625 χαράν
2647 552 2991 614 ἀναλαϐοῦσα
3055 565 3164 656 τρῖς
3194 564 3460 638 μαθηταῖς
3495 572 3817 646 συνέχαιρες

557 624 743 676 dicens
771 640 782 676 :
811 623 1061 678 Surrexit
1095 625 1384 683 Dominus.

737 717 901 772 Tuam
933 716 1269 772 adumbrasti
1297 720 1531 775 divinam
1559 725 1987 784 exinanitionem.

625 807 731 864 Per
754 808 960 880 lignum
984 811 1170 867 crucis
1197 814 1355 883 quasi
1390 814 1681 873 interfecto
1707 830 1980 891 serpente,
2003 839 2129 880 cum
2172 808 2175 809 7
2237 810 2243 817 ’

556 901 788 955 mortuis
821 910 1100 963 reputatus
1135 918 1216 967 es,
1249 918 1371 960 cum
1400 907 1639 964 sisinter
1669 921 1915 970 mortuos
1949 915 2109 982 liber,

555 996 608 1041 et
643 988 844 1044 liberos
874 987 1102 1044 effecisti
1132 982 1390 1063 degentes
1422 997 1510 1052 hic
1540 1013 1729 1058 omnes
1757 1001 2056 1061 devinctos.

625 1081 914 1138 Mauil‘este
940 1085 1185 1152 regnavit
1209 1085 1497 1155 Dominus,
1524 1092 1738 1148 laetetur
1758 1098 1936 1153 omnis
1962 1108 2124 1166 terra,

549 1173 661 1239 jam
705 1190 882 1246 neque
925 1190 1075 1230 mors
1107 1192 1285 1247 neque
1317 1179 1514 1235 infern‘i
1548 1183 1919 1253 dominantur,
1952 1189 2126 1260 siqui-

508 1280 513 1285 '
553 1264 674 1317 dem
710 1277 1070 1322 evomuerunt
1101 1284 1241 1336 quos
1273 1273 1527 1328 tenebant
1561 1277 1829 1345 captivos.

622 1352 733 1409 Piae
762 1371 889 1427 erga
917 1356 1087 1410 Deum
1120 1360 1396 1426 mulieres,
1420 1362 1549 1431 quid
1575 1364 1820 1431 quaeritis
1845 1363 2121 1421 Christum

555 1456 614 1501 ιιι
674 1460 952 1505 mortuum
1006 1451 1061 1506 in
1122 1454 1413 1523 sepulcro?
1467 1455 1713 1512 Surrexit
1766 1460 1978 1528 sepulto
2036 1460 2125 1514 hie

554 1556 716 1612 quam
761 1543 1181 1603 Itabebat‘mors
1224 1546 1413 1615 fetore,
1451 1548 1727 1619 bonasque
1766 1553 1979 1620 paravit
2038 1566 2124 1607 se-

557 1634 719 1690 mitas
746 1636 1095 1693 credentibus
1129 1639 1182 1692 in
1217 1655 1296 1694 se.

623 1723 1061 1797 Oimmaculata,
1093 1745 1223 1800 roga
1271 1730 1545 1786 Christum
1588 1747 1863 1802 egressum
1916 1749 1945 1789 e
1998 1734 2122 1790 sinu

2241 640 2473 711 λέγουσα
2493 650 2506 665 ⁸
2525 648 2748 722 Ἀνέστη
2782 653 2811 704 6
2841 652 3062 725 Κύριος.

2485 740 2603 808 Τὴν
2625 744 2794 798 θείαν
2818 744 3125 814 ἐννοήσας
3148 764 3265 804 σου
3292 751 3575 809 κένωσιν.

2309 829 2412 881 Τὸν
2451 829 2575 899 ὅφιν
2616 834 2710 886 ἐπὶ
2743 834 2904 901 ξύλου
2953 837 3261 908 ὲνέκρωσας
3290 882 3303 906 ,
3324 843 3418 895 καὶ
3445 843 3732 913 λογισθεὶς
3765 851 3813 902 ἐν

2235 919 2346 981 τοῖς
2377 924 2614 990 νεκροῖς,
2653 925 2680 977 6
2709 926 2765 977 ὲν
2796 927 3009 997 νεκροῖς
3045 926 3120 980 ὢν
3147 928 3452 1006 ἐλεύθερος,
3494 933 3812 1009 ἐλευθερίαν

2238 1012 2506 1082 παρέσχες
2528 1013 2837 1086 δεσμώταις
2870 1018 2981 1082 τοῖς
3016 1019 3195 1072 ἐκεῖσε
3223 1021 3591 1093 ὑπάρχουσιν.

2316 1105 2374 1160 ’0
2408 1106 2609 1178 Κύριος
2640 1110 2825 1178 σαφῶς
2870 1109 3235 1179 ἐϐασίλευσεν,
3276 1114 3639 1182 ἁγαλλιάσθω
3673 1121 3809 1174 πᾶσα

2233 1194 2329 1265 γῆ,
2356 1197 2415 1249 οὐ
2440 1198 2683 1268 κυριεύει
2705 1203 2733 1253 6
2760 1200 3009 1265 θάνατος,
3040 1203 3100 1255 ού
3132 1202 3406 1274 βασιλεύει
3440 1209 3468 1261 ὁ
3494 1207 3644 1280 ᾅδης
3676 1226 3691 1239 .
3725 1212 3809 1275 οὓς

2233 1280 2346 1356 εἶχε
2375 1288 2484 1358 γὰρ
2517 1290 2775 1361 δεσμίους
2810 1291 3099 1364 ἐξήμεσεν.
3646 1360 3649 1363 _

2301 1378 2559 1444 Γυναῖκες
2582 1382 2718 1451 μετὰ
2748 1381 2935 1455 μύρων
2957 1384 3243 1456 θεόφρονες
3265 1388 3319 1441 τε
3342 1390 3397 1443 ὲν
3428 1390 3507 1462 τῷ
3524 1392 3714 1465 τάφῳ,
3738 1395 3804 1458 ὡς

2232 1468 2441 1541 θνητὸν,
2463 1473 2697 1543 Χριστὸν
2719 1473 2933 1547 ζητεῖτε
2956 1495 2971 1544 ;
3006 1477 3324 1549 ἐγήγερται,
3348 1480 3408 1534 τὸ
3436 1482 3538 1538 τοῦ
3575 1483 3801 1540 θανάτου

2233 1561 2468 1628 δυσῶδες
2496 1558 2764 1636 ὲνθάψας,
2786 1567 2881 1621 καὶ
2908 1568 3432 1641 πιστοὺςήεύωδὶασε.

2299 1749 2534 1821 Χριστὸν
2559 1752 2649 1805 τὸν
2681 1752 3012 1825 προελθόντα
3048 1761 3110 1812 ὲκ
3141 1722 3352 1831 μήτρας
3379 1777 3496 1825 σου,
3532 1763 3633 1815 καῖ¹
3668 1781 3795 1834 παρ-

555 1816 673 1882 ιίιο,
716 1826 769 1873 et
804 1820 1004 1876 intacta
1042 1829 1253 1876 servata
1303 1824 1609 1893 virginitate
1643 1825 1694 1878 in
1734 1825 1903 1896 gloria
1939 1842 2123 1883 resur-

2240 1816 2421 1904 θενίας,
2458 1816 2736 1914 μηδαμῶς.
2762 1850 3059 1919 σφραγῖδας
3104 1816 3362 1917 λύσαντα,
3402 1816 3667 1923 ἄχραντε,

554 1915 794 1977 gentem,
833 1919 888 1963 ut
923 1911 1103 1965 omnia
1137 1912 1405 1982 paciﬁcet.

773 2092 878 2157 Qui
905 2093 1121 2149 indutus
1150 2094 1346 2151 lumine
1367 2097 1519 2167 quasi
1549 2098 1871 2153 vestimento.

625 2181 727 2248 Qui
774 2191 827 2239 te
876 2186 1084 2240 invidia
1116 2189 1266 2243 cruci
1299 2187 1609 2254 aﬂixerunt,
1652 2189 1905 2245 foderunt
1938 2190 2057 2257 tibi,
2094 2205 2129 2247 ο

551 2274 710 2330 valde
752 2276 964 2346 patiens
997 2276 1273 2344 Salvator,
1320 2294 1516 2335 manus
1554 2289 1608 2335 et
1648 2280 1813 2352 pedes
1842 2283 2129 2340 carnitlces

554 2365 931 2437 dederuntque
963 2368 1150 2424 bibere
1180 2369 1253 2426 fel
1288 2382 1341 2426 et
1373 2380 1606 2427 acetum.
1636 2374 1647 2379 ⁷

624 2457 913 2522 Quomodo
946 2461 1039 2531 qui
1069 2461 1179 2515 vita
1202 2471 1284 2517 est
1304 2465 1513 2533 positus
1545 2473 1628 2521 est
1656 2466 1711 2522 in
1742 2469 2128 2523 monumento?

559 2549 836 2616 quomodo
870 2550 1077 2620 absque
1104 2550 1274 2607 halitu
1305 2553 1351 2609 is
1384 2569 1482 2624 per
1508 2570 1666 2625 quem
1699 2556 1911 2627 spirant
1939 2572 2128 2614 omnes

554 2626 828 2705 homines,
857 2642 946 2711 qui
983 2642 1221 2699 insumat
1249 2646 1412 2701 vitam
1444 2648 1674 2705 mortuis
1703 2626 1757 2705 et
1795 2649 2124 2720 redemptio-

560 2745 676 2785 nrm
696 2731 718 2785 ’ἒ
1282 2731 1291 2739 ’
1820 2738 1828 2745 ”

604 2821 778 2897 _Felix
833 2821 1042 2879 Pascha
1098 2840 1208 2896 quo
1262 2828 1433 2897 erepti
1484 2828 1550 2882 de
1606 2831 1722 2884 orci
1778 2827 2022 2884 latibulis
2074 2837 2130 2883 et

555 2915 786 2985 exempti
842 2929 871 2968 a
923 2916 1038 2970 dira
1096 2918 1357 2974 servitute
1407 2921 1459 2973 in
1512 2935 1695 2975 veram
1746 2920 2125 2991 promissionis

556 3017 756 3063 terram
794 3009 1043 3064 translati
1083 3012 1309 3065 smnus!

630 3099 811 3164 Salve,
848 3103 1050 3159 intacta
1085 3100 1274 3172 Virgo,
1315 3102 1385 3157 ab
1422 3103 1677 3158 omnibus
1718 3102 2005 3158 benedicta
2037 3110 2124 3157 ut-

560 3199 691 3260 pote
726 3193 965 3247 liheraus
999 3206 1099 3247 nos
1141 3208 1173 3247 a
1211 3194 1613 3259 maledictione,
1641 3210 1738 3265 per
1769 3210 1930 3266 quam
1964 3210 2124 3250 mun-

2157 1917 2200 1972 Β
2231 1931 2541 1987 ἀναστάντα
2609 1935 2666 1988 ὲν
2709 1917 2847 2010 δόξῃή
2874 1917 3125 1995 ’δυσώπει
3173 1917 3492 2015 εἰρηνεῦσανι
3539 1944 3613 1998 τὰ
3653 1917 3790 2016 γσύμ-

2231 2041 2431 2080 παντα.

2452 2117 2518 2170 ’0
2545 2117 3038 2190 ἀναϐαλλόμενος
3070 2123 3194 2194 φῶς
3220 2125 3302 2192 ὡς
3334 2128 3594 2198 ἱμάτιον.

2302 2206 2543 2279 Ὠρυξαν
2567 2209 2665 2273 τὰς
2690 2211 2877 2282 χεῖράς
2911 2229 3002 2265 σου
3025 2254 3041 2281 ,
3071 2214 3275 2287 Σῶτερ,
3309 2218 3403 2271 καὶ⁵
3437 2219 3609 2283 πόδας
3640 2237 3728 2274 σου
3747 2219 3789 2273 oi

2230 2294 2527 2364 θεοκτόνοι,
2563 2301 2655 2353 ἐπὶ
2686 2300 2918 2371 σταυροῦ
2955 2320 3014 2357 σε
3042 2305 3219 2377 φθόνῳ
3247 2310 3677 2382 άναρτήσαντες,
3708 2312 3787 2365 καὶ

2227 2386 2388 2459 χολὴν
2414 2390 2506 2443 καὶ
2525 2391 2645 2456 ὅξος
2672 2393 3009 2460 ποτίσαντες,
3050 2398 3389 2471 μακρόθυμε.

2311 2476 2375 2531 Ἦ
2420 2478 2534 2551 ζωὴ
2579 2481 2636 2534 ἐν
2694 2484 2937 2554 μνήματι
2990 2485 3107 2549 πῶς
3157 2488 3542 2556 κατατίθεται;
3587 2491 3785 2562 πνοὴνό

2222 2569 2362 2633 audiat
2395 2568 2605 2642 βροτοῖς
2632 2575 2885 2645 παρέχων
2914 2574 3116 2640 ἄπνους
3138 2579 3257 2642 πῶς
3288 2580 3656 2652 γνωρίζεταις
3689 2585 3783 2644 τοῖς

2228 2660 2439 2728 νεκροῖς
2465 2660 2712 2731 ἐμπνέων
2747 2662 2894 2735 ζωὴν
2932 2665 3024 2717 καὶ
3044 2666 3455 2739 άπολύτρωσιν;

2301 2841 2494 2913 Πάσχα
2522 2843 2582 2895 τὸ
2637 2847 2903 2916 μακάριον
2936 2846 3002 2900 δι’
3022 2840 3082 2900 οὗ
3128 2848 3431 2921 ἀνήλθομεν
3457 2853 3524 2907 ἐκ
3548 2855 3653 2925 γῆς
3676 2847 3781 2909 κευ-

2229 2935 2462 3017 θμόνων,
2513 2936 2704 3010 Πάσχα
2756 2939 2999 3003 δουλείας
3049 2939 3116 2993 δι’
3149 2936 3210 2995 οὗ
3254 2942 3659 3017 ὲλυτρὼθημεν,
3699 2945 3779 3000 καὶ

2226 3013 2558 3095 ἐπαγγελίας
2582 3030 2716 3101 πρὸς
2747 3032 2850 3103 γῆν
2879 3030 3325 3104 διεόιὸάσθημεν.

2296 3117 2543 3186 Χαίροις,
2575 3119 2913 3192 άπειρόγαμε
2956 3124 3050 3177 καὶ
3091 3123 3516 3197 παντευλόγητε,
3558 3126 3777 3198 κατάρας

2226 3207 2398 3273 λύσις,
2431 3207 2498 3262 δι’
2522 3204 2591 3281 ἦς
2623 3212 2650 3263 6
2679 3210 2882 3282 κόσμος
2908 3213 3105 3285 ἀνέστη
3124 3215 3219 3269 τοῦ
3244 3216 3551 3288 πτώματος,
3586 3221 3675 3274 καὶ
3700 3218 3776 3271 τοῦ

561 3283 704 3338 dusa
722 3283 874 3354 lapsu
900 3284 1156 3347 surrexit,
1177 3294 1231 3341 et
1254 3286 1509 3344 laudibus
1530 3289 1743 3345 extollit
1763 3288 2126 3346 resurrectio-

2240 3270 2489 3365 ζωοδύτου
2520 3270 2731 3371 δοξάζει
2752 3270 3196 3381 τήν-ἀνάστασιν.

560 3391 684 3432 nem
715 3378 898 3433 omnia
931 3380 1279 3437 viviﬁcantis.

875 3470 1101 3527 Furiosa
1134 3472 1331 3527 elatam
1364 3473 1609 3543 ﬂuctibus
1641 3474 1827 3527 maris.

628 3557 960 3627 Crucitlxus,
986 3577 1148 3633 quem
1176 3563 1452 3619 clauserat
1475 3562 1841 3616 inobedientia
1866 3559 2125 3632 aperuisti

560 3651 714 3716 mihi,
753 3650 880 3708 Jesu
911 3653 1150 3721 Christe,
1181 3654 1518 3725 paradisum,
1567 3662 1623 3709 et
1670 3666 1897 3720 surgens
1949 3660 2125 3706 tecum

560 3756 783 3813 surgere
806 3743 981 3799 fecisti
1012 3752 1244 3801 cunctos
1274 3745 1481 3800 ﬁdeles.
1858 3816 1863 3820 θ

627 3831 933 3890 Posucrunt
982 3845 1035 3891 te
1074 3836 1127 3891 in
1163 3837 1283 3891 lacu
1319 3834 1565 3891 inferiori
1607 3840 1880 3889 mortuum
1921 3831 2128 3902 absque

560 3939 727 3992 voce,
778 3930 904 3982 vitae
953 3927 1218 3994 datorem,
1274 3928 1367 3998 qui
1428 3926 1659 3982 mortuis
1721 3923 2006 3979 insumasti
2040 3936 2129 3977 re-

561 4018 981 4084 surrectionem,
1013 4020 1214 4090 quique
1274 4019 1327 4075 in
1380 4019 1597 4075 inferno
1653 4019 1910 4090 degentes
1955 4017 2130 4071 viviti-

558 4110 718 4163 casti.
1362 4124 1363 4127 ‘

630 4201 978 4272 Ejulautibus
1020 4207 1150 4262 olim
1192 4206 1446 4263 clamavit
1485 4207 1710 4276 angelus
1756 4206 2077 4262 mulieribus
2111 4224 2125 4260 :

464 4312 483 4323 ο
557 4292 811 4371 Christus
853 4298 1179 4362 resurrexit,
1212 4298 1306 4362 ite,
1345 4298 1663 4353 annuntiate
1708 4296 1829 4367 ejus
1880 4311 2130 4354 resurre-

557 4385 791 4437 ctionem
831 4387 1117 4455 apostolis.

629 4469 839 4527 Salutat
882 4481 954 4537 te,
999 4471 1185 4544 Virgo,
1223 4473 1479 4545 Magister
1530 4490 1829 4547 assurgens
1858 4491 1889 4532 e
1920 4477 2131 4532 tumulo

2659 3489 3040 3560 Μαινομένην
3081 3490 3358 3546 κλύδωνι.

2299 3577 2639 3650 Σταυρωθεὶς
2691 3580 2932 3652 ἀνέῳξας
2976 3582 3358 3653 κεκλεισμένον
3400 3587 3467 3656 τῇ
3509 3585 3771 3658 παρακοῇ,

2240 3667 2415 3739 Ἰησοῦ
2452 3670 2654 3739 Χριστέ
2707 3687 2833 3742 μου,
2860 3671 2952 3724 τὸν
3005 3674 3333 3743 παράδεισον
3357 3712 3371 3739 ,
3427 3674 3522 3727 καῖ¹
3563 3676 3772 3736 ἀναστὰς

2229 3758 2438 3822 πάντας
2466 3761 2692 3824 πιστοὺς
2728 3761 3151 3835 συνανέστησας.

2301 3847 2523 3903 Ἐθεντο
2556 3851 2615 3903 ὲν
2651 3851 2840 3924 λάκκῳ
2874 3869 2934 3907 σε
2982 3855 3280 3924 κατωτάτω
3320 3856 3532 3925 ἄφωνον
3564 3855 3769 3926 νεκρὸν,

2227 3938 2320 3993 τὸν
2352 3941 2565 4008 νεκροῖς
2597 3941 2903 4009 ἐμπνέοντα
2926 3945 3237 4013 ἀνάστασιν,
3259 3944 3522 4011 Ζωοδότα,
3548 3948 3643 4001 καὶ
3667 3947 3771 4007 τοὺς

2229 4032 2285 4085 ὲν
2309 4030 2408 4104 ᾄδῃ
2438 4031 2757 4097 ζωώσαντα.

2298 4207 2551 4273 Γυναιξὶν
2602 4198 2792 4281 ἐϐόησε
2844 4208 3242 4280 θρηνῳδούσαις
3274 4210 3505 4279 ἄγγελός
3537 4228 3685 4267 ποτε’
3727 4210 3774 4265 Ὅ

2230 4300 2461 4370 Χριστὸς
2484 4300 2814 4372 ἐγήγερταιο
2864 4301 3206 4372 πορεύθητε,
3246 4303 3565 4368 ἀποστόλοις
3609 4303 3774 4359 τούτου

2229 4391 2328 4463 τὴν
2357 4392 2574 4464 ἔγερσιν
2600 4395 2812 4451 εἴπατε.

2303 4483 2498 4552 Χαῖρε,
2542 4486 2624 4538 σοὶ
2679 4486 3127 4557 προσφθέγγεται
3174 4482 3249 4545 ὡς
3303 4483 3455 4556 αἰτίᾳ
3509 4483 3643 4556 οὔσῃ
3694 4481 3776 4551 τῆς

560 4569 618 4612 ιιι
649 4576 869 4615 causam
902 4571 1103 4617 nostra:
1134 4565 1333 4620 latitiae
1359 4582 1373 4621 :
1409 4566 1552 4636 apud
1575 4582 1698 4622 eum
1737 4566 1903 4622 funde
1918 4558 2129 4637 'preces

561 4662 655 4671 Μ-
692 4650 942 4671 ΝΛΜ
1744 4648 1749 4653 .

2240 4575 2427 4643 χαρᾶς,
2447 4576 2705 4644 ἀναστὰς,
2740 4577 3005 4648 Παρθένε,
3026 4576 3092 4627 ὲκ
3119 4573 3212 4626 τοῦ
3237 4575 3517 4645 μνήματος
3542 4580 3571 4631 6
3597 4573 3777 4629 Δεσπό-

561 4662 658 4718 pro
689 4650 946 4705 omnibus
974 4651 1153 4708 nobis.

697 4739 774 4794 Tu
808 4743 1230 4810 superexaltatus
1264 4745 1404 4801 Deus
1436 4758 1649 4815 patrum
1681 4759 2003 4801 nostrorum.

631 4830 1233 4902 lncomprehensibilis,
1268 4851 1437 4891 carne
1472 4821 1755 4914 assumpta
1786 4837 2135 4894 mortalitatis

560 4929 782 4986 nostrae,
815 4924 1064 4995 cruciﬂgi
1097 4925 1298 4993 voluit;
1331 4926 1569 4982 moriens
1604 4938 1832 4982 mortem
1865 4927 2136 4983 destruxit

560 5014 747 5069 volens
776 5028 879 5069 nos
911 5016 1073 5071 morti
1105 5016 1376 5072 obnoxios
1404 5015 1587 5090 facere
1615 5018 1973 5075 immortales.

625 5104 830 5161 Omnes
862 5104 1074 5160 festivis
1103 5106 1359 5162 cantibus
1391 5107 1733 5165 celebremus
1757 5109 1988 5178 Pascha,
2018 5118 2139 5182 post

464 5230 473 5239 -
560 5211 672 5256 tres
704 5199 822 5254 dies
864 5200 1106 5253 surrexit
1147 5198 1403 5257 Christus
1445 5218 1476 5257 e
1502 5214 1874 5271 monumento,
1908 5214 2139 5263 cunctos

560 5298 880 5353 illuminans
914 5296 1325 5352 conclamantes
1363 5313 1377 5351 :
1412 5295 1739 5369 Benedictus
1778 5312 1859 5362 es,
1889 5298 2134 5355 Domine.

632 5391 744 5445 Cur
774 5404 920 5444 nunc
952 5388 1185 5445 eﬂundis
1230 5387 1388 5445 ﬂetus
1440 5362 1676 5453 aniaros,
1709 5402 1743 5443 ο
1772 5391 1987 5459 mulier,
2022 5393 2138 5448 aie-

565 5485 656 5540 bat
714 5483 971 5545 Christus
1036 5484 1244 5555 Virgini
1308 5484 1465 5554 juxta
1547 5494 1960 5540 monumentum
2025 5488 2137 5542 haec

565 5577 869 5635 modulanti
907 5599 928 5639 ι
960 5578 1287 5636 Benedictus
1319 5592 1400 5643 es,
1439 5576 1687 5633 Domine.

641 5665 767 5720 Sola
821 5678 949 5725 ante
1004 5670 1141 5724 alias
1200 5667 1455 5722 mulieres
1515 5665 1878 5736 contemplata
1931 5676 2017 5723 est
2062 5677 2135 5735 te,

567 5756 801 5822 Christe.
860 5763 1142 5830 splendide
1193 5769 1567 5832 assurgentem
1623 5761 1692 5816 de
1744 5760 1973 5823 tumulo,
2012 5778 2139 5818 san-

571 5844 813 5901 ctissima
842 5849 1026 5922 Virgo,
1059 5853 1408 5922 suscepitque
1434 5853 1500 5908 ab
1526 5867 1621 5908 ore
1654 5860 1748 5906 tuo
1779 5853 2029 5907 salutem.

2235 4682 2356 4735 της,
2385 4667 2443 4719 ὃν
2473 4668 2614 4737 ὑπὲρ
2645 4670 2863 4722 πάντων
2895 4670 3125 4723 ἱκέτευε.

2388 4757 2442 4811 '0
2464 4761 2962 4830 ὑπερυψούμενος
2992 4765 3112 4819 τῶν
3137 4768 3406 4834 πατέρων
3427 4766 3657 4832 Κύριος.

2317 4846 2378 4901 Ὀ
2411 4849 2513 4903 ἀπε
2525 4851 2768 4921 ρινόητος
2798 4853 2978 4924 σάρκα
2998 4857 3356 4927 ἐνδυσάμενος
3385 4855 3618 4926 σταυρὸν
3662 4865 3774 4905 κατ-

2237 4937 2490 5005 εδέξατο,
2524 4940 2618 4992 καὶ
2662 4938 3096 5007 θάνατον,ὥλεσε
3138 4946 3353 5016 Θανάτῳ
3387 4945 3516 5009 τοὺς
3550 4943 3778 5000 θανόντας

2240 5028 2521 5099 βουληθεὶς
2548 5031 2892 5087 άθανατὶσαι.

2310 5118 2506 5192 Πάσχα
2531 5123 2564 5191 ἠ
2596 5122 2906 5196 πανήγυρις
2929 5129 3131 5186 πάντες
3160 5121 3529 5195 ὲορτάσωμεν,
3569 5115 3777 5187 Χριστὸς

2241 5211 2305 5264 ὲκ
2337 5210 2431 5263 τοῦ
2468 5214 2748 5283 μνήματος
2772 5217 2984 5289 ἠγέρθη
3014 5220 3310 5291 τριήμερος
3333 5252 3348 5279 ,
3390 5212 3637 5283 φωτίζων
3673 5208 3777 5266 τοὺς

2243 5300 2501 5371 βοῶντας·
2540 5304 2598 5358 '0
2618 5304 2770 5373 Θεὸς,
2803 5309 3090 5378 εὐλογητὸς
3123 5303 3195 5362 εἴ.

2310 5393 2496 5459 Γύναι,
2523 5395 2576 5449 τι
2603 5399 2715 5460 τοῖς
2753 5397 2985 5465 δάκρυσι
3024 5395 3238 5468 πικρῶς
3284 5394 3381 5448 νῦν
3429 5393 3776 5463 συγκέχυσαιὶ

2239 5485 2473 5556 Χριστὸς
2494 5487 2873 5558 ἀπεφθέγγετο
2892 5489 3120 5561 πλησίον
3142 5487 3237 5542 τοῦ
3259 5486 3543 5558 μνήματος
3558 5488 3620 5557 τῇ
3649 5482 3776 5552 Κόρῃ

2243 5577 2575 5653 μελῳδούσῃ·
2615 5580 2672 5634 Ὀ
2700 5581 2851 5648 Θεὸς,
2879 5581 3169 5652 εὐλογητὸς
3195 5573 3267 5635 εἰ.

2308 5671 2460 5742 Μόνη
2476 5657 2709 5743 πρὸττῶν
2725 5674 2899 5728 ἄλλων
2915 5692 2974 5727 σε
3000 5677 3273 5743 γυναικῶν
3294 5672 3563 5740 τεθέαται,
3582 5670 3777 5747 Χριστὶο

2240 5762 2305 5814 ἐκ
2331 5761 2424 5813 τοῦ
2462 5764 2740 5835 μνήματος
2769 5765 2987 5838 ὡραίως
3020 5772 3374 5844 ἁστράψαντα
3392 5816 3406 5842 ,
3436 5775 3468 5844 ή
3500 5773 3632 5845 μόνη
3659 5781 3770 5821 παν·

2241 5851 2372 5921 αγία
2393 5854 2742 5911 ἐπακούσασα
2772 5859 2850 5926 τὸ,
2883 5863 3073 5935 Χαῖρε.
