3986 6236
305 147 437 214 3921
1703 138 2111 203 TRIODIUM.
2358 128 2367 139 ‘
3411 137 3549 199 3932

786 259 885 316 Σοὶ
915 255 996 323 τῷ
1023 253 1401 327 παντουρτῷ.
1716 342 1727 347 _
1853 343 1864 347 _
1898 256 1947 312 Δ
2049 342 2090 347 η
2258 250 2360 347 Tib:

1898 256 1947 312 Α
2258 250 2374 308 Tibi
2400 264 2492 318 per
2526 265 2677 320 quam
2708 248 2889 303 omnia
2918 249 3064 318 facta
3096 255 3236 347 sunt;

376 354 444 408 Σὲ
495 355 588 408 τὸν
638 351 974 422 παντουργὸν
1009 344 1383 421 ἀναρτηθέντα
1437 343 1578 415 ξύλῳ
1614 342 1775 414 χολὴν
1818 343 1868 396 οἱ

2049 342 2244 398 Hostes
2291 341 2526 411 improbi
2582 340 2675 411 qui
2730 339 2860 394 olim
2915 339 2970 393 in
3026 338 3244 395 deserto
3305 340 3549 395 sitientes

306 447 615 517 παράνομοι
643 447 735 517 ὲχθ
746 446 828 518 pol.
843 443 1113 509 ἑπότιζον,
1134 442 1265 514 μέλι
1289 440 1351 493 ὲκ
1369 438 1573 506 πέτρας
1603 433 1871 504 θηλάσαν-

2043 441 2236 487 xerunt
2271 433 2373 489 mel
2404 431 2470 487 de
2506 439 2656 501 petra
2708 430 2965 486 mandato
2990 440 3107 495 tuo,
3145 432 3267 497 tibi,
3304 430 3550 495 Christe,
3607 426 3612 437 ⁴

313 556 426 602 τες,
459 536 723 607 διψῶντες
751 538 919 592 πάλαι
952 537 1009 590 ὲν
1034 535 1225 607 ἐρήμῳ
1250 528 1318 603 τῇ
1350 531 1440 602 σῇ,
1469 526 1690 598 Χριστὲ,
1710 540 1872 595 προσ-

1977 539 2073 593 per
2124 538 2283 593 quem
2336 521 2519 577 omnia
2565 530 2778 590 patrata
2813 529 2962 585 sunt,
3000 538 3126 576 cum
3159 521 3437 592 pendebas
3485 524 3551 577 de

305 634 476 700 τάξει,
1977 628 2142 669 cruce
2171 618 2537 700 porrexerunt
2580 610 2649 700 iel
2681 610 2891 670 bibere.

374 698 678 796 Νέκρωσιν,
715 720 937 793 Χριστὲ,
966 717 1061 772 ἐπὶ
1107 710 1341 786 σταυροῦ
1374 709 1644 781 ὑπέστης,
1693 706 1870 770 τεθεὶς

2049 702 2253 759 Passus
2287 717 2369 767 es,
2404 716 2437 756 ο
2480 698 2717 765 Christe,
2761 711 2990 759 mortem
3028 704 3231 771 crucis,
3272 704 3551 775 depositura

305 813 362 867 δὲ
404 814 464 867 ὲν
496 815 734 884 μνήματι
789 808 981 880 νεκρὸς
1030 807 1329 878 τριήμερος
1380 800 1590 862 πάντας
1637 796 1871 866 ἐγείρεις

1980 802 2160 850 autem
2197 796 2252 850 in
2286 799 2536 866 sepulcro
2570 795 2861 862 exanimis,
2905 811 3105 851 omnes
3147 811 3179 851 a
3222 796 3422 851 saeculo
3459 797 3553 852 de-

307 901 536 972 νεκροὺς
555 896 653 956 Ἀπ’
681 900 897 965 αἰῶνος,
913 893 1410 969 ἀνυμνολογοῦντας
1436 890 1538 962 τὴν
1570 890 1668 961 σὴν
1686 887 1873 958 φιλαν-

1980 884 2196 942 functos
2223 895 2346 955 post
2382 895 2491 944 tres
2525 888 2642 945 dies
2675 886 2932 952 suscitas,
2974 893 3125 943 tuam
3163 886 3381 958 hymnis
3413 887 3553 946 cele-

310 990 577 1061 θρωπίαν.
1350 1027 1354 1031 -

1350 1027 1354 1031 ,
1978 976 2202 1031 hrantes
2236 978 2687 1035 miseriCordiam.

380 1077 565 1145 Δεῦτε,
600 1079 876 1150 μυστικῶς
927 1074 1225 1145 ἀλαλαγμῷ
1258 1075 1320 1127 ὲν
1382 1069 1499 1141 Θεῷ
1551 1070 1648 1133 τὰς
1684 1071 1872 1140 χεῖρας

2051 1066 2264 1135 Venite,
2296 1069 2620 1138 plaudamus
2665 1071 2944 1138 manibus,
2981 1084 3142 1131 sacro
3179 1078 3234 1125 et
3276 1070 3553 1127 modulato

307 1174 682 1244 κροτήσωμεν,
713 1174 806 1225 καὶ
837 1169 1255 1243 μελῳδήσωμεν,
1284 1164 1469 1218 Πάντα
1496 1162 1564 1218 τὰ
1590 1163 1748 1234 ἔργα,
1781 1163 1874 1216 τὸν

1980 1159 2223 1216 carmine
2237 1159 2539 1229 iubilantes
2573 1164 2818 1222 dicamus
2852 1182 2867 1219 :
2897 1161 3092 1218 Omnia
3121 1177 3287 1233 opera
3310 1161 3550 1227 Domini,

309 1262 514 1334 Κύριον
543 1262 785 1331 ὑμνεῖτε.

1981 1248 2199 1305 laudate
2232 1249 2542 1309 Dominum.

378 1352 604 1420 Χαίρεις
630 1353 695 1405 ἐκ
717 1351 928 1421 νεκρῶν
955 1350 1047 1403 τὸν
1077 1347 1318 1417 Κτίστην
1340 1345 1652 1412 κατιδοῦσα,
1680 1344 1871 1415 ’Δγνὴ,

2048 1337 2287 1408 Gaudes,
2340 1356 2374 1398 ο
2428 1342 2800 1412 immaculata,
2854 1362 3085 1405 cernens
3145 1348 3457 1405 Creatorem
3521 1364 3548 1400 a

308 1442 675 1512 ἐγειρόμενον,
711 1443 804 1496 καὶ
839 1443 974 1495 πᾶσι
1003 1440 1232 1511 νέμοντα
1261 1438 1422 1511 χάριν
1458 1438 1607 1510 ζωήν
1634 1453 1695 1491 τε
1716 1476 1730 1499 ,
1781 1436 1874 1495 καλ

1980 1433 2213 1489 mortuis
2239 1435 2564 1492 suscitatam
2598 1439 2829 1508 gratiam
2868 1450 2922 1496 et
2959 1441 3126 1499 vitam
3162 1451 3216 1495 et
3247 1441 3549 1496 libertatem

308 1531 404 1602 τὴν
441 1533 753 1607 ἐλευθερίαν
795 1536 907 1596 τοῖς
960 1530 1315 1603 ὁμολογοῦσιν
1367 1530 1537 1589 αὑτὸν,
1579 1529 1713 1584 Θεὸν
1764 1528 1874 1598 τῶν

1981 1522 2403 1581 distribuentem
2447 1531 2705 1591 omnibus
2741 1532 2831 1603 qui
2874 1522 3215 1604 proclamant
3253 1532 3405 1587 illum
3439 1547 3552 1588 om-

310 1622 466 1679 ὅλων.
1771 1622 1779 1631 ’

1771 1622 1779 1631 '
1906 1620 1952 1676 Β
1979 1611 2129 1671 nium
2157 1629 2280 1685 quae
2311 1624 2440 1671 sunt
2467 1616 2658 1675 Deum.

345 1724 351 1731 ‘
851 1713 1081 1784 Ἦσαΐα,
1113 1717 1340 1788 χόρευε.

2518 1707 2718 1777 Isaias,
2740 1711 2932 1766 choros
2963 1729 3075 1782 age.

392 1801 453 1859 Ὀ
504 1805 735 1876 Χριστὸς
796 1807 1094 1878 ἐγήγερται
1140 1807 1455 1869 καταλύσας
1531 1804 1736 1875 κράτος
1785 1800 1892 1857 τοῦ.

1980 1818 1981 1821 η
2054 1795 2311 1855 Christus
2355 1802 2681 1869 resurrexit,
2712 1802 2995 1858 destructo
3053 1803 3229 1858 hostis
3288 1804 3554 1872 imperio;

316 1894 571 1965 Ἥχθροῦ·
598 1896 977 1966 εὐφραίνεσθε,
1007 1897 1250 1968 οὐρανοὶ,
1274 1896 1486 1967 χόρευε,
1510 1896 1552 1965 ή
1573 1893 1668 1963 γῆ.
1699 1891 1884 1945 οὐκέτι

1985 1887 2434 1957 lmtamini,cmli,
2474 1894 2710 1960 exsulta,
2749 1895 3059 1963 terra;jam
3093 1911 3200 1950 non
3243 1896 3557 1951 dominatur

312 1989 339 2036 ὁ
371 1985 595 2049 θάνατος
627 1986 922 2056 βασιλεύει·
968 1987 1062 2049 οὓς
1124 1986 1234 2058 γὰρ
1279 1983 1501 2056 πονηρῷ
1540 1984 1732 2056 κράτει
1769 1981 1884 2036 ἐδέ-

1985 1996 2166 2051 mors;
2202 1984 2279 2039 illi
2308 1985 2473 2052 enim,
2498 1995 2771 2040 annuente
2798 1985 3052 2053 Domino,
3075 1988 3245 2058 erepti
3272 1996 3394 2043 sunt
3419 2004 3557 2058 quos

317 2093 571 2146 σμευσεν,
596 2077 842 2149 ἀφῃρέθη
875 2078 1003 2150 θείῳ
1033 2078 1283 2149 νεύματι.

1983 2075 2229 2145 potentia
2262 2075 2468 2131 crudeli
2502 2077 2722 2133 tenebat
2758 2078 3058 2134 devinctos.

386 2168 666 2222 Γυναικῶν
698 2168 995 2238 κατάλογος
1031 2169 1356 2241 μυροφόρων
1402 2167 1572 2238 τάφον
1602 2168 1700 2238 τῆς
1738 2164 1885 2234 ζωῆς

2053 2164 2343 2221 Tumulum
2390 2168 2512 2236 ejus
2571 2169 2662 2239 qui
2721 2170 2845 2225 vitae
2898 2180 2983 2225 est
3039 2171 3255 2241 praevia
3320 2170 3560 2226 tulerunt

316 2256 658 2329 προέφθασεν
711 2260 768 2313 ἐν
839 2260 1041 2332 σπουδῇ
1097 2258 1243 2331 μύρα
1302 2258 1562 2331 ἐμφανῶς
1639 2258 1884 2328 κομίζων

1985 2255 2245 2312 mulieres
2295 2266 2541 2313 aromata
2590 2260 2655 2313 ad
2708 2261 3015 2331 ungendum
3061 2269 3114 2317 te
3159 2262 3396 2317 divinam
3433 2278 3558 2315 ατο-ο

323 2347 550 2425 μυρίσαι
586 2366 643 2402 σε
688 2349 779 2404 τὸν
804 2351 912 2404 τῶν
949 2350 1138 2422 μύρων
1173 2351 1316 2405 θεῖον
1344 2349 1634 2423 μυρισμόν·
1660 2347 1884 2417 ἐξανασ-

1990 2356 2190 2404 matum
2246 2348 2628 2429 fragrantiam,
2680 2346 2839 2423 teque
2890 2354 3262 2411 resurrexisse
3310 2354 3564 2410 videntes

319 2441 485 2494 τάντα
516 2440 573 2493 δὲ
612 2441 845 2496 κατιδών
877 2460 935 2496 σε
967 2442 1286 2514 ὲμεγάλυνε.

888 2460 935 2496 τε
967 2442 1286 2514 ὲμεγάλυνε.
1957 2452 1961 2457 ‘
1984 2441 2462 2497 concelebraruut.

387 2533 560 2602 Δεκτὴ
586 2535 651 2605 ἢν
668 2535 923 2605 ἐποίησεν
940 2538 966 2589 ὁ
984 2536 1260 2606 Δεσπότης
1285 2534 1490 2609 Κύριος
1513 2533 1663 2588 ἐστὶν
1702 2532 1885 2604 ἡμέρα

2051 2531 2177 2586 Dies
2207 2539 2292 2588 est
2340 2534 2691 2604 acceptabilis
2733 2551 2896 2607 quam
2943 2535 3074 2592 fecit
3121 2535 3404 2594 Dominus.
3444 2536 3560 2592 dies

320 2621 623 2691 περιφανὴς
669 2621 764 2677 καὶ
798 2624 1149 2696 περικαλλής·
1189 2626 1247 2677 ὲν
1281 2624 1456 2696 ταύτῃ
1511 2622 1884 2695 χορεύσωμεν,

1988 2623 2317 2694 perillustris
2360 2632 2414 2679 et
2460 2625 2852 2696 celeberrima;
2894 2628 3233 2685 exsultemus
3280 2630 3355 2683 in~
3384 2643 3467 2695 ea,
3509 2642 3562 2683 et

318 2713 652 2778 ὲκΰοῶντες,
709 2714 954 2768 Δέσποτα
1000 2717 1204 2788 Χριστὲ
1229 2757 1245 2782 ,
1284 2716 1458 2769 σῶσον
1498 2714 1625 2779 τοὺς
1668 2712 1887 2777 δούλους

1987 2714 2393 2770 conelamemus
2436 2732 2451 2770 :
2495 2715 2719 2774 Domine
2754 2717 2987 2787 Christe,
3032 2721 3213 2777 salvos
3252 2720 3338 2776 l'ac
3371 2736 3561 2777 servos

322 2823 435 2867 σου,
458 2807 584 2869 τοὺς
615 2806 671 2859 ἐν
709 2808 886 2860 πίστει
912 2807 1352 2877 προσκυνοῦντάς
1386 2824 1466 2863 σε.

1189 2807 1352 2872 ῦντάς
1386 2824 1466 2863 σε.
1989 2813 2112 2859 tuos
2145 2803 2436 2885 adorantes
2466 2812 2519 2860 te
2548 2805 2603 2860 in
2638 2806 2762 2865 llde.

391 2900 695 2972 Παρθενίας
756 2902 1008 2956 κάλλεσιν
1055 2901 1362 2974 ὡραιὼθης,
1393 2903 1631 2973 ἄχραντε
1699 2899 1836 2970 ἁγνὴ
1867 2937 1883 2965 ,
1916 2958 1954 2974 Α

2059 2897 2360 2955 Purissima
2381 2898 2567 2968 Virgo,
2593 2900 2724 2958 ﬂore
2746 2902 3075 2974 virginitatis
3098 2904 3376 2972 decorata,
3393 2905 3560 2961 Deum

320 2991 552 3045 τεκοῦσα
585 2991 674 3055 τὸν
717 2994 946 3063 ποιητὴν
995 2994 1213 3048 πάντων
1264 2993 1360 3046 καὶ
1407 2992 1561 3056 Θεὸν,
1610 2991 1704 3045 τὸν
1752 2989 1885 3063 ᾅδην

1987 2994 2249 3062 peperisti
2301 2998 2547 3053 omnium
2595 3004 2922 3061 creatorem,
2960 2998 3160 3055 devicti
3209 3000 3561 3071 spoliatorem

327 3080 691 3135 σκυλεύσαντα
723 3084 815 3136 καὶ
843 3086 953 3147 τοῖς
986 3087 1201 3155 νεκροῖς
1237 3084 1471 3156 νέμοντα
1499 3083 1673 3155 ζωὴν,
1703 3075 1764 3137 οὗ
1786 3083 1885 3153 τὴν

1988 3082 2207 3152 ἱηίίῖιινιὶ⁵
2245 3087 2722 3159 viviﬁcantemque
2772 3098 3019 3146 mortuos
3066 3098 3216 3145 tuam
3274 3091 3361 3161 pie
3415 3091 3562 3148 cele-

322 3174 619 3243 ἁνᾴστασιν
643 3175 945 3247 θεοφρόνως
972 3176 1322 3255 ἑορτάζομεν.

1151 3177 1322 3255 ζομεν.
1987 3173 2139 3229 bram
2149 3192 2210 3232 us
2244 3180 2725 3235 resurrectionem.

836 3267 1129 3336 Τμηθεῒσα
1150 3267 1385 3338 tacitas.

2514 3270 2698 3327 Divisa
2732 3271 3009 3354 dividitur.

390 3358 632 3429 Μωῡσῆς
672 3357 869 3413 ἐτύπου
917 3359 1080 3414 πάλαι
1124 3378 1217 3414 σου
1244 3400 1258 3427 ,
1306 3361 1546 3433 Χριστὲ,
1601 3360 1697 3431 τὴν
1738 3360 1889 3414 θείαν

2060 3354 2273 3428 Moyses
2331 3365 2639 3427 serpentem
2701 3361 2919 3432 erigens
2977 3361 3229 3433 ﬁguravit
3288 3360 3415 3416 olim
3470 3370 3561 3423 te,

326 3452 652 3524 σταύρωσιν,
698 3452 789 3506 τὸν
823 3452 944 3523 ὅφιν
984 3452 1221 3522 ἀνυψῶν·
1264 3452 1359 3507 καὶ⁷
1398 3452 1516 3523 γὰρ,
1554 3450 1890 3523 σταυρωθεπς

1989 3447 2224 3516 Christe,
2256 3451 2578 3503 crucilixum
2619 3453 2812 3508 :cruci
2861 3453 3006 3507 enim
3060 3453 3252 3507 aﬂixus
3301 3453 3563 3524 aperuisti

284 3543 564 3614 «ἀνέῳξας
607 3545 737 3615 ἡμῖν
813 3544 907 3597 τοῦ
960 3545 1289 3616 παραδείσου
1348 3544 1542 3609 πύλας·
1601 3542 1779 3607 τεθεὶς
1831 3542 1858 3595 δ

1992 3540 2170 3604 nobis,
2204 3540 2473 3611 Salvator,
2501 3543 2741 3616 paradisi
2787 3551 2996 3615 portas,
3031 3552 3084 3597 et
3124 3544 3341 3614 positus
3380 3544 3432 3598 iu
3479 3561 3566 3599 se-

326 3634 512 3704 ιτεσπερ
543 3634 734 3705 νεκρὸς
761 3636 819 3687 ὲν
848 3634 925 3704 τῷ
944 3637 1184 3706 μνήματι
1211 3635 1441 3706 νεκροὺς
1461 3635 1900 3703 συνανέστησαςλ

1990 3634 2182 3712 pulcro
2214 3641 2273 3689 ut
2312 3644 2565 3692 mortuus
2598 3647 2843 3693 mortuos
2876 3645 3054 3691 tecum
3100 3651 3329 3706 surgere
3365 3636 3562 3704 iecisti,

327 3725 419 3783 καὶ
451 3724 582 3796 ᾅδην
616 3723 962 3793 ἐγύμνωςας.

1992 3727 2464 3797 depopulatusque
2494 3743 2555 3784 es
2584 3728 2808 3784 inferos.

395 3816 632 3888 Χριστὸς
655 3816 875 3888 ἀνέστη·
922 3814 1164 3884 ᾁσωμεν,
1190 3814 1332 3883 λαοὶ,
1370 3816 1465 3870 καὶ
1498 3816 1893 3887 μεγαλύνωμεν

2063 3818 2315 3872 Christus
2352 3818 2677 3884 resurrexit,
2707 3819 2913 3890 populi,
2954 3828 3151 3876 cantus
3198 3819 3424 3876 edamus
3471 3820 3565 3875 lae-

323 3909 384 3963 τὸ
413 3909 585 3979 ὄνομα
614 3906 803 3973 αὐτοῦ,
832 3906 926 3965 καὶ
952 3908 1320 3978 χορεύσωμεν,
1345 3908 1438 3962 καὶ
1462 3908 1723 3980 ψάλωμεν
1744 3910 1892 3981 αύτῷ

1995 3908 2126 3963 lilia:
2158 3916 2211 3963 et
2247 3911 2583 3969 exsultemus
2613 3920 2667 3968 et
2699 3911 3001 3980 psallamus
3043 3911 3117 3965 illi
3165 3922 3224 3966 ut
3263 3911 3563 3967 inferorum

329 4000 531 4063 πιστῶς
552 4000 627 4064 ὡς
652 4003 844 4070 νικητῇ
873 3999 965 4052 τοῦ
996 3999 1142 4070 ᾅδου·
1170 4002 1262 4054 καὶ
1287 4000 1570 4071 βοήσωμεν
1600 4001 1890 4073 λαμπρῶς,

1994 3994 2211 4057 victori,
2253 3996 2662 4070 clamemusque
2710 4007 2895 4069 aperte
2928 4016 2943 4053 :
2981 3996 3249 4055 Surrexit.
3284 3998 3564 4066 Dominus,

310 4092 581 4164 ,Ἐξεγήγε
590 4108 711 4164 ρται
730 4093 758 4145 ὁ
774 4090 855 4146 Κύ
865 4108 997 4162 ριος,
1011 4090 1248 4156 ἅπαντες
1261 4092 1499 4164 φαιδρῶς
1521 4094 1576 4146 έο
1584 4093 1884 4164 ρτάσωμεν.

1525 4093 1901 4164 ἑορτάσωμεν,
1995 4088 2135 4143 diem
2169 4087 2310 4143 hanc
2340 4090 2499 4144 hilari
2527 4093 2710 4146 animo
2740 4091 3099 4148 celebremus.

411 4183 781 4254 Ἀγαλλιάσθω
832 4182 1021 4238 ἅπασα
1069 4184 1102 4253 ἡ
1144 4185 1248 4254 γῆ,
1305 4184 1541 4256 Χριστὸς
1597 4184 1894 4257 ἐγήγερται

2066 4180 2303 4238 Laetetur
2340 4184 2521 4240 omnis
2555 4194 2725 4249 terra,
2753 4182 3007 4239 Christus
3049 4184 3349 4243 resurrexit
3379 4200 3565 4240 secum

327 4275 553 4343 ζωώσας
568 4275 695 4340 τοὺς
718 4272 965 4346 νεκρούς·
991 4277 1389 4346 μυροφόροιςτε
1415 4275 1496 4328 τό·
1515 4273 1770 4344 Χαίρετε,
1795 4274 1896 4347 βοᾷ

2001 4276 2340 4331 resuscitans
2391 4279 2639 4330 mortuos
2678 4292 2691 4328 :
2725 4289 2997 4345 apparens
3042 4275 3275 4344 primum
3322 4275 3571 4330 tnulicri~

328 4368 520 4432 αὑταῖς
555 4365 912 4438 ἐμφανισθεὶς
940 4366 1001 4419 τὸ
1023 4364 1263 4435 πρῶτον,
1295 4366 1515 4432 "Amce,
1561 4368 1895 4437 παρεγγυῶν

1999 4368 2098 4420 bus
2129 4383 2248 4437 qua:
2277 4367 2518 4423 ferebant
2540 4376 2803 4431 aromata,
2832 4366 2908 4419 ait
2939 4366 3047 4421 illis
3080 4385 3093 4421 :
3125 4365 3390 4432 Gaudete,
3425 4367 3572 4422 festi-

330 4458 423 4519 νῦν
451 4462 562 4522 τοῖς
591 4458 767 4527 φίλοις
797 4473 900 4528 μου
924 4454 1022 4528 τὴν
1048 4455 1199 4511 θείαν
1222 4470 1325 4527 μου
1341 4456 1559 4528 ἔγερσιν
1589 4458 1897 4524 σπουδαίως

1997 4463 2193 4510 nauter
2224 4457 2487 4512 abeuntes
2529 4471 2704 4512 meam
2749 4455 3072 4511 annuntiate
3105 4446 3571 4516 resurrectionem

331 4572 399 4621 κη
410 4552 626 4619 ρύξατε.
1208 4576 1217 4581 ~
1380 4601 1391 4608 .

1208 4576 1217 4581 ~
1380 4601 1391 4608 ,
1999 4546 2195 4602 amicis
2224 4548 2394 4617 meis.

400 4645 591 4713 Χαῖρε,
618 4642 816 4714 χωρίον
843 4640 935 4694 τοῦ
970 4638 1343 4710 Δημιοοδργοῦ,
1384 4642 1565 4712 χαῖρε,
1594 4640 1896 4711 παράδεισε

2072 4637 2267 4704 Salve,
2318 4628 2627 4696 castissima
2686 4637 2882 4710 Virgo,
2943 4638 3200 4710 praedium
3255 4641 3568 4705 Creatoris,

332 4735 535 4804 Κυρίου
561 4735 743 4801 λογικὲ
767 4773 782 4796 ,
814 4737 991 4804 χαῖρε,
1023 4733 1221 4803 ούρανὲ
1257 4733 1350 4784 καὶ
1391 4731 1546 4805 θρόνε
1594 4734 1689 4786 καὶ
1724 4734 1897 4805 σκηνὴ

2000 4729 2171 4794 salve,
2198 4731 2450 4799 paradise
2482 4732 2787 4802 spiritualis
2816 4730 3052 4793 Domini.
3076 4734 3301 4799 coelum,
3339 4735 3573 4789 thronus

332 4830 387 4879 ὲν
487 4828 722 4899 Ποιητὴς
755 4828 1062 4897 σκηνώσας,
1095 4826 1155 4878 τὸ
1187 4824 1279 4878 τοῦ
1311 4825 1437 4895 ᾅδου
1469 4824 1709 4894 ἁμειδὲς,
1737 4825 1898 4894 ἁγνὴ,

1999 4828 2054 4875 et
2096 4820 2251 4875 locus
2288 4821 2375 4875 ubi
2410 4821 2637 4876 Creator
2672 4822 2784 4875 lixit
2831 4823 3267 4890 tabernaculum,
3298 4826 3570 4895 spolians-

335 4922 623 4991 σκήνωμα,
671 4918 972 4983 σκυλεύσας
1029 4921 1327 4989 ἀνέστησεν
1362 4918 1479 4970 ἐκεῖ
1519 4916 1643 4981 τοὺς
1698 4916 1898 4970 καθεύ-

2005 4926 2107 4981 que
2152 4911 2339 4967 tristes
2392 4912 2599 4967 inferos
2646 4913 3014 4984 expergefacit
3055 4931 3247 4972 omnes
3292 4917 3380 4985 hic
3447 4918 3579 4972 dore

331 5011 540 5074 δοντας.

1999 5003 2253 5058 mientes.

525 5102 738 5171 Κύριος
763 5100 848 5155 ὢν
867 5102 1107 5155 πάντων
1134 5100 1230 5154 καὶ
1266 5102 1516 5171 κτίστης
1551 5103 1714 5167 Θειτς.

2211 5094 2344 5150 Cum
2372 5097 2444 5149 sis
2483 5093 2740 5150 Dominus
2770 5106 2827 5150 et
2852 5096 3075 5152 Creator
3104 5097 3357 5151 omnium.

402 5194 715 5266 Σταύρωσιν
769 5194 1004 5263 ὑπέστης
1035 5192 1272 5263 θελήσει,
1304 5195 1527 5266 Χριστὲ,
1570 5196 1664 5248 καὶ
1694 5193 1896 5263 ὀνείδη,

2070 5184 2299 5239 Crucem
2329 5185 2636 5240 voluntarie
2656 5193 2711 5239 et
2732 5185 2976 5240 convicia
3002 5200 3196 5255 passus
3229 5198 3309 5247 es,
3335 5182 3570 5243 Christo.

332 5289 478 5351 ὅπως
507 5286 662 5359 ἡμῶν
693 5288 906 5340 πάντων
936 5285 1073 5360 ἄρῃς
1100 5285 1159 5337 τὸ
1191 5284 1390 5351 ὄνειδος
1428 5287 1522 5340 καὶ
1547 5285 1812 5357 κατῆλθες
1842 5286 1900 5337 ἐν

2002 5288 2060 5331 ιιι
2106 5293 2205 5331 nos
2254 5291 2445 5330 omnes
2484 5276 2553 5329 ab
2603 5276 3024 5343 exprobratione
3049 5276 3354 5341 eximercs;
3412 5282 3464 5328 et
3519 5277 3572 5327 iu

332 5378 486 5446 τάφῳ
516 5377 590 5440 ὡς
625 5376 851 5448 θνητοὺς
898 5374 1133 5430 ἁνιστῶν
1163 5377 1612 5449 κατὰφθαρέντας
1638 5395 1650 5408 ·
1671 5377 1796 5443 δόξα
1834 5379 1897 5450 τῇ

2003 5371 2313 5441 sepulcrum
2345 5366 2683 5426 descendisti
2716 5367 2781 5419 ad
2817 5367 3271 5422 resurrectionem
3324 5374 3572 5421 tnnrtno-

335 5469 720 5541 παντοδυνάμῳ
744 5486 834 5524 σου
864 5468 1099 5543 ἐξουσία,
1134 5470 1405 5528 πολυέλεε.

2004 5480 2123 5517 rum
2163 5464 2234 5517 ibi
2263 5465 2623 5532 perditorum,
2656 5472 2825 5526 tuam,
2851 5474 2883 5513 ο
2906 5457 3061 5513 valde
3097 5451 3433 5525 misericors,
3459 5457 3578 5520 leaf

2004 5554 2132 5614 dent
2173 5568 2360 5615 omnes
2396 5553 2713 5621 potentiam,
