3986 6236
414 241 556 301 3923

1227 240 1288 299 S.
1335 240 1753 300 SUI’lIllONII
1791 241 2290 300 PATBIARCIIAS
2327 238 2730 299 lllEllOStlL.

3527 241 3678 307 3924

479 349 637 404 Nunc
669 345 918 418 regnavit
951 344 1218 401 Dominus
1248 345 1464 401 fortiter
1496 349 1601 400 vim
1631 351 1989 414 cunlrtugens

2161 345 2274 400 Νῦν
2305 346 2658 400 ἐϐασίλευσεν
2685 346 2716 397 δ
2741 343 2964 416 Κύριος,
3000 346 3060 399 τδ
3089 345 3286 419 πικρὸν
3319 345 3413 400 τοῦ
3461 366 3673 419 τυρανο

408 437 646 494 rrttdelis
679 437 891 509 tyranni
927 438 1084 504 cujus
1117 452 1366 492 eversum
1409 435 1608 506 spoliat
1667 435 1981 504 imperium,

407 528 612 596 quique
641 523 924 579 devinctos
965 524 1036 578 ibi
1070 539 1098 577 a
1141 523 1341 579 su-culo
1380 523 1631 576 liberavit
1680 523 1984 580 clamantes

407 632 575 686 nunc,
598 615 802 682 Gloria,
837 615 1086 678 Domine,
1118 613 1307 670 virtuti
1343 623 1465 669 ture.

478 799 604 854 llaec
630 808 714 856 est
743 813 868 855 vere
892 799 1010 855 dies
1041 797 1326 869 splendida
1351 797 1632 852 Paschalis
1659 811 1822 867 quam
1857 796 1984 852 fecit

402 891 703 956 Dominus,
762 899 821 946 ut
868 891 1071 946 clamat
1118 889 1287 944 David
1344 891 1396 942 in
1458 889 1709 954 Psalmis,
1762 896 1982 944 nostros

403 985 510 1038 lazti
542 993 741 1038 cantus
779 983 1035 1038 cantibus
1068 981 1375 1037 caelestium
1417 981 1760 1036 exercituum
1785 979 1980 1050 junga-

403 1093 548 1143 mtts,
578 1083 631 1130 et
657 1075 1138 1146 conglorillcemus
1177 1073 1492 1130 Dominum.

473 1251 639 1323 Virgo
685 1253 792 1309 Deo
837 1251 1184 1316 charissima,
1223 1249 1526 1306 dominaris
1570 1247 1810 1303 omnium
1854 1261 1978 1302 cum

350 1346 352 1348 ’
401 1343 480 1399 sis
506 1343 675 1398 Mater
706 1343 950 1398 omnium
973 1343 1268 1409 Creatoris,
1296 1343 1476 1398 statim
1512 1353 1575 1394 ac
1615 1337 1798 1394 vidisti
1826 1338 1976 1393 illum

400 1445 711 1506 surgentem
769 1451 801 1491 e
849 1437 1084 1501 tumulo,
1127 1435 1312 1489 divino
1361 1433 1582 1504 impleta
1634 1447 1693 1489 es
1752 1428 1976 1502 gaudio,

400 1527 636 1585 laudans
671 1526 792 1582 Filii
833 1529 908 1582 tui
941 1525 1394 1596 magnitudinem.

737 1707 740 1709 _
797 1638 929 1694 Cum
962 1639 1285 1708 praevidisse!
1315 1640 1587 1709 propheta.

2093 435 2308 499 νοῦντος
2335 435 2536 506 κράτος
2567 434 2889 490 κατασαλὼν
2916 435 3216 506 κραταιῶς,
3261 437 3356 491 καὶ
3391 437 3484 490 τοῦ
3531 439 3669 510 ᾅδου

2093 527 2338 599 βασίλεια
2368 528 2553 598 σαφῶς
2586 527 2912 590 σκυλεύσας,
2937 529 3031 582 καὶ
3057 528 3310 599 δεσμίους
3341 527 3538 596 sese“
3558 531 3675 584 άπὸ

2089 618 2184 672 τοῦ
2250 619 2444 683 αἰῶνος
2499 619 2824 691 κράζοντας,
2851 617 3007 686 Δόξα,
3043 619 3308 686 Δέσποτα,
3336 620 3415 692 τῷ
3473 622 3676 693 κράτει

2094 729 2209 766 σου.

2158 800 2329 871 Αὕτη,
2358 797 2539 864 καθὼς
2589 799 2687 873 βοᾷ
2715 800 2880 856 Δαδὶδ
2931 802 2994 855 ὲν
3023 795 3294 870 Ψαλμοτς,
3348 803 3563 874 άληθῶς
3630 807 3670 876 ἡ

2090 893 2384 963 φωταυγὴς
2417 891 2596 963 ἡμέρα
2621 891 2716 946 τοῦ
2745 893 2934 963 Πάσχα
2966 893 3232 962 πέφυκεν,
3262 894 3331 964 ἢν
3363 895 3392 946 ὀ
3439 896 3669 960 πάντων

2089 984 2309 1054 ἐποίησε
2383 983 2552 1047 Θεόςο
2617 983 2974 1053 χορεύσωμεν
3037 985 3096 1038 ὲν
3172 984 3490 1052 ἀγαλλιάσει
3563 986 3671 1038 σὺν

2085 1074 2207 1136 ταῖς
2275 1072 2551 1144 οὐρανίαις
2592 1073 2799 1140 τάξεσι,
2861 1075 2956 1128 καὶ
3005 1069 3236 1148 Χριστὸν
3294 1075 3671 1147 δοξολογήσω-

2089 1181 2210 1235 μεν.

2156 1254 2420 1308 Δέσποινα
2449 1255 2556 1308 τῶν
2589 1255 2806 1311 πάντων
2835 1256 3179 1328 ὑπάρχουσα,
3213 1259 3289 1322 ὼς
3305 1256 3538 1318 τεκοῦσα
3565 1256 3669 1312 τοῦ

2086 1347 2288 1410 παντὸς
2313 1346 2404 1399 τὸν
2431 1346 2690 1416 κτίστην,
2715 1347 3102 1417 θεοχαρίτωτε,
3145 1349 3380 1418 ὁπηνίκα
3409 1349 3669 1422 ἑώρακας

2085 1435 2247 1490 αὑτὸν
2277 1437 2342 1490 ὲκ
2363 1437 2532 1504 τάφου
2551 1436 2844 1508 ἐγερθέντα
2893 1436 3167 1509 ἐπλήσθης
3199 1436 3349 1502 θείας
3380 1437 3670 1510 χαρμονῆς

2081 1526 2377 1593 δοξάζουσα
2398 1529 2496 1599 τὴν
2523 1527 2688 1582 αὐτοῦ
2729 1528 3148 1600 μεγαλειότητα.

2451 1637 2832 1710 Προκατιδὼν
2871 1641 2904 1692 ὁ
2929 1638 3260 1709 προφήτης.

469 1754 593 1810 Alta
618 1768 752 1808 voce
775 1754 972 1808 clamet
991 1764 1136 1809 terra
1167 1771 1180 1807 :
1203 1753 1456 1808 Surrexit
1488 1752 1752 1807 Dominus
1777 1767 1805 1805 a
1831 1767 1977 1805 mor-

2158 1752 2638 1823 Λαμπροφορείτω
2679 1751 2714 1822 ἡ
2767 1750 2977 1816 κτίσιςο
3039 1751 3244 1823 Κύριος
3316 1753 3382 1804 ὲκ
3448 1749 3668 1822 νεκρῶν

399 1845 534 1911 tuis,
566 1853 621 1900 et
661 1857 878 1900 omnem
906 1851 1214 1899 creaturam
1259 1857 1446 1900 secum
1495 1841 1628 1897 fecit
1661 1855 1975 1910 assurgere,

398 1937 760 2006 depopulatus
806 1936 859 1989 vi
911 1949 1010 1988 sua
1059 1934 1240 1989 divina
1287 1948 1514 2005 regnum
1575 1932 1874 1994 inferorum
1923 1939 1979 1988 et

398 2029 617 2094 mortis,
644 2043 766 2083 eum
801 2028 855 2082 in
891 2027 1072 2082 laetitia
1104 2034 1159 2083 et
1182 2025 1285 2082 ﬂde
1313 2024 1709 2082 collaudemus.

466 2224 511 2279 Ο
541 2225 948 2279 sanctissimum
981 2224 1193 2281 Pascha
1225 2239 1442 2280 omnem
1478 2224 1777 2294 puriﬁcans
1819 2239 1978 2279 mun-

393 2319 546 2379 dum,
565 2331 596 2371 ο
629 2316 862 2372 Verbum
891 2325 944 2371 et
977 2327 1216 2387 potestas
1237 2316 1330 2373 Dei
1356 2316 1441 2372 fac
1463 2330 1562 2372 nos
1585 2315 1662 2369 tui
1685 2316 1978 2386 participes

394 2407 450 2461 in
479 2408 566 2461 die
591 2407 784 2477 judicii
821 2409 874 2462 in
913 2416 1179 2464 aeternum
1214 2409 1588 2465 celebraturos
1625 2416 1678 2462 te
1709 2415 1833 2478 post.
1861 2416 1976 2462 tres

395 2502 512 2554 dies
538 2512 906 2560 resurrectum
938 2515 1004 2556 ex
1031 2502 1287 2558 mortuis.

467 2669 601 2736 Qua:
645 2683 772 2727 cum
826 2671 1084 2744 laerymis
1130 2674 1376 2730 tulerunt
1423 2675 1552 2731 olim
1588 2683 1835 2733 aromata
1874 2677 1980 2749 piae

395 2761 657 2819 mulieres
711 2764 862 2819 clare
901 2765 1153 2820 viderunt
1205 2767 1459 2837 angelum
1501 2766 1779 2822 sedentem
1820 2767 1976 2837 juxta

397 2855 706 2925 sepulcrum
738 2857 912 2926 iisque
945 2857 1310 2914 clamantem:
1333 2857 1513 2916 Nolite
1536 2859 1771 2930 amplius
1793 2875 1980 2917 amare

395 2949 544 3013 ﬂere,
575 2946 828 3006 Christus
857 2949 1006 3007 enim
1043 2950 1186 3008 Deus
1223 2953 1549 3009 resurrexit.

473 3121 518 3177 0
550 3119 720 3193 Virgo
746 3137 888 3193 quae,
924 3137 1032 3180 non
1071 3125 1185 3180 ullo
1227 3124 1500 3180 mediante
1527 3123 1668 3188 viro,
1688 3122 1977 3179 Dominum

402 3217 686 3284 peperisti,
710 3225 765 3271 et
784 3217 1095 3272 remansisti
1117 3218 1265 3288 virgo
1287 3216 1556 3287 stupeudo
1574 3215 1837 3271 miraculo
1859 3222 1982 3287 post

399 3317 616 3374 partum
655 3324 671 3362 ;
711 3307 833 3362 ideo
877 3323 983 3362 una
1020 3322 1152 3364 voce
1186 3324 1376 3364 omnes
1408 3309 1622 3364 sincere
1656 3317 1710 3364 et
1753 3306 1980 3362 ﬁrmiter

397 3394 768 3464 gloriﬁcamus
828 3403 882 3452 te
929 3412 1030 3453 nos
1081 3397 1286 3466 ﬁdeles,
1358 3396 1582 3454 Matrem
1639 3395 1735 3452 Dei
1781 3395 1977 3467 impol-

397 3490 588 3544 lutant.

910 3579 1133 3635 Vincula
1165 3578 1466 3634 charitatt's.

443 3673 645 3729 (Cruce
672 3682 765 3727 tua
796 3687 982 3743 pacem
1038 3672 1294 3726 omnibus
1352 3669 1632 3742 praebuisti
1665 3711 1681 3736 ,
1717 3669 1973 3726 Domine:

2086 1846 2467 1915 ὲξεγήγερται,
2526 1845 2624 1904 καὶ
2686 1845 2867 1898 πᾶσαν
2905 1844 3257 1915 συνεξήγειρε
3315 1844 3494 1897 κτίσιν
3530 1845 3670 1897 ἑαυρ

2085 1937 2185 2008 τῷ,
2231 1936 2475 2000 κενώσας
2531 1935 2778 2007 γαστέρα
2821 1937 2915 1990 καὶ
2969 1938 3198 2007 ταμιεῖα
3255 1935 3381 2014 ᾆδον
3433 1936 3527 1988 καὶ
3560 1935 3668 1989 θα·

2085 2029 2246 2083 νάτου
2303 2027 2480 2081 σθένει
2533 2025 2722 2097 θεῖκῷ,
2781 2026 2840 2082 δν
2892 2029 2948 2079 ὲν
3002 2028 3186 2080 πίστει
3239 2028 3333 2081 καὶ
3388 2027 3538 2096 πόθῳ
3571 2026 3669 2079 δοε-

2087 2117 2361 2189 ξάσωμεν.

2154 2203 2226 2261 Ὠ
2287 2209 2607 2288 ἱερώτατον.
2661 2209 2855 2280 Πάσχα
2906 2210 3104 2274 παντὸς
3151 2211 3244 2266 τοῦ
3299 2211 3500 2282 κόσμου
3564 2229 3668 2264 κα-

2086 2297 2336 2368 θάρσιον,
2420 2299 2560 2366 Λόγε
2608 2296 2743 2356 Θεοῦ
2803 2298 2898 2356 καὶ
2948 2298 3202 2370 δύναμις,
3261 2299 3404 2353 δίδου
3477 2301 3662 2352 mea-

2087 2387 2194 2458 ρῶς
2225 2389 2472 2460 μετέχειν
2529 2407 2623 2443 σου
2677 2391 2825 2460 ἡμᾶς
2867 2391 2991 2454 τοὺς
3050 2390 3335 2462 εἰλικρινεῖ
3399 2410 3459 2446 σε
3516 2393 3668 2459 γνῶ-

2088 2498 2164 2554 μῃ
2198 2480 2439 2544 εὐσεϐῶς
2479 2477 2803 2546 δοξάζοντας
2860 2483 2948 2536 ἀεὶ
2971 2485 3036 2538 ἐκ
3085 2483 3296 2552 νεκρῶν
3348 2484 3666 2545 ἀναστάντα

2083 2574 2207 2650 τριή
2218 2591 2401 2644 μερον.

2155 2664 2320 2735 Μύρα
2379 2666 2476 2720 σὺν
2529 2664 2762 2734 δάκρυσι
2829 2665 2996 2719 πάλαι
3041 2666 3303 2734 γυναῖκες
3370 2664 3512 2719 θεῖαι
3565 2682 3665 2720 κο-

2088 2754 2362 2826 μίζουσαι,
2419 2740 2730 2825 καθήμενον
2798 2755 2875 2826 τῷ
2930 2758 3174 2826 μνήματι
3231 2753 3370 2808 εἶδον
3447 2773 3668 2826 προφα-

2084 2844 2190 2907 νῶς
2240 2844 2532 2915 ἀσώματον
2567 2846 2774 2916 βοῶντα
2805 2847 3036 2915 ἄγγελον
3074 2846 3320 2909 ταύταις·
3367 2845 3665 2899 Παύσασθε

2084 2934 2298 3004 πικρῶς
2333 2933 2699 3006 δακρύουσαιο
2766 2935 2862 2987 καὶ
2905 2934 3013 3005 γάρ
3069 2936 3097 2987 ὁ
3145 2934 3380 3005 Χριστὸς
3414 2935 3506 2987 καί
3528 2933 3669 2997 Θεὸς

2083 3025 2463 3096 ὲξεγὴγερται.

2153 3119 2397 3190 Πεῖραν,
2426 3119 2690 3191 Παρθένε,
2727 3119 2803 3190 μὴ
2862 3117 3066 3188 γνοῦσα
3124 3118 3338 3189 ἀνδρὸς,
3394 3116 3488 3175 τὸν
3543 3115 3669 3172 Κύ-

2084 3229 2198 3282 ριον
2276 3211 2504 3275 τέτοκας
2533 3252 2548 3278 ,
2635 3211 2901 3282 παρθένος
2977 3211 3113 3282 μετὰ
3159 3211 3358 3281 κύησιν
3431 3209 3670 3281 μείνασα

2083 3299 2350 3370 φρικτῶς·
2409 3299 2491 3353 διό
2545 3317 2605 3352 σε
2669 3299 2888 3370 άληθῶς
2943 3300 3442 3368 πάντες-Θεοτόκον
3474 3299 3663 3370 ἄφθο-

2083 3408 2174 3463 ρον
2207 3392 2292 3446 άεὶ
2330 3393 2378 3452 oi
2429 3391 2613 3448 πιστοὶ
2635 3393 2948 3473 ὀμοφρόνως
2998 3393 3312 3465 δοξάζομεν,

2450 3566 2534 3635 Τῷ
2565 3569 2890 3640 συνδέσμῳ
2923 3571 3035 3639 τῆς
3056 3569 3312 3641 ἀγάπης.

2151 3658 2241 3730 Τῷ
2281 3660 2503 3732 σταυρῷ
2536 3677 2632 3713 σου
2661 3660 2760 3730 τὴν
2785 3661 3005 3732 είρήνην
3030 3659 3448 3732 παρασχόμενος
3499 3661 3664 3722 πᾶσι,

395 3761 736 3816 descendens
785 3764 839 3816 in
871 3761 1165 3826 infernum,
1195 3761 1315 3816 luce
1368 3768 1461 3814 tua
1507 3760 1828 3830 illuminasti
1858 3777 1979 3814 om-

2103 3749 2276 3822 ἱύριε,
2330 3748 2721 3821 καταϐέϐηκας
2755 3751 2834 3812 εἰς
2859 3749 3009 3821 ᾅδου,
3037 3749 3130 3804 καὶ
3161 3749 3220 3802 τὸ
3245 3749 3358 3819 φῶς
3379 3753 3489 3814 τοῖς
3522 3751 3667 3803 ἐκεῖ·

396 3871 496 3910 nes
524 3853 596 3908 ibi
629 3854 936 3920 devinctos,
997 3859 1051 3908 et
1109 3862 1231 3923 post
1265 3862 1374 3909 tres
1401 3851 1517 3909 dies
1538 3869 1852 3926 resurgens,
1883 3869 1978 3911 eos

2103 3859 2141 3896 re
2198 3841 2569 3912 καταπέμψας
2633 3841 3056 3911 πεπεδημένοις.
3119 3842 3213 3895 καὶ
3269 3842 3665 3913 συνεξήγειρας

395 3954 576 4002 tecum
612 3961 836 4016 surgere
875 3944 1073 4000 fecisti.

2103 3932 2299 3997 eti-toti;
2322 3935 2386 4011 τῇ
2407 3933 2622 4003 ὲγέρσει
2649 3949 2741 3986 σου
2769 3936 2834 4005 τῇ
2868 3933 3178 4003 τριημέρῳ.

473 4038 717 4101 Domine,
739 4045 792 4090 tu
811 4038 901 4106 qui
919 4037 1048 4092 olim
1066 4051 1129 4092 es
1142 4037 1364 4106 pulvere
1381 4039 1652 4096 hominem
1672 4039 1972 4110 plasmasti,

2159 4021 2254 4079 Ἐκ
2345 4021 2468 4090 χοὸς
2524 4023 2553 4074 ὁ
2637 4021 2938 4084 διαπλάσας
2997 4021 3095 4082 ’τὸν¹
3169 4021 3454 4091 ἄνθρωπον
3549 4023 3662 4076 πά-

398 4135 566 4180 temet
593 4141 766 4196 usque
789 4126 854 4180 ad
882 4125 1156 4195 pulverem
1181 4127 1373 4182 mortis
1401 4127 1691 4183 dctrudisti
1715 4136 1768 4182 et
1801 4128 1974 4198 ruptis

2103 4131 2186 4178 at,
2239 4113 2484 4166 Δέσποτα
2518 4151 2534 4177 ,
2579 4114 2658 4176 είς
2707 4112 2940 4166 θανάτου
3007 4111 3135 4183 χοῦν
3183 4112 3453 4182 κατῆλθες
3485 4152 3500 4177 ,
3565 4115 3666 4167 καὶ

395 4217 634 4273 vinculis
665 4217 734 4272 ab
765 4217 866 4272 hoc
894 4218 1118 4287 pulvere
1150 4217 1433 4273 extraxisti
1461 4217 1749 4274 defunctos
1799 4232 1826 4271 a
1872 4233 1975 4272 sat--

2106 4205 2288 4276 εσμῶν
2347 4203 2560 4258 ἀλὺτων
2607 4203 2928 4275 ὲξήρπασας
2984 4205 3112 4268 τοὺς
3165 4205 3258 4257 ἀπ’
3324 4205 3519 4269 αἰῶνος
3571 4223 3665 4259 νε-

395 4309 521 4364 culo
546 4309 639 4380 qui
675 4308 975 4375 celebrant,
1003 4310 1303 4376 Altissime,
1325 4317 1378 4364 et
1413 4311 1713 4383 potentiam
1747 4320 1893 4367 tuam
1919 4319 1974 4366 et

2103 4298 2242 4368 :pob;
2270 4295 2589 4363 δοξάζοντάς
2644 4313 2739 4350 σου
2773 4296 2835 4349 τὸ
2888 4295 3107 4368 κράτος,
3145 4295 3398 4367 ’Υψιστε,
3424 4298 3519 4351 καὶ
3567 4296 3664 4351 δυ-

392 4399 582 4458 l'ubur.
1999 4418 2005 4476 1

2106 4388 2342 4443 αστείαν.

469 4492 580 4549 Nos
603 4492 766 4548 hodie
794 4493 997 4563 ereptis
1035 4493 1390 4551 mendacibus
1421 4491 1639 4566 Egypti
1678 4493 1803 4558 viis,
1828 4492 1977 4548 cele-

2164 4482 2256 4547 Ἐξ
2337 4481 2614 4552 Αἰγύπτου
2692 4481 2742 4534 οἱ
2817 4481 2916 4552 τῆς
2989 4480 3198 4553 πλάνης
3285 4482 3665 4554 λυτρωθέντες

394 4587 617 4641 bremus
647 4585 700 4642 in
721 4586 822 4642 tide
838 4587 1254 4642 celeberrimum
1291 4587 1523 4652 Pascha,
1550 4595 1605 4642 et
1631 4585 1860 4657 gloriam
1885 4584 1980 4640 de-

2103 4575 2137 4628 ’ὺ
2219 4574 2412 4653 Πάσχα
2486 4574 2726 4645 σήμερον
2807 4574 2868 4628 τὺ
2958 4573 3314 4644 φαιδρότατον
3398 4575 3457 4626 ὲν
3559 4574 3662 4627 πί-

399 4694 521 4735 tuus
572 4677 794 4733 Christo
833 4679 922 4734 die
965 4679 1130 4738 tertia
1181 4679 1489 4750 resurgenti
1545 4685 1602 4736 et
1645 4677 1977 4735 illuminanti

2103 4684 2192 4720 rrsv.
2252 4664 2673 4735 ἐπιτελέσωμεν,
2749 4664 2848 4718 καὶ
2929 4663 3260 4733 δοξάσωμεν,
3343 4664 3436 4718 τὸν
3526 4665 3663 4718 ἀνα-

399 4785 618 4827 οηιηειη
653 4778 881 4832 terram,
2079 4760 2280 4812 στάντα
2307 4757 2540 4830 Χριστὸν
2569 4758 2892 4829 τριήμερον,
2918 4757 3011 4814 καὶ
3039 4758 3526 4828 φωταγωγήσαντα
3556 4757 3661 4828 τὴν

2076 4852 2226 4903 οἰκον
2235 4850 2423 4920 μένην.

2149 4939 2225 4992 Τὸ
2263 4938 2606 5008 άλατόμητον
2636 4939 2782 5010 ὄρος,
2809 4940 2908 5012 τὴν
2937 4938 3159 5010 λυχνίαν
3190 4938 3285 4991 καὶ
3347 4937 3498 4990 Θείαν
3525 4937 3636 5007 τρά

2078 5029 2271 5096 πεζαν,
2301 5030 2399 5102 τὴν
2431 5031 2662 5084 κιϐωτὸν
2687 5031 2785 5101 τὴν
2814 5033 2996 5100 ἁγίαν,
3055 5031 3150 5100 τὴν
3184 5028 3276 5084 τοῦ
3317 5030 3490 5097 μάννα
3531 5029 3660 5082 στά-

2081 5141 2210 5195 μνον
2234 5123 2332 5194 τὴν
2369 5122 2708 5194 πάγχρυσον,
2742 5123 2836 5176 τοῦ
2872 5124 3135 5194 βασιλέως
3161 5123 3252 5176 τὸν
3312 5121 3658 5192 ὑψηλότατον

2077 5215 2264 5294 θρόνον
2293 5213 2639 5285 άνυμνοῦμέν
2668 5231 2749 5278 σε,
2774 5214 3101 5286 θεοκυῆτορ.

469 4948 547 5008 Te
567 4951 901 5008 Genitricem
923 4950 1017 5008 Dei
1049 4951 1338 5008 laudamus
1381 4958 1572 5021 utpote
1593 4959 1831 5006 montem
1863 4963 1975 5003 non

399 5041 675 5112 lapidibus
740 5040 969 5107 factum,
1031 5040 1427 5097 candelabrum
1458 5049 1514 5095 et
1561 5054 1807 5095 mensam
1846 5036 1969 5101 Dei,

399 5133 808 5190 sanctissimam
834 5145 1042 5191 arcam.
1063 5145 1166 5186 vas
1185 5139 1439 5186 auratum
1465 5135 1664 5188 manna
1684 5129 1975 5195 continens

399 5236 455 5280 et
481 5226 816 5283 altissimum
847 5223 1012 5294 Regis
1039 5223 1325 5278 thronum.

2360 5331 2654 5395 Ἀϐυσσος
2675 5329 2902 5399 ἐσχάτη
2929 5328 3378 5399 ἁμαρτημάτων.

2148 5422 2318 5477 Πάλαι
2348 5438 2438 5474 σου
2467 5421 2528 5474 τὸ
2557 5421 2729 5484 πάθος
2756 5421 3115 5492 προδιετῦπου
3157 5419 3342 5489 σαφῶς
3405 5418 3588 5471 Ἰσαάκ
3635 5437 3650 5452 ο

2075 5514 2150 5578 ὡς
2175 5513 2358 5584 άρνίον
2396 5512 2503 5583 γάρ
2537 5512 2875 5576 ἐθελουσίως,
2935 5513 3035 5565 Θεὲ
3067 5512 3172 5565 τῶν
3221 5510 3380 5576 ὅλων,
3428 5507 3650 5579 esse“,

2079 5607 2156 5668 είς
2189 5603 2396 5672 κόσμου
2431 5602 2668 5673 παντελῆ
2701 5601 3094 5673 ἀπολύτρωσιν.

2147 5696 2424 5768 Τέτρωταε
2453 5697 2478 5748 ό
2510 5693 2639 5766 ᾅδης
2659 5693 2895 5762 πλευρὰν
2913 5693 3209 5766 τρωθέντος
3235 5709 3346 5750 σου.
3377 5691 3643 5760 Δέσποτα,

810 5339 930 5392 Ima
961 5347 1293 5405 peccatorum
1325 5336 1566 5406 abyssus.

473 5425 650 5482 Tuam
689 5426 818 5482 olim
866 5425 1014 5482 lsaac
1042 5428 1191 5483 clare
1229 5425 1589 5498 praeliguravit
1621 5423 1971 5494 passionem;

402 5520 618 5576 occisus
664 5534 725 5576 es
769 5519 915 5575 enim
966 5520 1153 5576 volens
1197 5528 1257 5574 tu
1304 5519 1397 5589 qui
1429 5533 1489 5574 es
1523 5518 1766 5572 omnium
1829 5515 1974 5570 Deus

399 5619 660 5681 tanquam
690 5627 882 5683 agnus.
914 5622 971 5667 ut
1004 5628 1219 5667 omnem
1251 5611 1549 5666 redimeres
1576 5606 1859 5662 mundum.

475 5701 759 5781 Transﬁxo
827 5712 921 5784 tuo
971 5705 1141 5786 latere
1189 5703 1438 5759 infernus
1492 5701 1806 5760 vulneratus
1865 5705 1968 5766 est,
