3986 6236
253 209 390 272 39Ξ5

1652 213 2055 280 TRIODIUM.

3378 216 3522 282 3926

250 320 346 372 καὶ
370 318 605 373 ἀπέλυσε
633 322 755 386 τοὺς
790 322 921 394 πρὶν
938 322 1246 395 δεσμῶτας,
1281 321 1417 395 μετὰ
1467 320 1653 395 ψυχῆς
1690 342 1822 379 κατ-

1959 323 2178 391 lomine,
2233 325 2549 397 liberosque
2614 324 2863 381 evomuit
2926 318 3022 394 qui
3086 322 3245 396 prius
3306 325 3521 383 detine-

255 409 381 465 ιδὼν
413 428 473 465 σε
501 413 559 465 ἐν
586 430 698 479 τοις
729 415 1103 488 καταχθονίοις
1125 416 1430 490 γινόμενον.

325 597 488 668 Μύρα
524 616 605 653 σοι
636 600 870 669 γυναίων
895 601 970 665 ὡς
1029 601 1314 674 τεθνηκότι
1361 603 1579 676 κομίζει
1618 606 1777 677 χορός
1812 623 1826 637 ·
1908 593 1916 601 ’

252 685 390 740 ἀλλὰ
420 685 620 758 βλέψας
647 705 707 742 σε
733 689 1106 763 ἐγηγερμένον
1127 692 1240 755 τοῖς
1281 692 1449 763 ἱεροῖς
1504 688 1831 755 ἀποστόλοις

256 777 541 849 συνέχαιρε
566 779 806 847 δοξάζων
824 797 918 857 σε,
952 781 1150 855 Κύριε.

319 869 509 938 Ἀγιον
525 869 717 938 άγίων,
744 872 1039 945 ὕπεραγία,
1066 871 1300 928 τεκοῦσα
1324 872 1476 937 θεὸν,
1492 871 1680 927 τοῦτον
1699 871 1831 944 θνή-

254 959 422 1026 ξαντα
450 960 768 1027 ἐθελουσίως
819 964 912 1017 καὶ
950 965 1013 1019 ἐκ
1042 964 1252 1037 νεκρῶν
1290 964 1594 1027 ἀναστάντα
1624 964 1828 1033 ίδοῦσα,

252 1052 594 1125 εὐφροσύνης
627 1072 691 1108 πε
700 1055 805 1127 τιλή
814 1064 1007 1125 ρωσαι.
1229 1123 1245 1140 .

626 1147 691 1201 Οἱ
737 1146 945 1214 παῖδες
992 1147 1065 1202 ἐν
1108 1145 1441 1204 Βαϐυλῶνι.

325 1235 453 1289 Ὅτε
506 1252 565 1288 σε
617 1236 766 1308 ἥλιος
818 1233 924 1291 εἶδε
959 1238 1180 1311 σταυρῷ
1229 1240 1597 1311 κρεμάμενον,
1646 1238 1829 1304 Ἥλιε,

253 1326 566 1400 ἐσκοτίσθη,
612 1328 708 1382 καὶ
765 1329 863 1400 γῆ¹
899 1330 1192 1400 ἐσαλεύθη,
1249 1331 1342 1384 καὶ
1409 1331 1609 1404 πέτραι
1673 1329 1827 1401 ἐσχί⁴

255 1418 482 1487 σθησαν,
539 1418 633 1473 xui.
692 1421 743 1473 οἱ
806 1424 992 1493 νεκροὶ
1048 1421 1352 1494 ἀνέστησαν
1402 1423 1469 1476 ἐκ
1505 1421 1616 1477 τῶν
1644 1422 1830 1494 τάφων

253 1510 545 1580 ὑμνοῦντες
575 1525 659 1567 σε.
1799 1522 1805 1529 ’

323 1602 679 1675 Προσομιλῶν
734 1606 846 1668 τοῖς
889 1604 947 1660 ἐν
996 1604 1095 1678 ᾇδη
1152 1608 1293 1679 μετὰ
1342 1605 1544 1679 ψυχῆς,

250 1691 408 1764 ἡμῶν
441 1734 456 1757 ,
542 1695 874 1770 συνεγείρεις
960 1698 1187 1769 νεκροὺς

251 1790 452 1861 φρικτῇ
497 1806 589 1843 σου
625 1789 1061 1861 κραυγάζοντσς,
1094 1792 1398 1863 Εὐλογητὸς
1442 1788 1529 1858 εἴ,
1572 1791 1747 1874 μύριε
1799 1792 1828 1846 ὁ

249 1878 405 1942 Θεός.
1671 1888 1694 1902 ’“

320 1968 430 2032 Τὰς
489 1970 687 2041 ἀρετὰς
739 1972 814 2035 ὡς
874 1971 1105 2044 χιτῶνας
1150 1971 1551 2044 ἁμφιασθῶμεν
1611 1974 1816 2043 ἀστρά-

251 2074 478 2123 πτοντες
500 2064 565 2133 τῇ
606 2063 810 2135 ἡμέρᾳ,
849 2064 1053 2128 πιστοὶ,
1082 2067 1147 2135 τῇ
1198 2065 1292 2118 τοῦ
1326 2065 1539 2136 Πάσχα,
1570 2060 1665 2120 καὶ
1687 2065 1828 2139 λαμ-

252 2152 408 2225 πρῶς
442 2153 816 2223 ἐκεοήσωμεν·
858 2156 1158 2228 Εὐλογητὸς
1189 2151 1258 2220 εἴ,
1292 2157 1468 2230 Κύριε
1493 2160 1525 2211 ὸ
1551 2158 1705 2225 Θεός.

1616 1609 1646 1662 ὸ
1697 1606 1832 1673 Θεὸς

324 2332 429 2387 Τὸν
461 2335 681 2408 νικητὴν
701 2336 795 2391 τοῦ
827 2336 1061 2396 θανάτου
1096 2340 1191 2394 καὶ
1248 2338 1339 2393 σὸν
1372 2339 1500 2394 Υἱὸν
1557 2341 1654 2396 καὶ
1694 2340 1827 2395 Θεὸν

257 2425 415 2496 ὴμῶν
472 2427 789 2497 κατιδοῦσα,
843 2432 1009 2502 ἁγνὴ,
1079 2432 1376 2505 ἐγερθέντα
1425 2434 1489 2488 ἐκ
1533 2433 1628 2488 τοῦ
1657 2436 1829 2506 τάφου

259 2515 585 2589 ἐκραύγαζεο
618 2520 921 2592 Εὐλογητὸς
949 2517 1021 2590 εἴ,
1053 2521 1226 2594 Κύριε
1259 2523 1288 2576 ὁ
1322 2523 1474 2589 Θεός.

533 2631 748 2699 Νόμων
779 2630 1067 2701 πατρῴων
1091 2634 1146 2687 οὶ
1179 2637 1562 2703 μακαριστοί.

325 2791 666 2865 Σταυροῦσαι
689 2795 883 2865 θέλων,
914 2796 1250 2871 ὑπεράγαθε,
1280 2800 1376 2857 καὶ
1401 2802 1459 2854 ἐν
1490 2800 1661 2872 καινῷ
1690 2819 1832 2873 μνη-

260 2884 399 2956 μείῳ
436 2886 638 2950 ἄπνους
692 2888 1048 2955 κατάκεισαι,
1107 2891 1204 2945 καὶ
1256 2893 1473 2963 νεκροῖς
1547 2893 1824 2963 ἐμπνέεις,

257 2976 525 3042 Δέσποτα,
561 2977 726 3049 ζωὴν,
763 2976 874 3050 ζωὴ
925 2980 1206 3053 ὑπάρχων,
1240 2982 1332 3035 καὶ
1364 2982 1699 3054 συνεγείρεις
1746 2983 1830 3038 κό-

1931 414 2134 472 bantur
2158 417 2384 488 captivi;
2413 424 2469 474 te
2508 431 2746 474 cernens
2793 415 2977 473 vivum
3025 415 3169 473 inter
3217 415 3522 474 inferorum

1933 506 2170 565 incolas.

2004 596 2259 657 Mulieres
2288 600 2529 658 aﬂ‘erunt
2559 600 2657 662 tibi
2693 609 2953 673 tanquam
3003 608 3225 656 mortuo
3248 605 3520 667 aromata;

1933 687 2026 744 sed
2077 687 2325 765 videntes
2370 690 2498 762 quia
2546 704 2959 758 resurrexeras,
2991 689 3343 761 congaudent
3397 705 3522 745 cum

1932 783 2139 839 sanctis
2169 786 2454 854 apostolis,
2490 785 2868 858 gloriﬁcantes
2899 793 2973 852 te,
3006 783 3264 841 Domine.

2004 872 2365 930 Sanctissima
2430 872 2624 946 Virgo,
2683 889 2806 945 quae
2868 873 3133 930 Sanctum
3195 879 3516 930 sanctorum

1933 966 2190 1037 peperisti
2244 964 2449 1035 Deum;
2488 982 2610 1022 cum
2669 967 2821 1022 hunc
2874 966 3190 1023 voluntarie
3244 973 3525 1024 mortuum

1864 1110 1867 1111 ν
1935 1056 2336 1113 exsuscitatum
2352 1056 2614 1126 vidisses,
2647 1056 2855 1128 repleta
2886 1070 2947 1112 es
2974 1053 3197 1128 gaudio.

2446 1146 2609 1205 Pueri
2634 1148 2690 1203 in
2719 1146 3008 1218 Babylone.

2002 1230 2097 1295 Sol
2147 1252 2274 1295 cum
2335 1237 2474 1293 vidit
2511 1246 2564 1293 te
2602 1238 2848 1294 divinum
2898 1236 3071 1293 solem
3112 1235 3446 1308 pendentem
3491 1250 3523 1291 a

1931 1328 2102 1400 ligno,
2134 1328 2465 1385 obscuratus
2510 1334 2616 1393 est,
2654 1334 2709 1382 et
2748 1333 3024 1383 commota
3051 1334 3137 1383 est
3172 1333 3318 1400 terra
3348 1334 3406 1383 et
3436 1326 3522 1381 la-

1929 1419 2085 1490 pides
2124 1417 2312 1476 scissae
2347 1425 2508 1485 sunt,
2556 1426 2613 1475 et
2653 1415 2949 1473 laudantes
2988 1425 3041 1473 te
3067 1417 3272 1473 mortui
3312 1417 3522 1489 egressi

1931 1517 2061 1568 sunt
2089 1525 2121 1567 e
2158 1510 2438 1582 sepulcro,

2002 1602 2079 1661 'l‘e
2116 1618 2251 1669 cum,
2283 1605 2466 1659 anima
2497 1602 2849 1675 colloquente
2879 1600 2936 1658 in
2976 1599 3195 1657 inferno
3232 1614 3357 1657 cum
3380 1613 3524 1655 mor-

1280 1700 1346 1769 τῇ
1428 1691 1644 1770 ἐγέρσει
1742 1700 1808 1771 τῇ

1959 1695 2022 1750 tis
2051 1695 2446 1768 expergefacis,
2475 1710 2508 1750 o
2538 1694 2683 1752 Deus
2712 1703 2920 1769 noster,
2977 1702 3230 1750 mortuos
3253 1691 3524 1763 stupenda

1932 1797 2026 1846 tua
2078 1791 2508 1858 resurrectione,
2555 1791 2859 1848 clamantes
2915 1807 2930 1846 :
2982 1788 3310 1847 Benedictus
3349 1801 3431 1854 es,
3489 1801 3523 1840 o

1928 1882 2159 1939 Domine
2192 1881 2357 1939 Deus.

1999 1973 2058 2030 In
2114 1974 2218 2030 hac
2281 1974 2373 2034 die
2423 1971 2735 2043 Paschalis,
2802 1988 2905 2031 nos
2974 1971 3161 2028 ﬁdeles
3210 1969 3517 2026 virtutibus

1929 2063 2447 2121 circumvestiamus
2526 2071 2789 2135 tanquam
2877 2059 3219 2120 indumentis
3304 2058 3523 2133 fulgen-

1929 2153 2076 2210 tibus
2134 2160 2190 2210 et
2239 2159 2429 2226 aperte
2488 2154 2792 2233 clamemus
2842 2171 2856 2209 :
2900 2150 3233 2208 Benedictus
3274 2162 3357 2216 es,
3417 2146 3530 2203 Do-‘

1929 2246 2078 2303 mine
2111 2244 2282 2302 Deus.

1997 2337 2163 2395 Casta
2195 2336 2362 2410 Virgo
2390 2353 2513 2395 cum
2554 2338 2783 2396 vidisset
2830 2335 3032 2392 Filiqu
3072 2334 3195 2406 ejus
3224 2332 3525 2391 Dominum

1929 2438 2180 2487 nostrum
2214 2438 2589 2514 resurrectum
2614 2431 2881 2486 victorem
2920 2426 3120 2484 mortis
3148 2418 3473 2483 exclamavit
3506 2443 3520 2481 :
3600 2418 3607 2425 ’

1928 2521 2257 2580 Benedictus
2286 2540 2370 2589 es,
2401 2522 2631 2579 Domine
2661 2521 2833 2578 Deus.

2035 2638 2237 2714 Legum
2267 2639 2498 2695 Patrum
2534 2653 2757 2714 attat-um
2781 2635 3150 2714 observatores
3185 2634 3419 2691 maxime

2577 2707 2860 2762 laudandi.

2001 2798 2235 2854 Crucem
2266 2796 2579 2853 voluntarie
2614 2780 2808 2866 passus
2840 2811 2921 2863 es,
2974 2812 3007 2852 ο
3051 2793 3519 2861 clementissime,

1931 2898 1985 2945 et
2029 2890 2242 2959 positus
2277 2887 2340 2942 in.
2375 2892 2741 2941 monumento
2785 2901 2931 2942 novo
2980 2895 3231 2942 mortuus
3276 2884 3531 2942 insumas

1929 2982 2095 3036 vitam
2126 2978 2421 3042 defunctis.
2442 2977 2688 3045 Domine,
2708 2993 2834 3033 cum
2856 2980 2932 3035 sis
2953 2978 3086 3043 vita,
3115 2988 3404 3049 tecumque
3432 2993 3524 3039 as-

261 3084 394 3136 σμον
460 3069 636 3141 ἐαυτῷ
694 3049 1048 3143 ἐξεγερθεὶς,
1077 3049 1427 3144 ’άνυμνοῧντα
1480 3049 1541 3127 τὸ
1587 3049 1600 3054 ⁷
1629 3075 1828 3147 κράτος

1959 3085 2159 3142 urgere
2186 3069 2323 3126 facis
2359 3068 2621 3123 mundum
2649 3075 2801 3123 tuam
2828 3084 2952 3124 cum
2983 3078 3223 3124 tremore
3252 3067 3524 3124 extollen-

261 3176 355 3213 σου
414 3161 508 3214 καὶ
557 3162 705 3233 φόϐῳ
755 3164 1131 3235 μελῳδούντα⁶
1162 3166 1266 3221 Τὸν
1312 3166 1525 3237 Κύριον.
1570 3166 1831 3242 ὑμνεῖτες,

263 3248 329 3303 τὰ
356 3247 513 3318 ἔργα.

342 3339 432 3393 Ἐν
488 3342 784 3414 κατωτάτω
838 3343 1046 3415 λάκκῳ,
1100 3345 1297 3415 Κύριε,
1327 3347 1419 3401 σοῦ
1478 3350 1841 3415 καταϐάντος,

264 3429 412 3483 etiam
463 3430 624 3499 φύσις
678 3433 978 3503 ἀνήνεκται
1008 3435 1114 3489 τῶν
1163 3436 1487 3508 ἀνθρώπων,
1545 3439 1834 3507 καὶ,).ελύ-

262 3540 468 3591 τρωται
521 3524 851 3597 καθείρξεως
903 3527 1177 3597 ζοφώδους
1267 3529 1643 3600 ὑμνολογοῦσά
1737 3548 1832 3585 σου

262 3612 360 3684 τὴν
418 3616 820 3688 εὐσπλαγχνίαν
898 3620 996 3688 τὴν
1087 3619 1311 3690 πολλὴν,
1348 3621 1447 3674 καὶ
1526 3623 1625 3691 τὴν
1677 3622 1838 3677 ἄπει-

267 3722 358 3776 ρον
406 3707 656 3778 δύναμιν,
715 3711 810 3762 καὶ
855 3710 1005 3778 φόϐῳ
1065 3711 1381 3783 μελῳδοῠσα
1416 3729 1433 3744 “
1469 3713 1572 3768 Τὸν
1636 3715 1847 3788 Κύριον.

265 3796 295 3849 ὑ
304 3799 482 3866 μνεῖτε
492 3838 505 3852 .
978 3846 981 3849 .

337 3888 526 3961 Πάσχα
570 3890 633 3945 τὸ
674 3890 817 3947 θεῖον
865 3892 961 3949 καὶ
1020 3892 1352 3963 σεϐάσμιον,
1422 3895 1615 3966 Πάσχα
1671 3915 1844 3970 σωτη-

268 3981 475 4053 ριῶδες,
497 3983 686 4055 Πάσχα
711 3985 979 4056 μακάριον
1008 3985 1356 4058 ἐορτάσωμεν
1385 3987 1679 4059 γηθὸμενοι
1702 4008 1717 4022 ο
1750 3991 1846 4049 καὶ

267 4070 433 4140 ὕμνον
455 4073 790 4145 εὐχαρίστως
818 4076 894 4147 τῷ
933 4077 1169 4152 ζωοδότῃ
1204 4081 1301 4139 καὶ
1343 4081 1642 4153 καινοποιῷ
1685 4083 1845 4154 ἡμῶν

269 4160 387 4231 Θεῷ
437 4161 701 4221 ἐπινίκιον
736 4164 957 4237 ᾄσωμεν
985 4169 1291 4239 συμφώνως
1317 4168 1710 4241 μελῳδοῦντες·
1739 4169 1845 4230 Τὸν

269 4252 472 4321 Κύριον
506 4254 746 4326 ὑμνεῖτε.

343 4346 536 4446 Χαῖρε,
556 4349 833 4403 πεσόντων
849 4350 1244 4423 ἐπανόρθωσις,
1263 4355 1446 4426 χαῖρε,
1477 4354 1723 4428 κατάρας
1747 4354 1838 4408 λύ-

2020 4348 2198 4416 Salve,
2251 4349 2361 4405 Deo
2392 4347 2722 4405 charissima
2762 4342 2949 4420 Virgo,
2995 4358 3141 4405 tutes
3179 4362 3367 4405 eorum
3428 4349 3547 4418 qui.

1935 3168 2037 3214 tem
2067 3158 2363 3230 potentiam
2394 3173 2407 3212 :
2442 3155 2618 3228 Opera
2664 3155 2901 3226 Domini,
2926 3158 3239 3214 benedicite
3272 3157 3523 3215 Domino.

2004 3334 2082 3391 'l‘e
2125 3334 2507 3401 descendente,
2557 3335 2806 3404 Domine,
2843 3338 2898 3393 in
2953 3337 3136 3393 lacum
3185 3335 3524 3406 inferiorem,

1935 3429 2063 3484 inde
2099 3429 2373 3484 attraxisti
2406 3429 2695 3509 hominum
2724 3437 2976 3484 naturam
3008 3430 3284 3485 detentam
3312 3430 3365 3483 in
3398 3444 3524 3484 car-

1884 3558 1887 3559 ν
1936 3537 2060 3577 cere
2115 3521 2431 3589 tenebroso,
2477 3524 2847 3579 celebrantem
2905 3537 3054 3577 nunc
3087 3519 3522 3577 misericordiam

1938 3623 2086 3667 tuam
2118 3629 2370 3685 magnam
2393 3616 2611 3686 vimque
2638 3615 2903 3693 infinitam
2925 3622 2980 3668 et
3010 3614 3124 3668 bsic
3150 3611 3524 3687 modulantem

1940 3717 2063 3759 cum
2100 3710 2339 3761 tremore
2365 3723 2379 3761 :
2409 3704 2653 3762 Laudate
2683 3704 2989 3760 Dominum.

2014 3892 2221 3949 Pascha
2253 3890 2498 3945 divinum
2566 3888 2892 3960 praeclarum
2955 3897 3011 3949 et
3065 3886 3535 3969 saluberrimum,

1945 3986 2073 4043 felix
2129 3984 2361 4049 Pascha,
2387 3992 2439 4040 te
2461 3982 2765 4055 gaudentes
2791 3982 3152 4048 celebramus,
3178 3980 3384 4052 tibique
3410 3989 3528 4038 stu-

1944 4076 2246 4147 pendorum
2280 4088 2392 4146 prae
2422 4073 2662 4129 novitate
2684 4073 2951 4143 patratori
2979 4080 3034 4129 et
3066 4088 3096 4128 a
3121 4089 3231 4144 quo
3256 4071 3524 4131 habemus

1944 4168 2149 4233 vivere,
2174 4165 2423 4221 unanimi
2472 4173 2649 4225 cantu
2699 4164 3054 4238 gratitudinis
3095 4164 3358 4238 hymnum
3403 4165 3527 4221 lita-

1947 4276 2071 4317 mus
2103 4260 2350 4316 dicentes
2376 4277 2390 4314 :
2422 4257 2672 4314 Laudate
2700 4257 3027 4339 Dominum.

272 4451 379 4500 σις,
406 4434 789 4509 θεοχαρίτωτε,
806 4442 1141 4516 χαῖρε,πύλη
1163 4443 1457 4511 ἀδιόδευτε,
1471 4446 1648 4516 χαῖρε,
1669 4445 1838 4515 φωτὸς

1959 4441 2272 4505 ceciderunt
2323 4440 2681 4504 resurrectio,
2719 4440 3023 4513 redemptio
3051 4455 3082 4495 a
3119 4441 3527 4509 maledictione,

272 4526 492 4600 νεφέλη,
525 4534 706 4601 χαῖρε,
737 4533 976 4590 τεκοῦσα
1003 4536 1195 4609 κόσμῳ
1219 4537 1321 4611 τὴν
1345 4537 1614 4609 σωτήριον
1643 4539 1843 4610 χαρὰν,

275 4625 447 4692 χαῖρε,
466 4624 538 4693 γῆ
558 4625 898 4699 ἁγεὼργητε,
916 4632 1096 4703 χαῖρε,
1114 4630 1366 4702 βοώντων
1392 4632 1592 4703 σκέπη,
1615 4630 1707 4687 τὸν
1732 4632 1847 4689 Κύ-

273 4730 387 4782 ριον
417 4713 659 4784 ὑμνεῖτε.
1540 4734 1544 4739 ‘

468 4892 681 4961 Ξενίας
731 4898 1102 4968 Δεσποτικ-ῆς
1138 4899 1237 4961 καί
1284 4898 1611 4957 ἀθανάτου.

346 4984 702 5057 Κατέρῥαξας
723 4986 814 5041 τὸν
838 4986 1064 5059 Ἐχθρὸν
1087 4989 1388 5060 ὑψούμενος
1407 4990 1499 5045 ἐπὶ
1516 4989 1694 5058 ξύλου,
1716 5010 1851 5046 κατ-

271 5074 433 5145 ῆλθες
480 5075 540 5129 ἐν
580 5075 665 5147 τῷ
695 5076 797 5151 ᾄδῃ
836 5079 931 5153 καῖ
992 5079 1197 5143 πάντας
1242 5079 1369 5145 τοὺς
1430 5083 1547 5143 ἐκεῖ
1567 5082 1850 5153 δεσμώτας

273 5165 431 5230 ὄντας
459 5150 951 5241 ἐξήγειρας,ίίσχῦν
981 5172 1394 5242 ἀπονεκρώσας,
1425 5172 1587 5243 Λὸγε,
1616 5150 1712 5227 τοῦ
1748 5174 1847 5229 θα-

276 5257 458 5325 νάτου,
484 5259 579 5314 καὶ
600 5260 799 5331 κράτος
825 5264 893 5332 τῇ
938 5261 1159 5334 ἐξουσίᾳ
1194 5280 1311 5318 σου.

345 5353 415 5406 Σὺ
434 5353 672 5418 ἀναστὰς
710 5354 810 5423 τὴν
874 5356 1010 5410 Σιὼν
1055 5356 1427 5429 ᾠκτείρησας.
1458 5359 1712 5428 ζωοὸότα,
1750 5362 1847 5417 σὺν

282 5440 547 5515 μαθηταῖς
574 5443 809 5515 ἡμέραις
832 5445 889 5500 ἐν
929 5447 1171 5501 πλείοσιν
1200 5447 1387 5517 ὀφθείς
1410 5467 1426 5483 ο
1494 5452 1592 5507 καὶ
1640 5452 1850 5516 τούτοις

279 5533 723 5606 συναυλιζόμενος
747 5538 1037 5611 κηρύττειν
1069 5558 1127 5595 σε
1160 5540 1293 5596 Θεὸν
1324 5544 1404 5608 είς
1455 5544 1523 5603 τά
1566 5544 1692 5620 ἔθνη
1765 5548 1850 5599 ἐν·

282 5627 487 5692 ετείλω,
506 5629 600 5683 καὶ
630 5629 845 5686 πάντων
875 5632 1103 5702 Σωτῆρα
1128 5631 1355 5702 Κύριον.

1948 4542 2105 4605 porta
2136 4532 2423 4603 impervia,
2455 4534 2632 4590 nubes
2662 4532 2911 4599 luminis,
2943 4538 3001 4589 tu
3038 4533 3351 4603 parturiens
3379 4541 3526 4588 attu-

1949 4629 2059 4683 liSti
2101 4624 2305 4682 mundo
2343 4626 2576 4682 salutem
2624 4626 2967 4683 etlaztittam.
3014 4624 3196 4692 Salve,
3229 4626 3394 4681 tellus
3439 4626 3528 4680 in-

1947 4720 2333 4787 culta;salve,
2377 4716 2698 4789 praesidium
2746 4705 3102 4774 clamantium
3150 4737 3162 4774 :
3212 4717 3535 4774 Benedicite

1953 4808 2263 4863 Dominum.

1987 4899 2391 4969 Hospitalitatis
2426 4899 2715 4957 Dominica:
2747 4911 2795 4955 et
2830 4900 2885 4971 in
2916 4910 3169 4954 aeternum
3223 4899 3525 4955 duratum.

2022 4989 2312 5048 Exaltatus
2351 4994 2406 5048 in
2453 4980 2618 5050 cruce
2663 4993 2940 5063 dirupisti,
2970 4991 3236 5058 Verbum,
3262 4992 3372 5047 vim
3418 4991 3533 5046 ini:

1954 5085 2076 5140 mici
2102 5093 2157 5141 et
2185 5084 2547 5142 descensione
2572 5093 2665 5140 tua
2698 5085 2752 5140 in
2777 5084 3007 5152 inferos,
3034 5097 3228 5139 omnes
3258 5083 3346 5137 hic
3367 5097 3531 5153 agen.

1953 5186 2034 5233 tes
2070 5177 2437 5248 captivitatem
2484 5177 2754 5243 liberasti,
2785 5186 2840 5233 et
2870 5176 3063 5233 mortis
3095 5181 3422 5245 poteStatcm
3455 5172 3543 5228 ad.

1953 5269 2182 5324 nihilum
2210 5268 2428 5340 propria
2464 5269 2670 5325 virtute
2702 5269 2984 5343 redegisti.

2020 5357 2102 5414 Tu
2135 5375 2444 5428 resurgens,
2475 5369 2667 5415 auctor
2695 5360 2839 5427 vita),
2875 5356 3134 5415 misertus
3151 5373 3213 5415 es
3246 5354 3402 5425 Sion,
3423 5370 3525 5426 per

1950 5451 2262 5522 complures
2289 5450 2408 5506 dies
2439 5451 2591 5506 visus
2618 5465 2676 5506 es
2726 5465 2851 5504 cum
2882 5449 3170 5519 discipulis
3196 5456 3249 5504 et
3277 5445 3525 5503 habitans

1951 5560 2074 5598 cum
2107 5543 2187 5599 eis
2217 5540 2417 5613 quibus
2448 5542 2719 5597 mandasti
2762 5549 2820 5596 ut
2856 5548 2908 5596 te
2937 5541 3080 5611 apud
3113 5555 3304 5596 omnes
3339 5552 3541 5613 gentes

1954 5636 2354 5702 prodamareut
2387 5631 2556 5689 Deum
2587 5634 2941 5703 omniumque
2971 5631 3332 5688 Salvatorem.

3592 2623 3627 2755 ἓ

3602 4916 3614 4945 ἢ
