3986 6236
513 280 648 344 σεξτ

1373 292 1434 360 S.
1467 295 1879 366 SOPHRONII
1922 297 2427 366 ΡΑΤΒΙΑΒΟΗΕ
2462 308 2861 369 HIEROSOL.

3624 311 3754 372 3028

575 391 620 446 Ο
661 392 891 458 Pascha,
938 396 1152 452 cunctis
1181 397 1563 467 jubilationem
1597 403 1848 470 aﬂ‘ereus,
1883 422 1916 462 ο
1947 407 2073 464 Ver-

2255 409 2326 468 Ὦ
2361 417 2572 486 Πάσχα,
2608 419 2739 470 πᾶσι
2769 419 2977 482 πιστοῖς
3027 417 3356 486 παρεκτικὸν
3385 418 3678 488 θυμηδίας·
3714 412 3755 473 ὦ
3794 421 3796 424 ’

511 478 640 532 hum
673 478 762 533 Dei
781 478 959 536 Patris
982 499 1078 553 per
1093 484 1234 554 quod
1255 500 1284 539 a
1307 487 1681 545 maledictione
1703 507 1893 548 sumus
1913 498 2082 565 erepti

511 585 702 625 omnes
751 585 848 626 nos
876 571 969 642 qui
1007 581 1057 628 te
1089 583 1493 633 conti-ementes
1536 581 1930 652 gloriﬁcamus,
1974 597 2084 644 tuae

514 659 601 716 [ac
631 675 728 716 nos
757 663 1049 735 participes
1079 666 1262 737 gloria:
1301 667 1356 722 in
1383 685 1548 739 regno
1579 679 1694 739 tuo.

587 749 632 806 Ο
657 767 777 822 qua:
809 754 1043 822 genuisti
1075 755 1242 812 Deum
1287 774 1396 829 quo
1428 775 1574 816 mors
1598 772 1650 816 et
1684 764 1842 822 inferi
1872 774 2084 826 terrore

516 844 751 910 perculsi
766 855 890 900 sunt
924 846 1040 910 visa
1074 863 1153 913 es,
1189 847 1356 920 Virgo
1392 851 1533 916 inter
1563 855 1857 922 mulieres;
1894 857 2086 928 depre-

513 947 639 997 can-
665 949 881 1006 semper
914 945 972 994 ut
1007 936 1200 992 liberet
1231 953 1332 994 nos
1359 940 1428 995 ab
1453 944 1708 1000 omnibus
1740 947 1898 1002 malis
1919 957 1970 1004 et
1993 964 2084 1019 pe-

515 1024 726 1089 riculis,
759 1033 810 1080 te
839 1027 1180 1082 conﬁdenter
1209 1033 1637 1101 magnilicantes.

697 1114 810 1170 Tuo
841 1133 1021 1171 antore
1061 1120 1113 1172 in
1144 1120 1372 1176 homines
1395 1123 1451 1177 in
1477 1133 1618 1178 terra
1645 1128 1903 1196 degentes.

580 1202 838 1265 Malitiam
867 1221 897 1261 e
928 1206 1073 1275 ligno
1125 1217 1299 1262 ortam
1352 1226 1447 1280 per
1492 1212 1696 1280 lignum
1743 1215 2008 1283 delevisti,
2048 1235 2081 1274 ο

506 1288 634 1351 Jesu
690 1289 922 1350 Verbum
971 1293 1178 1350 Pascha
1240 1309 1487 1354 nostrum
1543 1301 1826 1372 innocens,
1880 1309 2080 1378 cuique

509 1383 642 1443 nihil
677 1385 903 1452 resistit,
933 1393 1108 1442 morte
1141 1396 1232 1453 tua
1264 1390 1551 1456 vivilicasti
1581 1409 1718 1464 quos
1755 1397 1957 1472 lignum
1992 1400 2077 1453 in-.

505 1474 827 1530 terfeccrat.

575 1566 685 1631 Age
726 1565 780 1619 in
839 1566 1026 1621 laetitia
1074 1583 1264 1626 omnes
1301 1586 1528 1642 agamus
1559 1575 1780 1644 choros,
1821 1579 2077 1639 Christus

505 1655 822 1720 resurrexit,
869 1673 1142 1716 evacuans
1186 1671 1332 1717 certe
1385 1666 1732 1726 tenebrosum
1789 1669 2074 1740 imperium

503 1747 725 1815 inl'crni,
758 1757 812 1806 et
843 1755 1300 1815 resurrectionem
1340 1756 1610 1814 instillans
1643 1762 1894 1817 mortuis.

573 1841 757 1899 Primo
786 1860 945 1902 mane
973 1862 1094 1903 cum
1130 1849 1408 1905 venissent
1445 1851 1510 1906 ad
1545 1854 1856 1924 sepulcrum
1890 1856 2075 1912 l'ercn-

501 1944 583 1995 tes
610 1946 874 2003 aromata,
905 1938 1158 1994 viderunt
1181 1941 1405 2010 angelos
1435 1943 1754 2012 superfusus
1785 1947 2074 2016 splendore.

500 2045 527 2078 a
566 2029 764 2098 quibus
790 2045 986 2100 magno
1021 2033 1286 2102 perculsae
1313 2041 1520 2110 terrore
1551 2035 1868 2106 didicerunt
1894 2055 2073 2106 resur—

499 2118 795 2173 rectionem
827 2119 1153 2182 Salvatoris.

568 2208 750 2277 Salve,
783 2211 893 2267 Deo
927 2213 1253 2270 charissima
1284 2222 1338 2271 et
1365 2215 1676 2281 benedicta,
1701 2219 1814 2274 sola
1840 2221 2074 2291 pulchri-

496 2302 630 2356 tu.lo
701 2319 761 2359 es
831 2306 1183 2376 angelorum,
1259 2309 1522 2363 auxilium
1579 2309 2072 2369 Christianorum.

496 2392 677 2460 Salve,
724 2409 758 2449 o
805 2402 861 2450 tu
896 2411 1016 2467 qua:
1047 2404 1140 2453 tuo
1178 2407 1338 2467 partu
1391 2400 1637 2456 clausisti
1687 2401 1847 2459 nobis
1886 2414 2071 2473 portas

495 2481 712 2536 mortis.

865 2571 970 2637 Qui
1000 2573 1169 2642 fecisti
1209 2574 1396 2628 caelum
1431 2576 1497 2629 ab
1528 2577 1703 2631 initio.

565 2664 608 2712 0
635 2669 716 2724 ιιι,
757 2677 856 2730 per
907 2679 1070 2733 quem
1119 2665 1243 2720 coeli
1289 2666 1542 2740 explicati
1585 2675 1737 2734 sunt,
1773 2671 2066 2728 extendisti

495 2753 803 2809 voluntarie
837 2769 1030 2821 manus
1064 2773 1230 2829 super
1273 2758 1520 2830 lignum;
1564 2762 1776 2830 positus
1805 2772 1984 2818 autem
2016 2767 2067 2819 in

494 2847 746 2922 sepulcro
772 2846 1060 2912 vivificasti
1103 2861 1346 2920 mortuos
1375 2853 1842 2931 exsuscitastique
1877 2869 2069 2911 omnes

496 2942 734 3008 gloriosa
767 2951 858 2997 tua
882 2947 1305 3013 resurrectione,

565 3031 786 3098 Volens,
821 3046 878 3089 ut
915 3037 1181 3094 innocens
1221 3054 1396 3109 agnus
1445 3039 1727 3110 iugulatus
1767 3057 1848 3105 es,
1893 3042 2068 3097 libens

494 3126 687 3190 etiam,
713 3125 776 3179 ad
823 3128 990 3182 vitam
1037 3131 1308 3185 revocasti
1341 3130 1612 3185 hominem
1646 3132 1844 3186 misere
1891 3131 2073 3202 perdi.
2099 3100 2142 3158 ο

495 3223 634 3279 tum,
661 3231 725 3269 eo
754 3216 898 3285 quod
926 3218 1133 3272 inimici
1166 3220 1399 3274 consilio
1427 3235 1482 3273 se
1512 3221 1859 3290 praestitisset
1892 3221 2072 3279 inobe-

497 3307 759 3376 tlientem,
789 3306 1061 3380 illumque
1087 3309 1462 3366 misericordia
1503 3319 1593 3367 tua
1629 3312 1868 3383 paradisi
1897 3314 2068 3370 civem

495 3393 742 3461 t-li'ecisti.
1638 3394 1640 3397 ’

573 3486 698 3542 ΙΙωο
737 3495 822 3543 est
860 3489 1054 3546 festiva
1091 3499 1145 3548 et
1169 3493 1289 3548 laata
1339 3492 1458 3550 dies
1493 3488 1547 3548 in
1581 3508 1686 3564 qua
1738 3495 1825 3570 pia
1877 3495 2071 3564 jubila-

495 3581 644 3641 liplle
687 3581 1037 3652 perfunditur
1106 3586 1288 3641 omnis
1342 3595 1590 3640 creatura
1646 3595 1700 3643 ct
1755 3586 2072 3659 Spiritaliter

495 3671 697 3738 gaudet
745 3672 946 3728 festum
1012 3688 1202 3744 agens,
1253 3676 1635 3756 exclamatque
1686 3691 1720 3731 ο
1775 3692 2069 3752 resurgens

495 3771 782 3830 mortuus,
843 3765 1156 3822 venerabile
1216 3764 1472 3829 Pascha:
1514 3765 1698 3822 Gloria
1763 3768 1899 3834 tibi,
1959 3767 2069 3824 Do-

493 3857 661 3919 tuine.

567 3943 642 4010 Te
688 3962 791 4004 nos
839 3948 914 4002 tui
970 3947 1152 4011 ﬁdeles
1185 3949 1289 4005 laeti
1333 3949 1808 4015 concelebramus,
1837 3965 1870 4006 ο
1900 3949 2068 4021 Virgo

495 4035 722 4099 omnino
751 4046 941 4093 sancta
979 4054 1101 4108 quae
1130 4038 1300 4104 Deum
1332 4041 1576 4096 omnium
1602 4041 1863 4110 peperisti
1893 4043 2068 4097 omni-

494 4127 599 4193 bus
623 4126 940 4190 afferentem
967 4143 997 4184 ο
1023 4130 1232 4187 tumulo
1266 4145 1390 4189 cum
1424 4133 1599 4210 gloria
1631 4131 1875 4188 laetitiam
1903 4142 1956 4188 et
1979 4133 2066 4188 in-

493 4219 1002 4289 corruptiblitatem
1038 4230 1093 4287 et
1115 4223 1302 4290 vitam,
1333 4233 1782 4296 evertentemque
1821 4232 2066 4307 potesta-

494 4321 602 4378 tem
639 4317 693 4365 ct
721 4310 1009 4380 imperium
1049 4311 1276 4381 diaboli,

859 4421 1048 4480 Sinam
1091 4423 1271 4481 Patris
1299 4441 1402 4481 non
1433 4425 1692 4482 deserens.

557 4514 879 4571 Voluntarie
908 4517 1101 4573 allixus
1122 4518 1268 4587 ligno
1290 4521 1491 4587 crucis,
1521 4536 1552 4576 o
1571 4519 1696 4576 Jesu
1729 4521 2067 4589 misericors,

495 4606 710 4664 irritam
749 4606 1050 4676 detur-pasti
1107 4621 1320 4662 omnem
1358 4610 1564 4666 inimici
1611 4610 2066 4677 dominationem,

493 4697 772 4764 vitamque
795 4696 1063 4756 scaturire
1085 4697 1262 4756 feciin
1295 4701 1518 4760 mundo.

566 4787 768 4842 Encas
809 4788 1006 4844 inferni
1048 4799 1232 4861 portas
1274 4791 1647 4861 confringens,
1682 4792 1918 4849 libertati
1968 4807 2068 4849 nos

495 4892 686 4932 munes
707 4878 969 4948 captivos,
990 4879 1226 4951 diruptis
1247 4882 1481 4937 vinculis
1507 4885 1718 4947 mortis,
1753 4883 2065 4946 restituisti,

493 4969 730 5034 Christe,
761 4970 1002 5039 potentia
1030 4977 1216 5035 tua,et
1258 4970 1345 5025 die.
1391 4971 1850 5042 tertia,Verbqu,
1883 4987 2068 5026 resur-

493 5058 706 5115 rexisti.

567 5151 924 5209 Vestiuientis
961 5152 1100 5208 albis
1128 5152 1386 5208 virtutum
1423 5153 1712 5222 induentes
1744 5171 1847 5212 nos
1875 5155 1929 5210 in
1961 5156 2077 5224 hoc‘

495 5243 638 5301 festo
661 5247 945 5316 splendido
977 5248 1530 5319 Imtemur;maguum
1559 5248 1704 5302 enim
1736 5257 1790 5302 et
1825 5249 2067 5304 salutare

493 5335 704 5393 Pascha
733 5347 855 5404 est;
892 5337 1102 5393 Pascha
1139 5335 1369 5394 all'erens
1401 5339 1603 5396 mundo
1634 5339 2063 5415 redemptionem

494 5432 549 5482 et
581 5427 769 5482 vitam.

568 5518 781 5590 Agoum
814 5519 1212 5594 Domiuumque
1242 5538 1306 5578 ex
1330 5531 1390 5584 ,ιε
1421 5522 1767 5579 immaculata
1808 5525 2063 5579 incarna-

499 5612 618 5662 tum
649 5610 834 5666 videns
869 5613 1028 5669 hodie
1063 5615 1266 5672 mundo
1299 5621 1674 5687 assurgentem
1725 5631 1788 5669 ex
1835 5615 2064 5670 inortuis

501 5697 707 5779 repleta
728 5715 786 5758 es
814 5705 1028 5778 gaudio.

2187 499 2321 553 Θεοῦ
2358 502 2567 571 Πατρδς
2599 503 2760 571 Λόγε,
2787 503 2856 556 δι’
2880 499 2941 558 οὗ
2975 506 3036 558 ἐκ
3065 506 3160 574 τῆς
3192 505 3398 577 φθορᾶς
3433 508 3603 575 ἡμεῖς
3631 508 3754 560 πάν-

2185 584 2275 653 τες
2300 592 2680 664 ἐλυτρώθημεν
2711 598 2758 648 οἱ
2791 595 2850 648 σὲ
2888 595 3292 664 δοξολογοῦντες
3346 595 3518 667 πόθῳ,
3572 615 3751 652 κοινω-

2187 685 2310 746 νοὺς
2343 685 2491 757 ἡμᾶς
2518 685 2691 750 δεῖξον
2723 687 2822 756 τῆς
2858 685 3135 756 βασιλείας
3176 703 3292 740 σου.

2255 775 2528 846 Παρθένος
2565 777 2622 828 ἐν
2643 776 2854 845 γυναιξὶ
2885 776 3016 841 Θεὸν
3045 776 3276 831 τεκοῦσα
3306 777 3515 848 ἐφάνης
3536 794 3551 808 ·
3585 777 3646 831 ὃν
3664 777 3752 830 ἔπι

2183 866 2344 935 τηξεν
2366 868 2392 920 ὁ
2422 865 2554 938 ᾆδης
2584 869 2677 930 καὶ
2708 868 2952 934 θάνατος,
2985 869 3142 938 ἁγνὴ,
3169 868 3355 923 τοῦτον
3397 869 3485 923 ἀεὶ
3537 869 3754 924 καθικέ-

2183 975 2341 1023 τευε,
2389 959 2656 1021 παντοίων
2717 961 2904 1014 κακῶν
2962 963 3055 1027 καὶ
3109 962 3367 1029 κινδύνων
3421 961 3755 1034 λυτρωθῆναι

2183 1051 2307 1113 τοὺς
2337 1049 2515 1103 πίστει
2547 1068 2605 1103 σε
2633 1052 3055 1121 μεγαλύνοντας.

2565 1145 2782 1197 Νεύσει
2825 1159 2942 1198 σου
2975 1148 3124 1212 πρὸς
3161 1148 3368 1216 γεώδη.

2250 1233 2404 1304 Ξύλῳ
2435 1232 2533 1304 τὴν
2559 1232 2648 1286 διά
2677 1233 2832 1299 ξύλου
2866 1236 3194 1306 ἐξαφανίσας
3219 1238 3442 1303 κακίαν,
3499 1239 3631 1300 τοὺς
3677 1237 3755 1312 ξύ·

2180 1325 2256 1394 λῳ
2294 1323 2659 1394 τεθνὴξαντας
2691 1325 2906 1396 Θανάτῳ
2942 1344 3033 1380 σου
3060 1327 3336 1396 ἐςώωσας,
3375 1328 3570 1397 Πάσχα
3611 1327 3752 1398 duch

2182 1433 2282 1488 μον
2306 1415 2399 1474 καὶ
2421 1416 2581 1484 θεῖον,
2609 1417 2749 1488 Λόγε
2770 1417 2863 1482 τοῦ
2891 1418 3025 1473 Θεοῦ
3061 1420 3236 1491 Ἰησοῦ
3253 1419 3558 1474 παντοδύνα
3566 1436 3654 1488 με.

2249 1589 2412 1654 Δεῦτε
2437 1592 2496 1644 ἐν
2523 1591 2829 1663 εὐφροσύνῃ
2857 1594 3344 1672 περιχορεύσωμεν
3374 1594 3604 1658 πάντες,
3630 1594 3748 1663 Χρι.

2181 1683 2303 1746 στδς
2329 1683 2703 1754 ἐξεγήγερται,
2749 1684 2810 1738 τὸ
2849 1686 3074 1756 ζοφερὸν
3133 1686 3399 1756 βασίλειον
3442 1687 3617 1748 ὅντως
3662 1686 3746 1746 τοῦ

2181 1777 2306 1848 ᾅδου
2340 1777 2582 1835 κενώσας
2616 1780 2708 1833 καὶ
2738 1781 2849 1844 τοῖς
2869 1780 3125 1834 τεθνεῶσι
3148 1783 3403 1852 πηγάσας
3432 1781 3742 1834 ἀνάστασιν.

2255 1869 2509 1940 Ὀρθριαι
2541 1870 2679 1939 πρὸς
2708 1871 2766 1924 τὸ
2800 1873 2986 1942 μνῆμα
3024 1874 3078 1926 οἱ
3121 1875 3417 1944 μυροφόροι
3479 1873 3742 1934 ἐλθοῦσαι,

2180 1961 2444 2036 ἀγγέλους
2463 1961 2744 2016 τεθέανται
2764 1964 3110 2034 λαμπρότητι
3139 1965 3556 2036 ἀστράπτοντας
3589 1981 3603 1994 ·
3635 1964 3740 2018 ὅθεν

2181 2033 2331 2130 φόϐῳ
2393 2049 2736 2124 συσχεθεῖσαι
2780 2051 2879 2123 τὴν
2927 2052 3022 2117 τοῦ
3066 2051 3356 2124 Λυτρωτοῦ
3411 2053 3740 2106 ἐδιδάσκοντο

2180 2143 2419 2212 ἔγερσιν.

2249 2233 2442 2303 Χαῖρε,
2479 2226 2816 2305 εὐλογημένη
2865 2235 3273 2306 Θεοχαρίτωτε,
3324 2235 3456 2306 μόνη
3513 2235 3738 2303 ἀγγέλων

2179 2323 2500 2394 εὐπρέπεια,
2525 2325 2828 2396 ἀνθρώπων
2858 2327 2890 2398 ἠ
2926 2326 3168 2396 βοήθεια,
3208 2327 3418 2398 χαίροις
3531 2328 3627 2390 τὰς
3655 2324 3735 2390 τοῖρ

2179 2415 2409 2468 θανάτου
2431 2415 2602 2480 πύλας
2631 2418 2701 2488 τῇ
2730 2417 2922 2488 κυήσει
2940 2420 3005 2492 τῇ
3041 2420 3107 2490 σῇ
3135 2400 3538 2482 ἀποκλείσασα.

2492 2595 2544 2646 '0
2573 2595 2700 2650 κατ’
2719 2595 2909 2664 ἀρχὰς
2950 2597 3090 2664 τοὺς
3130 2599 3446 2665 οὐρανούς.

2261 2685 2319 2739 '0
2347 2684 2618 2749 διατείνας
2660 2687 2944 2756 οὐρανοὺς,
2997 2688 3317 2752 ἐθελουσίως
3349 2689 3608 2758 παλάμας
3654 2687 3730 2740 ἐπὶ

2179 2777 2338 2843 ξύλου
2363 2777 2592 2844 ἔτεινας,
2631 2779 2812 2851 Σῶτερ
2837 2795 2852 2810 ο
2882 2779 3060 2844 τεθεὶς
3111 2781 3168 2834 δέ
3225 2780 3416 2851 νεκρὸς
3464 2783 3524 2833 ἐν
3571 2780 3727 2849 τάφῳ,

2177 2868 2442 2935 Δέσποτα,
2475 2867 2846 2937 ἐζωοποίησας
2875 2872 3123 2941 νεκροὺς,
3180 2871 3272 2924 καὶ
3310 2874 3377 2940 τῇ
3419 2873 3594 2939 σεπτῇ
3646 2885 3724 2920 σου

2176 2961 2395 3031 ἐγέρσει
2426 2963 2632 3025 πάντας
2652 2963 2776 3026 τοὺς
2817 2962 3041 3033 βροτοὺς
3077 2963 3565 3033 συνεξανέστησας.

2262 3055 2351 3117 Ὠς
2409 3053 2797 3125 καθαρώτατος
2849 3052 3019 3124 ἀμνδς
3081 3053 3398 3117 ἐθελουσίως
3461 3055 3722 3124 ἐσφάγης.

2175 3147 2439 3210 ἑκουσίως
2453 3145 2544 3199 τὸν
2567 3149 2814 3218 παρακοῇ
2841 3145 3064 3216 Ἐχθροῢ
3093 3163 3154 3199 συ
3164 3146 3367 3216 μὸουλῇ
3390 3145 3587 3208 ἀθλίως
3613 3143 3723 3212 θνή-

2178 3235 2341 3300 ξαντα
2371 3233 2838 3304 ἀνακαλούμενος,
2859 3235 3083 3304 Χριστέ,
3109 3236 3202 3288 καὶ¹
3227 3235 3562 3307 παραδείσου
3594 3231 3724 3286 πολί-

2173 3343 2272 3396 την
2307 3325 2472 3389 θείοις
2501 3327 2808 3395 οἰκτιρμοῖς
2833 3324 3302 3397 ἀπεργαζόμενος.

2246 3502 2391 3574 Λῦτη
2417 3503 2597 3574 ἡμέρα
2650 3504 2843 3573 ἑορτῆς
2887 3503 2980 3556 καὶ
3027 3502 3386 3573 πανηγύρεώς
3419 3503 3570 3554 ἐστιν
3613 3489 3720 3570 ἐνῇ

2174 3598 2324 3651 πᾶσα
2371 3596 2546 3660 κτίσις
2607 3594 2848 3657 εὸσεόὦς
2911 3594 3129 3665 χορεύει
3207 3596 3367 3666 χαρᾷ,
3428 3595 3526 3647 καὶ
3567 3589 3722 3662 χαίρει

2173 3687 2444 3758 πνεύματι
2478 3686 2574 3740 καὶ
2595 3685 2841 3759 ἑορτάζει
2869 3687 2963 3739 καὶ
2989 3686 3086 3756 βοᾷ
3116 3701 3130 3716 ο
3162 3686 3191 3738 ὁ
3235 3687 3298 3737 ἐκ
3343 3683 3558 3754 νεκρῶν
3606 3681 3720 3734 dva-

2170 3777 2372 3847 τείλας,
2407 3778 2598 3848 Πάσχα
2625 3777 2684 3830 τὸ
2710 3777 2923 3842 σεπτὸν,
2955 3776 3150 3848 Κύριε,
3190 3775 3313 3841 δόξα
3345 3793 3448 3829 σοι.

2245 3947 2338 4012 Σὲ,
2364 3945 2636 4014 Παναγία,
2661 3948 2708 4000 ol
2737 3951 2916 4001 πιστοὶ
2937 3947 3283 4018 χαρμονικῶς
3299 3949 3636 4020 ἀνυμνοῦμεν
3647 3945 3720 3999 τὸν

2169 4041 2280 4094 τῶν
2311 4040 2447 4094 ὅλων
2475 4039 2711 4106 τέξασαν
2740 4039 2895 4107 Θεὸν,
2926 4041 3019 4094 τὸν
3053 4043 3187 4094 πᾶσι
3236 4041 3408 4113 χαράν
3468 4043 3536 4096 ἐκ
3569 4042 3718 4107 τάφον

2170 4132 2479 4204 λάμψαντα,
2504 4133 2599 4186 καὶ
2621 4131 2930 4202 ἀφθαρσίαν
2964 4133 3059 4185 καὶ
3093 4132 3258 4204 ζωὴν,
3294 4133 3388 4186 καὶ
3445 4133 3718 4188 καθελόντα

2169 4223 2229 4288 τὸ
2250 4223 2451 4296 κράτος
2480 4223 2573 4282 καὶ
2601 4223 2699 4294 τὴν
2719 4222 3036 4278 δυναστείαν
3061 4222 3154 4277 τοῦ
3187 4223 3503 4294 ἀλάστορος.

2429 4420 2491 4473 '0
2508 4418 2827 4488 πατρικοὺς
2859 4419 3128 4484 κόλπους
3165 4418 3250 4487 μὴ
3278 4418 3494 4473 λιπών.

2257 4513 2606 4585 Ἀναρτηθεὶς
2637 4512 2777 4582 ξύλῳ
2803 4511 2894 4564 τοῦ
2928 4510 3159 4583 σταυροῦ
3184 4511 3524 4578 ἐθελουσίως,
3564 4502 3717 4578 Ἰησοῦ

2172 4606 2540 4676 φιλάνθρωπε,
2567 4605 2666 4668 τὰς
2689 4603 2862 4674 ἀρχάς
2887 4603 3387 4673 παρεδειγμάτισας
3436 4603 3610 4663 πάσας
3638 4593 3716 4650 τοῦ

2169 4697 2491 4768 ἀλάστορος,
2519 4696 2611 4748 καὶ
2643 4694 2787 4764 ζωὴν
2820 4693 2898 4763 τῷ
2923 4693 3118 4763 κόσμῳ
3147 4693 3454 4762 ἐπήγασας.

2163 4800 2172 4808 ‘
2236 4787 2417 4849 Πύλας
2445 4786 2651 4857 χαλκᾶς
2684 4785 2807 4856 ᾅδου
2838 4784 3104 4850 καθελὼν,
3137 4785 3232 4838 καὶ
3272 4782 3367 4838 τοῦ
3401 4783 3623 4837 θανάτου
3651 4776 3708 4831 τὰ

2167 4881 2342 4950 δεσμά
2364 4877 2685 4948 συντρίψας,
2704 4877 2925 4947 Χριστέ,
2942 4878 3068 4940 τοὺς
3086 4877 3340 4946 δεσμίους
3358 4877 3715 4948 ὴλευθὲρωσας

2169 4973 2377 5033 πάντας
2408 4971 2474 5040 τῇ
2517 4967 2745 5037 δυνάμει
2783 4983 2877 5020 σου
2901 5004 2918 5032 ,
2970 4967 3065 5020 καὶ
3110 4967 3359 5038 ἀνέστης,
3388 4968 3545 5035 Λόγε,
3613 4979 3712 5030 τρι⁸

2167 5066 2274 5144 ήμε
2284 5083 2393 5136 ρος.

2235 5152 2732 5225 Λευχειμονοῦντες
2791 5154 2912 5216 ταῖς
2959 5151 3178 5232 ἀρεταῖς
3233 5153 3297 5221 τῇ
3357 5143 3711 5220 λαμπροφόρῳ

2165 5251 2325 5322 ἑορτῇ
2380 5248 2732 5320 χορεύσωμεν
2769 5287 2784 5312 ,
2843 5247 3036 5317 Πάσχα
3097 5246 3242 5316 μέγα
3299 5245 3392 5297 καὶ
3446 5242 3710 5311 σωτήρων.

2165 5341 2409 5411 Πάσχαή
2445 5339 2740 5408 ἀνάκλησις
2780 5339 2870 5390 καλ⁴
2892 5336 3004 5407 ζωὴ
3035 5337 3129 5389 τυῦ
3163 5337 3366 5406 κόσμου
3404 5335 3496 5388 καὶ
3527 5332 3711 5400 λύτρω-

2166 5449 2310 5575 alii!
2341 5519 2433 5573 τοῦ
2467 5519 2600 5573 Θεοῦ
2637 5519 2861 5578 ἀσπιλος
2889 5518 3067 5588 ἀμνὰς
3084 5519 3140 5573 ὃν
3172 5518 3537 5589 ἐσωμάτωσας
3558 5510 3710 5583 ἀμνδν

2167 5615 2258 5669 καὶ
2309 5611 2550 5681 Κύριον,
2603 5613 2666 5662 ἐκ
2733 5613 2940 5680 νεκρῶν
3003 5612 3188 5679 ὁρῶσα
3250 5613 3486 5680 σήμερον
3544 5605 3708 5671 κόσμῳ

2165 5702 2539 5770 ἀνατείλαντα,
2571 5705 2850 5773 χαρμονῆς
2876 5702 3196 5772 πληροῦται,
3231 5702 3547 5772 πανάμωμε.
