3986 6236
356 257 494 319 3Ἶ33

1743 249 2160 311 TRIODIUM.

3453 248 3593 313 3934

352 359 1022 430 ⁹ἐλνάστητονκατωτεὶιτου
1077 377 1140 430 με
1183 358 1407 424 λάκκου,
1459 356 1757 428 κραυγάζω
1813 371 1917 420 σοι,

2057 373 2109 412 ie
2138 358 2376 411 solutum
2429 370 2652 428 surgere
2681 369 2711 410 a
2743 354 3014 427 profundo
3062 356 3186 412 lacu
3241 368 3592 428 peccatorum

355 454 540 509 παθῶν
569 452 958 521 θανατηφόρων
997 452 1090 504 καὶ
1121 451 1395 520 ἁμαρτίας
1426 446 1881 516 ὲκλυτρούμενος.

419 541 622 598 ’Ἦλθον
654 544 948 613 μυροφόροι
980 543 1263 596 κλαίουσαι
1285 541 1376 594 ἐπὶ
1401 542 1460 593 τὸ
1485 543 1588 610 μνῆ
1600 555 1674 608 μα
1697 536 1919 607 ὄρθρου,

352 639 444 692 καὶ
472 637 545 708 μὴ
574 633 826 704 εὑροῦσαί
852 651 930 698 σε,
961 634 1067 687 ίδον
1102 635 1158 685 ὲν
1181 633 1392 694 λευκοῖς
1413 627 1921 703 προσκαθεζόμενον

352 727 597 796 ἄγγελον,
648 727 740 778 καὶ
772 723 998 794 βοῶνταο
1048 723 1286 794 Ἠγέρθη
1328 732 1356 775 ὑ
1387 721 1610 790 Κύριος,
1649 718 1921 771 σπεύσατε

354 815 685 884 ἀπαγγεῖλαι
707 817 818 878 τοῖς
853 815 1120 884 μαθηταῖς
1142 813 1308 868 αὑτοῦ
1333 812 1434 882 τὴν
1463 812 1703 880 ἔγερσιν.

421 987 635 1057 Φρίττει
681 988 831 1040 πᾶσα
891 986 1088 1054 κτίσις,
1135 984 1402 1042 Δέσποινα
1437 1028 1452 1054 ,
1485 987 1546 1041 τὸ
1605 987 1746 1058 ὑπὲρ
1800 985 1924 1039 νοῦν

359 1079 656 1150 μυστήριον
679 1078 778 1148 τῆς
802 1078 1016 1149 λοχείας
1047 1095 1158 1134 σου·
1193 1079 1395 1143 τίκτεις
1418 1079 1526 1148 γὰρ
1561 1078 1693 1132 Θεὸν
1714 1079 1923 1148 Ἐμμα·

355 1171 534 1240 νουὴλ,
571 1172 985 1241 χρηματίσαντα
1027 1171 1278 1240 δι’ἡμᾶς,
1300 1169 1696 1240 παναμώμητε,
1714 1168 1924 1240 ἄνθρω-

354 1278 474 1320 πον,
499 1261 590 1314 τὸν
617 1261 851 1315 λύσαντα
878 1260 1105 1315 Θανάτου
1129 1261 1227 1333 τὴν
1256 1261 1574 1316 δυναστείαν
1599 1260 1676 1330 τῷ
1704 1259 1922 1330 σταυρῷ

355 1353 540 1409 αὑτοῦ.

743 1445 852 1498 Ὃν
878 1444 1233 1512 φρίττουσιν
1269 1442 1534 1513 ἄγγελοι.

422 1536 622 1606 Θρηνεῖ
645 1537 792 1592 πᾶσα
825 1536 1001 1598 κτίσις
1045 1552 1140 1589 σου
1161 1535 1222 1588 τὸ
1251 1536 1445 1600 πάθος,
1474 1533 1669 1604 ἀγαθέο
1701 1535 1730 1588 ὁ
1773 1533 1924 1604 ἥλιος

357 1628 637 1682 σϐέννυται
669 1627 762 1680 σοῦ
791 1611 1042 1689 δύναντος
1075 1625 1314 1697 σταυρῷ,
1339 1627 1433 1680 καὶ
1460 1627 1508 1680 οἱ
1547 1626 1606 1678 ὲν
1631 1623 1710 1695 τῷ
1736 1624 1924 1678 σκότει

2028 463 2294 503 meorum.

2097 539 2233 592 Cum
2283 539 2410 591 ﬂetu
2450 546 2718 592 venerunt
2757 553 2920 592 mane
2963 545 3210 592 aromata
3247 536 3487 593 ferentes
3526 539 3595 594 ad

2029 638 2440 683 monumentum
2481 641 2534 682 et
2565 644 2670 683 non
2716 629 3058 683 invenientes
3097 636 3169 690 te,
3221 629 3482 681 viderunt
3516 629 3594 682 ibi

2029 719 2303 774 sedentem
2347 720 2600 790 angelum
2652 719 2792 772 albis
2838 720 3087 773 indutttm
3120 728 3174 772 et
3214 719 3538 773 clamantem
3574 735 3593 772 :

2030 810 2279 866 Surrexit
2328 809 2630 876 Dominus;
2678 809 3010 866 festinantes
3050 810 3370 864 annuntiate
3421 809 3592 865 disci-

2028 901 2171 972 pulis
2193 902 2313 971 ejus
2340 903 2816 958 resurrectionem.

2100 992 2312 1062 Stupet,
2340 1007 2372 1048 ο
2406 993 2656 1059 Domina,
2707 994 2887 1048 omnis
2917 1001 3170 1049 creatura
3205 1006 3368 1062 super
3396 1001 3597 1064 myste-

2029 1085 2168 1146 rium
2201 1084 2279 1138 tui
2321 1091 2509 1154 partus
2548 1084 2823 1140 mentibus
2863 1085 3068 1141 nostris
3114 1083 3466 1151 impervium,
3501 1097 3597 1151 pa-

2029 1173 2105 1227 ris
2136 1172 2281 1225 enim
2309 1170 2474 1225 Deum
2507 1169 2827 1225 Emmanuel
2857 1171 3220 1240 negotiantem
3253 1177 3473 1238 propter
3496 1184 3596 1222 nos

2027 1262 2096 1318 de
2133 1254 2307 1317 salute
2337 1262 2617 1317 hominum
2643 1269 2700 1317 et
2729 1269 3059 1317 evertentem
3091 1276 3258 1316 cruce
3300 1275 3398 1314 sua
3447 1275 3596 1314 mor-

2029 1355 2101 1410 tis
2123 1353 2432 1433 imperium.

2452 1445 2532 1498 Ad
2561 1461 2712 1516 quem
2741 1454 2948 1514 stupent
2978 1445 3172 1513 angeli.

2097 1535 2266 1592 Deﬂct
2293 1537 2472 1591 omnis
2502 1545 2755 1591 creatura
2787 1537 3097 1605 passionem
3125 1543 3296 1600 tuam,
3319 1549 3352 1588 ο
3381 1547 3596 1589 summa

2031 1625 2206 1690 bone;
2231 1625 2311 1680 sol
2334 1626 2660 1680 obscuratur
2681 1625 2965 1681 occidente
2995 1633 3050 1678 te
3083 1638 3250 1693 super
3279 1637 3520 1686 crucem,
3542 1627 3598 1673 et

353 1719 738 1790 uzestpyplvm
781 1720 912 1773 ποτὲ
948 1720 1090 1790 μέγα
1132 1719 1248 1789 φῶς
1269 1719 1470 1790 ὁρῶσιν
1510 1717 1808 1790 ὑμνοῦντες
1841 1732 1922 1782 σε,

2055 1717 2120 1787 lui
2158 1716 2543 1772 detinebantur
2573 1716 2628 1770 in
2658 1716 2898 1771 tenebris
2925 1731 3177 1782 magnam
3218 1713 3476 1769 viderunt
3504 1713 3593 1763 lu-

354 1809 660 1879 οἰκτίρμον.

434 1901 763 1972 Ἐτρόμαξεν
785 1901 916 1971 ᾅδης
943 1917 1001 1954 σε
1029 1899 1153 1954 tam
1187 1898 1324 1970 μετὰ
1348 1898 1525 1968 ψυχῆς
1551 1899 1690 1969 πρὸς
1718 1897 1928 1964 τοῦτον,

353 1993 643 2064 γενόμενον
677 1993 879 2064 Χριστὲ
915 1989 1281 2062 παμϐασιλεῦ,
1315 1989 1411 2042 καὶ
1438 1990 1566 2051 τοὺς
1607 1987 1703 2042 ἀπ’
1737 1987 1931 2050 αἰῶνος

353 2085 608 2146 ἀπεδίδου
652 2084 879 2154 νεκροὺς
938 2079 1433 2153 ἀνυμνολογοῦντας
1473 2080 1574 2152 τὴν
1611 2079 1709 2151 σὴν
1739 2079 1928 2150 φιλαν-

356 2177 625 2248 θρωπίαν.
953 2189 958 2198 ·

394 2265 733 2338 Ὠράθηςτοῦ
757 2265 1060 2336 μνήματος,
1077 2263 1302 2334 Χριστὲ,
1325 2260 1622 2328 ἐξαναστὰς
1641 2259 1935 2334 φερούσαις

359 2357 626 2429 ἀρώματα
654 2360 772 2422 ταῖς
798 2356 968 2420 θείαις
998 2354 1232 2424 γυναιξίο
1252 2353 1348 2408 καὶ
1375 2352 1581 2407 τούτων
1615 2351 1708 2406 τὸν
1738 2351 1936 2422 θρῆνον

341 2530 345 2534 .
363 2450 620 2526 μετεποίη
630 2449 1091 2520 σας,παράκλησις
1115 2445 1600 2517 πάπωνὺπάρχων
1617 2442 1932 2506 εἰςαιῶνας.

425 2631 627 2686 Ἰδοῦσα
651 2630 709 2684 δν
730 2631 916 2694 ἔτεκες
935 2629 1066 2684 Θεὸν
1099 2629 1164 2683 ὲκ
1187 2628 1295 2682 τῶν
1313 2627 1526 2700 νεκρῶν
1544 2627 1721 2698 χαρᾶς
1745 2625 1937 2697 ὤφθης

365 2722 619 2790 ἐμπλεος,
640 2722 882 2793 Παρθένε
901 2723 1154 2792 Μαριάμ·
1179 2719 1342 2774 αὐτὸν
1355 2715 1448 2774 οὖν
1471 2717 1730 2782 δυσώπει,
1755 2718 1937 2771 πᾶσαν

364 2813 563 2884 λύπην,
593 2812 756 2884 ἁγνὴ,
786 2813 882 2884 τῆς
913 2811 1069 2883 ἡμῶν
1111 2809 1334 2883 καρδίας
1356 2809 1580 2873 τελείως
1606 2806 1930 2878 ἀπαλεῖψαι.

897 2991 1018 3060 Τὴν
1042 2991 1412 3061 φωτοςοόρον.

447 3103 534 3168 Ὦς
588 3101 833 3157 κατεῖδεν
889 3103 950 3156 ἐν
1013 3087 1157 3172 ξύλω
1206 3099 1529 3162 ἐθελουσίως
1583 3096 1808 3153 τεθέντα
1837 3135 1854 3162 ,
1907 3097 1938 3150 ὁ

367 3195 775 3266 εύγνωμότατος
819 3194 1038 3269 λῃστὴς,
1073 3192 1356 3264 Μνήσθητί
1391 3207 1522 3262 μου,
1573 3190 1726 3252 ἐϐόα,
1772 3186 1940 3259 ἡνίκα

367 3289 549 3362 ἔλθῃς,
595 3287 796 3357 Ἰησοῦ,
827 3288 884 3339 ὲν
922 3289 988 3357 τῇ
1024 3283 1270 3356 βασιλείᾳ
1293 3301 1408 3349 σου,
1433 3283 1526 3336 καὶ
1543 3281 1734 3349 γέγονε
1763 3296 1941 3350 παρα-

367 3377 542 3433 δείσου
565 3379 805 3451 οἰκήτωρ
835 3378 1015 3430 πίστει
1047 3376 1184 3449 μόνῃ
1212 3373 1404 3446 ἀληθεῖ
1423 3370 1749 3434 δικαιωθείς.

437 3472 504 3525 Σὲ
531 3471 763 3525 κατιδὼν
795 3469 1075 3542 ὲνεκρώθη
1095 3469 1153 3521 έν
1171 3469 1283 3530 τοῖς
1309 3463 1758 3538 νεκροῖς,Σῶτερ,
1782 3461 1934 3532 ᾂδηςν

371 3571 462 3625 καὶ
515 3565 764 3620 ἀπεδίδου
824 3563 951 3626 τοὺς
1005 3561 1232 3632 νεκροὺς
1287 3557 1379 3621 οὓς
1443 3555 1670 3612 κατέπιε
1725 3553 1892 3606 πάλαι
1921 3590 1942 3614 ,

368 3655 779 3724 δοξολογοῦντᾶς
815 3672 932 3719 σου,
967 3653 1191 3723 Χριστὲ,
1228 3650 1325 3719 τὴν
1350 3650 1584 3721 ἄρρητον
1610 3645 1858 3713 δύναμιν,
1881 3642 1945 3695 τδ

336 3786 338 3789 -
371 3749 538 3814 ἔλεος,
562 3749 661 3816 τὴν
703 3746 902 3814 πολλὴν
948 3741 1348 3816 εὐσπλαγχνίαν
1383 3755 1397 3770 ⁸
1428 3740 1494 3793 δι’
1522 3733 1591 3808 ἧς
1645 3737 1820 3790 σῶσον
1849 3734 1944 3789 καὶ

371 3839 542 3910 ἡμᾶς,
573 3813 949 3906 παμϐασιλεῦ.
1009 3813 1016 3822 ι
1279 3868 1286 3874 ·

439 3923 642 3980 Ἦλθον
670 3925 992 3993 κομίζουσαι
1024 3921 1172 3993 μύρα
1215 3919 1309 3974 ἐπὶ
1347 3918 1409 3972 τὸ
1445 3916 1629 3993 μνῆμα
1660 3915 1942 3984 γυναῖκεςν

372 4018 468 4073 καὶ
503 4014 813 4073 κατιδοῦσαί
870 4031 950 4081 σε,
980 4012 1302 4085 Χριστὲ,·ὲκ
1355 4007 1568 4079 νεκρῶν
1628 4004 1942 4075 ἐγερθέντα,

373 4111 545 4181 χαρᾶς
614 4105 964 4179 ἐπλήσθησαν
1029 4104 1238 4172 πολλῆς
1269 4140 1286 4166 ,
1340 4102 1437 4155 καὶ
1487 4097 1802 4160 ἀποστόλοις
1850 4112 1960 4162 σου,

374 4199 710 4271 ἀπήγγειλαν
740 4199 814 4262 ὡς
834 4195 1076 4267 ἡγέρθης
1100 4197 1163 4248 ὲκ
1177 4194 1372 4265 τάφου,
1396 4189 1712 4260 συνεγείρας
1739 4187 1944 4258 κόσμον

372 4297 492 4350 ὅλον
522 4293 722 4364 ἑαυτῷ.

587 4387 896 4456 Θίιύματος
920 4379 1238 4452 ὑπερφυῶς
1268 4381 1306 4448 ἡ
1337 4379 1725 4449 δροσοϐόλος.

446 4495 684 4550 Θάνατον
712 4491 1032 4554 ἐθελουσίως
1065 4487 1337 4553 κατεδέξω
1378 4485 1754 4555 ἀνυψούμενος
1780 4479 1948 4551 σαρκὶ

375 4591 433 4650 ὲν
461 4588 623 4658 ξύλῳ,
669 4587 766 4640 καλ⁸
814 4582 960 4656 δρῶν
1014 4599 1074 4635 σε
1128 4581 1279 4650 ἥλιος
1331 4577 1669 4646 ἀπεσϐέσθη,
1705 4573 1801 4627 καλ⁵
1849 4570 1946 4625 τοῦ

377 4677 506 4732 ναοῦ
553 4678 586 4745 ἡ
651 4675 942 4745 φαιδρότης
985 4672 1282 4743 διεῤῥάγη,
1339 4667 1737 4735 παντοδύναμεο
1766 4663 1846 4716 διό
1889 4679 1950 4715 σε

381 4768 676 4840 ὑμνοῦμεν,
708 4765 1110 4837 ἀναμέλποντες
1135 4781 1147 4794 ’
1176 4761 1480 4833 [εὐλογείτω
1503 4762 1536 4830 ἡ
1571 4758 1766 4821 κτίσις.

454 4942 724 5013 Ἔϐλεψαν
753 4943 802 4995 οί
837 4943 895 4996 ὲν
928 4941 1058 5010 σκιᾷ
1103 4939 1272 4993 πάλαι
1312 4937 1544 4991 θανάτου
1593 4933 1950 5005 καθεζόμενοι

382 5035 570 5094 ἄδυτον
597 5037 818 5104 φέγγος,
839 5035 896 5086 ὲν
913 5033 1092 5094 αὐτοῖς
1111 5048 1224 5096 σου,
1247 5027 1789 5100 Κύριε,κατα6ἀν’τος
1814 5025 1954 5095 μετὰ

379 5129 578 5199 ψυχῆς·
613 5130 706 5179 καὶ
737 5123 950 5195 δεσμῶν
980 5123 1088 5176 τῶν
1119 5123 1351 5176 αἰωνίων
1384 5119 1754 5190 ἀπελύθησαν,
1777 5119 1952 5188 μεγάο

383 5221 487 5304 λως
521 5216 817 5293 ὑμνοῦντές
845 5234 924 5304 σε,
947 5214 1040 5270 καὶ
1061 5215 1333 5284 λέγοντες⁹
1367 5212 1722 5284 Εύλογείτωὴ
1751 5213 1949 5277 κτίσις.

456 5395 710 5466 Ὀρθριαι
739 5392 873 5466 προς
895 5391 956 5446 τὸ
990 5393 1252 5463 μνημεῖον
1301 5389 1634 5445 ἀπελθοῦσαι
1683 5389 1954 5457 ἐξαστρά-

385 5499 586 5538 πτοντα
614 5483 841 5552 ἄγγελον
861 5477 998 5534 εἶδον
1027 5481 1084 5533 αἱ
1107 5480 1646 5548 γυναῖκες,λέγοντα’
1663 5478 1952 5548 Ἑξανέστη

384 5577 414 5632 ό
436 5575 746 5648 Λυτρωτὴς,
780 5574 834 5628 τί
871 5575 961 5627 τὸν
996 5572 1175 5637 ζῶντα
1204 5574 1262 5625 ὲν
1291 5575 1503 5641 νεκροῖς
1531 5571 1611 5625 ἔτι
1636 5571 1950 5640 λογίζεσθε;

384 5665 778 5737 ἐμπλησθεῖσαι
803 5666 973 5738 χαρᾶς
995 5663 1352 5734 ἀναδοήσατε·
1375 5663 1676 5731 Εὑλογείτω
1702 5663 1732 5733 ἡ
1758 5662 1949 5724 κτίσις.

2032 1825 2174 1874 cem,
2203 1817 2352 1863 tuam
2383 1807 2728 1863 celebrantes
2759 1807 3212 1861 misericordiam.

2100 1900 2476 1958 Tremefactus
2504 1911 2588 1954 est
2627 1897 2874 1954 infernus
2905 1913 3027 1951 cum
3062 1896 3197 1950 vidit
3234 1904 3286 1949 te
3313 1895 3365 1947 in
3409 1892 3596 1946 anima

2034 1995 2367 2059 venientem,
2413 1991 2631 2047 Christe
2675 2005 2765 2044 rex
2824 1988 3193 2057 omnipotens,
3249 1983 3597 2050 restituitque

2032 2103 2220 2144 omnes
2253 2102 2283 2141 a
2306 2085 2508 2144 saeculo
2545 2081 2838 2140 defunctos
2873 2088 3022 2135 tuam
3053 2079 3340 2134 laudantes
3371 2075 3593 2144 philan-

2038 2179 2338 2235 tbroniam.
2477 2211 2480 2216 -
2779 2221 2782 2225 .

2111 2195 2165 2234 ro
2209 2195 2338 2234 iam.
2477 2211 2480 2216 -
2779 2221 2782 2225 .

2111 2195 2427 2327 Strscitatus
2461 2283 2491 2324 e
2541 2266 2752 2322 tumulo
2793 2265 2946 2320 visus
2991 2277 3049 2318 es
3083 2276 3112 2314 a
3141 2258 3466 2316 mulieribus
3493 2257 3598 2326 piis

2034 2371 2280 2421 aromata
2324 2359 2649 2424 ferentibus,
2687 2367 2741 2413 et
2771 2357 2824 2411 in
2865 2356 3124 2427 gaudium
3170 2351 3381 2406 vertisti
3416 2349 3598 2402 luctus

2034 2469 2247 2518 earum,
2276 2468 2399 2510 cum
2435 2452 2514 2509 sis
2544 2452 2786 2506 omnium
2819 2447 3122 2504 consolatio
3157 2459 3251 2515 per
3288 2441 3469 2498 omnia
3500 2454 3599 2494 sar-

2035 2548 2183 2604 cula.

2105 2634 2310 2690 Videtis
2358 2649 2518 2704 quem
2565 2632 2799 2702 genuisti
2851 2645 2881 2684 a
2931 2629 3164 2684 mortuis
3221 2633 3598 2696 resurgentem

2035 2728 2241 2798 repleta
2272 2742 2332 2783 es
2363 2726 2582 2797 gaudio,
2610 2723 2778 2794 Virgo
2807 2721 2994 2776 Maria.
3028 2719 3176 2788 Roga
3223 2717 3389 2786 igitur
3421 2715 3599 2778 illum,

2038 2819 2410 2883 immaculata,
2447 2825 2508 2870 ut
2532 2831 2749 2870 onmem
2788 2813 3001 2868 auferat
3027 2813 3268 2865 dolorem
3291 2823 3317 2859 a
3341 2805 3600 2860 cordibus

1994 2982 1999 2987 .
2040 2909 2268 2966 nostris.

1961 3043 2012 3108 ϐ

2337 3041 2346 3054 .
2447 2998 2578 3064 Qut?
2611 2996 2758 3050 nobis
2793 2995 2973 3048 attulit
3006 2994 3191 3047 lucem.

2109 3114 2246 3170 Cum
2293 3113 2424 3167 vidit
2464 3107 2986 3178 Jesum_voluntarie
3033 3103 3249 3156 allixum
3300 3100 3474 3162 cruci,
3506 3099 3604 3154 bo-

2040 3223 2146 3263 nus
2175 3207 2313 3260 latro
2342 3201 2664 3259 exclamavit
2692 3197 2877 3257 :Jesu,
2912 3201 3182 3248 memento
3213 3191 3340 3254 mei,
3363 3205 3486 3244 cum
3521 3205 3606 3241 vc-

2040 3297 2189 3354 neris
2220 3295 2272 3349 in
2299 3309 2523 3364 regnum
2550 3301 2727 3355 tuum,
2755 3297 2809 3341 et
2833 3288 3008 3341 lactus
3033 3294 3117 3338 est
3139 3282 3312 3336 incola
3343 3279 3605 3350 paradisi,

2040 3388 2156 3444 sola
2189 3385 2292 3440 [ide
2327 3399 2427 3439 sua
2463 3397 2586 3437 vere
2613 3380 2972 3450 justiticatus.

2109 3479 2188 3533 Te
2225 3477 2414 3532 videns
2453 3476 2596 3529 inter
2646 3479 2917 3533 mortuos,
2951 3468 3018 3522 ad
3065 3466 3296 3519 nihilum
3354 3463 3606 3515 redactus

2041 3577 2126 3625 est
2158 3567 2422 3624 infernus.
2475 3562 2824 3631 restituitque
2875 3573 3013 3628 quos
3063 3554 3419 3608 absorbuerat
3464 3563 3608 3600 mor-

2044 3667 2192 3723 tuos,
2214 3664 2365 3710 tuam
2382 3653 2724 3708 celebrantes
2749 3655 3068 3718 potestatem
3097 3651 3151 3696 et
3175 3635 3606 3693 misericordiam

2044 3760 2294 3816 magnam
2328 3759 2425 3814 per
2453 3757 2614 3812 quam
2655 3740 2869 3795 salvat‘e
2892 3750 2996 3789 nos
3022 3732 3266 3802 digneris
3294 3729 3606 3782 dominator

2044 3849 2310 3892 οιιιιιιωιι.

2114 3927 2369 3980 Mulieres
2420 3928 2688 3977 venerunt
2756 3917 2822 3972 ad
2900 3920 3311 3969 monumentum
3377 3907 3610 3962 ferentes

2044 4023 2324 4081 aromata;
2355 4013 2691 4078 videnteste,
2713 4007 2953 4072 Christe,
2983 4021 3013 4059 a
3040 4003 3273 4058 mortuis
3303 3998 3611 4056 surrexisse

2047 4123 2242 4178 magno
2303 4105 2586 4175 completa:
2643 4113 2772 4158 sunt
2830 4100 3053 4170 gaudio,
3111 4096 3612 4160 nuntiareruutque

2046 4201 2308 4270 apostolis
2337 4200 2463 4269 quia
2506 4213 2603 4267 per
2640 4193 3098 4252 resurrectionem
3133 4197 3280 4242 tuam
3311 4195 3486 4242 totum
3513 4199 3612 4239 ex—

2049 4295 2328 4350 suscitasti
2364 4291 2652 4346 mundutn.

2394 4379 2501 4435 Ro:
2533 4390 2730 4433 natura
2765 4391 2862 4430 sua
2901 4370 3257 4427 admirabilis.

2119 4477 2177 4532 In
2223 4489 2388 4528 carne
2433 4479 2650 4528 erectus
2679 4483 2846 4538 super
2889 4480 3106 4522 crucem
3140 4469 3377 4516 mortem
3427 4457 3616 4512 subire

2049 4564 2270 4620 voluisti
2302 4560 2449 4631 quod
2480 4559 2671 4614 videns
2702 4557 2785 4612 sol
2815 4556 3144 4609 obscuratus
3175 4558 3258 4604 est
3283 4555 3341 4620 et
3372 4547 3611 4602 scissqu

2048 4666 2132 4715 est
2166 4655 2342 4712 velum
2369 4652 2579 4721 templi;
2618 4648 2972 4719 quamobrem
2999 4645 3282 4699 laudamus
3316 4648 3390 4704 te,
3427 4635 3611 4691 omni-

2049 4757 2266 4817 potens,
2298 4742 2534 4798 canticis
2563 4737 2792 4802 nostris,
2833 4735 3014 4791 omnis
3035 4740 3292 4788 creatura
3319 4727 3616 4784 benedicat

2049 4838 2170 4892 tibi.

2039 4964 2060 4974 ο
2121 4928 2226 4994 Qui
2279 4926 2409 4982 olim
2460 4922 2724 4980 sedebant
2779 4921 2832 4974 in
2868 4917 3060 4974 umbra
3092 4914 3286 4970 mortis
3317 4907 3618 4965 inaccessi-

2051 5020 2161 5074 bile
2207 5017 2464 5072 viderunt
2516 5014 2720 5068 lumen.
2771 5011 2904 5067 Cum
2965 5005 3324 5068 descendisti,
3379 5000 3616 5063 Christe,

2053 5127 2177 5167 eum
2213 5109 2395 5164 anima
2431 5109 2570 5162 inter
2600 5105 2743 5168 illos,
2767 5119 2834 5158 ex
2860 5103 3092 5155 vinculis
3122 5094 3294 5165 erepti
3319 5099 3618 5148 sunt-aiter~

2054 5202 2160 5266 nis,
2191 5201 2297 5253 alte
2330 5198 2686 5253 decantantes
2725 5194 2822 5249 tibi
2856 5191 3124 5263 llytnnum
3163 5187 3410 5240 dicentes
3437 5201 3452 5236 :
3483 5182 3617 5236 0m-

2055 5295 2139 5348 nis
2173 5291 2460 5346 benedicat
2496 5297 2774 5344 creatura.

2124 5383 2280 5437 Mane
2302 5397 2428 5435 cum
2465 5389 2735 5435 venerunt
2774 5376 2840 5428 ad
2881 5378 3316 5430 monumentum,
3366 5363 3630 5422 viderunt}

2055 5476 2306 5546 angelum
2339 5473 2430 5542 qui
2456 5471 2691 5525 dixiteis
2715 5485 2728 5521 :
2756 5461 3380 5526 ResurrcxitLiberator
3414 5464 3623 5520 noster;

2055 5568 2182 5636 quid
2216 5577 2299 5620 est
2333 5564 2478 5635 quod
2512 5563 2690 5616 adhuc
2719 5561 2870 5612 illum
2895 5556 3140 5626 quarritis
3163 5555 3306 5606 inter
3340 5547 3628 5605 mortuos?

2057 5658 2266 5713 Gaudio
2296 5657 2506 5726 replettn
2535 5655 2797 5708 clamate:
2829 5649 3118 5705 Beuedicat
3145 5651 3324 5706 omnis
3352 5650 3614 5698 creatura.
3654 5638 3660 5645 ’
