3986 6236
436 252 579 315 3935

1302 248 1360 307 S.
1402 243 1820 307 SOPHRONII
1857 241 2365 303 PATRIARCH/ﬁ
2391 240 2794 302 HIEROSOL.

3544 241 3677 306 3936

513 360 688 417 Filius
718 370 869 427 tuus,
918 375 951 415 ο
986 359 1355 424 immaculata,
1386 356 1686 412 destructis
1728 353 1939 418 inferis,
1986 367 2016 406 a

2189 352 2497 424 Νέκρωσιν,
2539 352 2726 423 ’Δγνὴ,
2782 354 2809 404 ὁ
2850 351 2939 413 σὸς
2992 351 3082 403 τοῦ
3129 350 3257 421 ᾅδου
3310 352 3677 421 ἐργασάμενος

445 455 677 510 mortuis
731 452 1015 508 surrexit:
1063 465 1161 506 ora
1192 451 1367 513 illum,
1418 449 1603 518 Virgo,
1644 454 1703 501 ιιι
1754 446 1945 501 liberet
1985 460 2016 499 a

448 542 678 599 maculis
724 542 930 613 peccati
969 550 1023 595 et
1045 541 1220 611 poenis
1264 556 1363 595 nos
1412 547 1701 594 cantantes
1751 537 1807 592 in
1858 536 2014 592 lide:

447 634 741 692 Bcnedicat
775 633 956 689 omnis
985 640 1256 687 creatura.

486 807 989 864 Extraordinarium
1016 806 1427 876 slupendumque
1453 816 1747 876 portentum
1799 808 1965 861 video.

522 900 776 956 Libenter
794 900 1034 970 pendens
1062 899 1130 954 de
1151 914 1337 962 cruce,
1364 900 1568 953 sanasti
1598 913 1719 963 nos,
1744 895 2016 964 Salvator,

448 1008 480 1046 a
507 991 737 1045 vulnere
758 989 903 1060 quod
934 990 1185 1044 inﬁxerat
1208 987 1417 1058 primus
1442 1004 1673 1058 parens;
1702 989 2020 1058 positusque

449 1083 506 1137 in
541 1081 794 1150 sepulcro
846 1078 1263 1149 expergcfecisti
1301 1087 1476 1134 tecum
1531 1080 1605 1134 ibi
1658 1080 2014 1146 dormientes,

444 1167 790 1224 celebrantes
830 1182 977 1220 nunc
1008 1182 1158 1222 tuam
1192 1166 1646 1221 misericordiam.

520 1257 658 1312 Cum
702 1256 1077 1326 apostolorum
1128 1256 1331 1310 chorus
1365 1254 1499 1308 vidit
1544 1265 1598 1308 te
1624 1254 1755 1309 olim
1784 1257 2017 1311 suscita—

447 1353 587 1412 tum,
619 1344 867 1414 Domine,
895 1361 1021 1401 cum
1077 1354 1315 1401 tremore
1346 1353 1399 1401 et
1439 1345 1765 1416 jubilatione
1801 1355 1853 1400 te
1883 1345 2019 1401 ado-

448 1442 710 1489 raverunt
739 1435 1035 1504 prostrati;
1075 1433 1351 1487 clamabas
1382 1433 1524 1487 illis:
1557 1431 1694 1487 Ecce
1729 1432 2019 1500 implentur

444 1540 573 1595 quae
598 1527 844 1581 dixeram
889 1526 1086 1581 vobis:
1116 1525 1283 1579 nolite
1311 1525 1476 1594 igitur
1502 1538 1625 1579 esse
1672 1525 1881 1590 tristes,
1922 1524 2017 1580 sed

449 1621 775 1674 annuntiate
809 1619 1082 1690 gentibus.

2121 443 2270 506 Υἱὸς,
2303 442 2568 514 [Ιαρθένε.
2598 446 2663 495 ἐκ
2719 442 2930 511 νεκρῶν
2987 441 3303 512 ὲγήγερται’
3349 441 3408 494 δν
3442 441 3677 497 δυσώπει

2119 533 2450 607 φθοροποιοῦ
2506 533 2781 603 ἁμαρτίας
2849 530 3187 602 λυτρωθῆναι
3252 529 3350 585 καὶ⁵
3406 532 3680 595 κολάσεως

2119 627 2326 688 πάντας
2363 626 2490 688 τοὺς
2538 626 2598 677 ὲν
2640 624 2820 678 πίστει
2860 622 3294 693 ἀναμέλποντας·
3320 623 3679 694 Εὐλογείτωή

2120 718 2317 781 κτίσις.
2490 772 2493 775 ,

2290 807 2641 881 Μυστήριον
2673 806 2854 871 ξένον
2877 806 2994 874 ὁρῶ
3023 807 3120 860 καί
3142 806 3510 875 παράδοξον.

2202 900 2452 967 ’ἰώμενος
2488 900 2585 953 τοῦ
2616 898 3043 971 πρωτοπλάστου
3084 898 3147 951 τὸ
3184 898 3408 968 ἄλγημα
3442 898 3681 969 ἧλγησας

2119 995 2488 1064 κρεμάμενος,
2529 992 2711 1063 Σῶτερ
2743 1031 2758 1056 ,
2810 989 3132 1052 ἐθελουσίως
3175 988 3239 1042 ὲν
3264 988 3407 1058 ξύλῳ
3432 1029 3447 1054 ,
3511 989 3683 1051 τεθεὶς

2119 1082 2176 1135 δὲ
2223 1084 2281 1135 ὲν
2327 1083 2486 1153 τάφῳ
2540 1080 2719 1148 ἑκὼν,
2760 1082 2886 1144 τοὺς
2932 1080 3231 1143 ὑπνοῦντας
3283 1079 3680 1150 συνανέστησας

2122 1171 2325 1242 σαυτῷ,
2346 1171 2729 1242 -άνυμνοῦντας
2750 1172 2851 1241 τὴν
2880 1170 3113 1242 φρικτὴν
3137 1169 3446 1239 οἰκονομίαν
3466 1185 3579 1223 σου.

2200 1257 2286 1319 Ὠς
2310 1256 2501 1326 ἔϐλεψε
2535 1254 2701 1310 πάλαι
2736 1257 2896 1330 χορὸς
2927 1256 3238 1310 ἀποστόλων
3269 1274 3329 1310 σε
3356 1257 3680 1321 ἀναστάντα,

2120 1347 2312 1417 Κύριε,
2376 1349 2526 1418 φόϐῳ
2570 1367 2630 1402 τε
2683 1350 2777 1403 καὶ
2827 1350 2974 1420 χαρᾷ
3012 1348 3360 1419 προσεκύνει·
3401 1350 3540 1415 πρὸς
3594 1348 3681 1410 οὓς

2119 1436 2369 1502 ἀνεὸόας,
2395 1438 2530 1491 Ἰδοὺ
2553 1440 2606 1490 αἱ
2639 1438 2893 1502 ἐκϐάσεις
2919 1438 3028 1499 τῶν
3052 1438 3315 1510 ῥημάτων
3341 1454 3464 1510 μου’
3499 1438 3574 1510 μὴ
3591 1432 3677 1492 οὖν

2123 1528 2546 1599 σκυθρωπάζετε
2578 1529 2756 1598 ὑμεῖς,
2787 1529 2904 1584 ἀλλ’
2939 1528 3333 1600 ὲπαγάλλεσθε.

522 1708 722 1778 Joseph
745 1688 932 1779 justus
958 1724 1012 1765 te
1052 1710 1356 1764 involutum
1395 1709 1626 1765 sindone
1674 1709 1881 1764 mundo
1920 1709 2017 1764 de-

2188 1708 2391 1764 Σινδόνι
2409 1725 2490 1774 σε,
2507 1709 2706 1783 Σῶτερ,
2722 1708 2943 1782 είλήσας
2953 1709 3210 1763 κατέθετο
3223 1708 3424 1776 Ἰωσὴφ
3443 1709 3471 1760 ὁ
3486 1706 3681 1768 δίκαιος

450 1801 636 1870 posuit
662 1816 852 1857 amans
878 1802 932 1855 in
969 1802 1220 1870 sepulcro
1248 1816 1421 1865 novo;
1449 1811 1504 1854 tu
1534 1817 1665 1856 vero
1700 1802 2019 1874 confregisti

450 1900 637 1962 portas
660 1897 713 1945 et
760 1900 945 1945 vectes
972 1891 1191 1956 inferni,
1217 1890 1754 1962 indequeextraxisti
1780 1903 2023 1951 mortuos

378 2000 387 2013 ι
451 1994 590 2050 quos
618 1989 778 2034 antea
801 1994 897 2048 per
929 1979 1036 2033 vim
1072 1956 1628 2051 absorbuet‘at‘mors.

526 2068 743 2125 Lmtatae
775 2077 904 2124 sunt
942 2080 1185 2125 aromata
1223 2069 1461 2126 ferentes
1501 2085 1624 2126 cum
1650 2083 1799 2127 tuam
1832 2073 2019 2130 audie-

447 2170 578 2215 runt
619 2161 1117 2229 resurrectionem;
1156 2163 1301 2220 unde
1331 2164 1648 2218 clamabant
1710 2167 2018 2236 apostolis:

448 2253 667 2308 Currite
689 2251 1033 2320 festinantes,
1058 2254 1226 2310 nolite
1247 2256 1617 2322 coustristari,
1639 2257 1734 2312 sed
1758 2259 2018 2329 gaudete;

448 2358 482 2396 ι
515 2341 753 2397 mortuis
784 2341 928 2397 enim
961 2343 1199 2398 surrexit
1232 2344 1493 2400 Dominus
1521 2345 1789 2402 outnium.

527 2432 694 2505 Vingo
730 2451 853 2490 cum
890 2435 1124 2492 vidisses
1150 2434 1348 2492 Filium
1388 2438 1798 2510 incomparabili
1826 2440 2023 2498 decore

453 2535 765 2595 surgentem
822 2525 889 2583 de
929 2527 1180 2598 sepulcro
1238 2528 1382 2583 sicut
1442 2545 1680 2601 sponsus
1718 2533 2022 2602 procedens

453 2617 521 2671 de
547 2617 803 2683 thalamo,
837 2618 1039 2688 repleta
1072 2633 1132 2674 es
1165 2618 1493 2688 jubilatione
1529 2639 1544 2675 :
1588 2637 1813 2692 precare
1841 2633 1902 2680 ut
1922 2642 2022 2683 nos

454 2707 741 2764 laudantes
775 2716 827 2763 te
859 2718 1015 2765 eruat
1048 2724 1078 2764 a
1110 2710 1460 2779 corruptione
1493 2714 1703 2783 peccati
1741 2722 1796 2771 et
1839 2730 1866 2770 a
1907 2730 2023 2786 ραις

455 2814 562 2856 IIIS.

714 2893 838 2953 ch
876 2908 955 2954 est
989 2898 1098 2955 dies
1144 2915 1263 2969 qua:
1313 2908 1529 2969 vocatur
1579 2906 1784 2955 sancta.

540 2988 723 3045 Gloria
746 2989 964 3048 Christo
996 2992 1089 3062 qui
1114 2990 1387 3047 interfecit
1411 2989 1694 3050 inimicum
1729 2998 2022 3070 sedemque

456 3080 818 3149 descendens,
851 3083 1049 3137 evertit
1095 3083 1243 3139 illius
1277 3084 1490 3153 imperii
1529 3093 1585 3140 et
1621 3087 1688 3141 ad
1732 3088 1894 3143 vitam
1938 3106 2024 3146 re-

458 3177 675 3230 vocavit
696 3176 955 3245 mortales
981 3190 1120 3254 quos
1147 3191 1242 3245 per
1269 3177 1376 3237 vim
1402 3178 1787 3248 absorbuerat,
1821 3184 2028 3254 quique

460 3281 606 3322 nunc
637 3266 946 3322 collaudant
993 3251 1145 3320 ill'um
1179 3281 1275 3335 per
1301 3280 1463 3322 omne
1496 3276 1779 3329 sarculum.

547 3354 707 3420 Ecce,
756 3353 1026 3409 clamabat
1065 3353 1368 3413 ferentibus
1413 3371 1661 3416 aromata
1710 3363 2027 3422 mulieribus

461 3450 688 3519 angf'llls
736 3445 1026 3517 splendore
1061 3446 1338 3514 relucens,
1394 3450 1550 3509 locus
1582 3454 1635 3508 in
1676 3469 1786 3524 quo
1817 3458 2028 3526 positus

461 3539 639 3595 fuerat
682 3539 776 3609 qui
836 3542 1107 3607 potestate
1158 3553 1258 3593 sua
1315 3544 1513 3598 evertit
1572 3545 1780 3603 inferos
1813 3564 1829 3604 :
1859 3549 2028 3605 nolite

458 3648 588 3704 ergo
611 3644 854 3703 quaerere
893 3627 1068 3692 hune,
1098 3630 1192 3697 qui
1234 3632 1341 3687 vita
1371 3642 1476 3701 est,
1514 3637 1658 3693 inter
1687 3647 1954 3696 mortuos.
2038 3679 2046 3685 -

476 3734 479 3735 ⁷
530 3721 696 3776 Inferi
747 3728 938 3776 contra
979 3729 1051 3785 te,
1103 3719 1385 3792 Verbum,
1444 3726 1779 3784 debellantes
1826 3729 2027 3786 devicti

457 3822 585 3868 sunt
617 3819 798 3880 utpote
824 3808 1157 3868 imbelliorcs
1183 3827 1345 3883 quam
1383 3822 1442 3868 ut
1473 3816 1567 3871 tibi
1598 3819 1946 3889 resisterent;
1974 3829 2031 3877 et

458 3907 635 3972 brevi,
644 3906 869 3975 jubente
888 3916 963 3976 te,
980 3924 1146 3981 quam
1168 3918 1492 3962 voraverant
1515 3910 1750 3980 praedam
1773 3929 2029 3971 evomue-

463 4006 585 4051 mnt
615 4014 630 4064 ;
663 3997 869 4055 idcirco
901 4000 1136 4062 liberati,
1184 3996 1520 4056 unanimiter
1573 4011 1722 4057 tuam
1775 4008 2028 4063 concele-

462 4087 620 4143 Lrant
653 4089 974 4158 potentiam.

534 4176 755 4243 Videns,
780 4195 814 4235 o
843 4180 1028 4251 Virgo,
1066 4180 1452 4240 resuscitatum
1476 4200 1506 4239 a
1536 4186 1768 4242 mortuis
1788 4185 2024 4245 Verbum

458 4269 605 4339 quod
648 4271 997 4329 ineffabiliter
1035 4276 1088 4330 in
1122 4291 1285 4331 cruce
1343 4293 1653 4349 pepereras,
1700 4284 1881 4337 anima
1933 4292 2025 4339 tua

2126 1797 2273 1865 πόθῳ
2304 1800 2364 1851 ἐν
2423 1800 2730 1870 καινοτάτῳ
2781 1801 3065 1874 μνημείῳοὴ
3111 1799 3286 1860 πύλας
3335 1797 3393 1850 δὲ
3421 1796 3517 1851 τοῦ
3559 1796 3677 1869 ᾂὼυ

2125 1888 2310 1958 σαφῶς
2341 1889 2433 1942 καὶ
2461 1890 2690 1960 μοχλοὺς
2727 1890 3024 1962 συντρίψας
3052 1890 3279 1961 ἤγειρας
3322 1887 3572 1958 νεκροὺς,
3594 1884 3678 1951 οὓς

2125 1982 2154 2032 ὁ
2179 1979 2405 2043 θάνατος
2443 1980 2668 2050 ἰσχύσας
2694 1982 2825 2052 πρὶν
2854 1981 3135 2035 κατέπιεν.

2208 2072 2534 2141 Ἠγάλλοντο
2566 2073 2622 2126 αἱ
2654 2073 2952 2144 μυροφόροι
2992 2072 3297 2127 ἀκούσασαι
3319 2073 3415 2128 τοῦ
3453 2072 3676 2146 Χριστοῦ

2123 2164 2222 2232 τὴν
2248 2162 2498 2233 ἔγερσιν,
2530 2162 2652 2217 ὅθεν
2693 2167 2804 2227 τοίς
2844 2164 3166 2229 ἀποστόλοις
3206 2165 3397 2220 ἐϐόων·
3445 2165 3675 2237 Δράμετι

2125 2255 2462 2320 σπουδαίως,
2502 2254 2611 2309 reos
2656 2257 2731 2328 μὴ
2778 2257 3055 2321 λυπεῖσθε,
3097 2257 3234 2311 ἀλλὰ
3258 2258 3483 2330 χαίρετε
3511 2261 3676 2331 ὑμεῖς’

2123 2349 2393 2422 ἐξηγέρθη
2419 2353 2483 2407 ὲκ
2509 2351 2721 2423 νεκρῶν
2742 2353 2771 2405 ὁ
2803 2351 3020 2406 πάντων
3045 2348 3268 2420 Κύριος.

2187 2442 2679 2515 Φαιδρότατονδλον
2701 2447 2760 2498 ὲν
2772 2443 2960 2499 κάλλει
2988 2441 3341 2514 ἀσύγκριτον,
3363 2442 3442 2506 ὡς
3462 2442 3678 2512 νυμφίον

2124 2533 2387 2604 βλέψασα,
2412 2533 2586 2607 Κόρη,
2612 2537 2676 2589 ὲκ
2705 2535 2805 2605 τῆς
2834 2533 2927 2588 τοῦ
2960 2534 3131 2603 τάφου
3157 2533 3432 2597 παστάδος
3453 2531 3675 2603 Χριστὸν

2122 2626 2447 2695 ἀναστάντα,
2478 2629 2653 2697 χαρᾶς
2684 2625 3030 2699 ὲπληρώθης
3061 2626 3121 2680 ὃν
3142 2626 3351 2697 ἱκέτευε
3370 2624 3574 2696 φθορᾶς
3596 2620 3677 2678 καί

2125 2716 2400 2783 κολάσεως
2427 2717 2692 2790 ῥυσθῆναι
2719 2719 2845 2783 τοὺς
2879 2712 3181 2788 ὑμνούντάς
3208 2732 3288 2770 σε.

2401 2897 2563 2966 Αὕτη
2590 2896 2628 2964 ἠ
2662 2896 2856 2965 κλητὴ
2887 2896 2983 2949 καὶ
3023 2894 3161 2966 ἀγηία
3199 2892 3411 2966 ἡμέρα.

2195 2988 2331 3054 Δόξα
2358 2988 2437 3059 τῷ
2464 2987 2684 3061 Χριστῷ
2715 2988 2807 3042 τὸν
2829 2987 3055 3058 Ἑχθρόν
3083 2984 3390 3049 καθελόντι,
3440 2984 3532 3039 καὶ
3561 3000 3677 3037 σκυ-

2124 3083 2376 3136 λεύσαντι
2394 3081 2528 3153 ᾇδην
2549 3083 2615 3149 τῇ
2635 3079 2768 3150 πρὸς
2787 3078 2948 3132 αὑτὸν
2969 3075 3288 3142 καταϐάσει,
3306 3075 3400 3128 καὶ
3419 3075 3678 3140 ζωώσαντι

2122 3174 2249 3237 τοὺς
2311 3172 2533 3243 βροτοὺς
2567 3169 2775 3241 οὕσπερ
2823 3167 3048 3238 ίσχύσας
3104 3167 3361 3221 κατέπιεν
3403 3165 3676 3237 ἁνυμνολο-

2123 3264 2356 3336 γοῦντας
2379 3264 2541 3319 αὑτὸν
2565 3264 2643 3327 είς
2665 3264 2791 3330 τοὺς
2817 3263 3041 3326 αίῶνας.

2196 3355 2323 3421 Ἴδε,
2345 3353 2561 3423 γυναιξὶ
2580 3340 3087 3426 μυροφόροιςὲεόαὸ
3108 3353 3297 3423 φανεὶς
3308 3351 3677 3426 ἐξαστράπτων

2127 3448 2308 3512 τόπος,
2337 3450 2394 3502 ἐν
2422 3442 2467 3517 ᾧ
2514 3447 2780 3519 κατετέθη
2807 3450 2835 3501 ὀ
2872 3447 2964 3503 τὸν
3004 3448 3254 3516 θάνατον,
3292 3452 3387 3505 καὶ
3446 3450 3535 3505 τὸν
3561 3446 3677 3521 ᾅδην

2128 3540 2372 3594 καθελὼν
2401 3543 2466 3610 τῇ
2503 3540 2729 3611 δυνάμει
2757 3539 2942 3594 αὐτοῦ·
2989 3541 3063 3612 μὴ
3116 3538 3211 3597 οὖν
3254 3544 3312 3595 ὲν
3345 3543 3558 3614 νεκροῖς
3592 3538 3677 3608 τὴν

2128 3630 2275 3700 ζωὴν
2305 3629 2635 3700 ἐπιζητεῖτε.
3676 3670 3685 3681 .

2199 3724 2367 3795 ’ᾍδης
2384 3725 2720 3795 συναντήσας
2742 3742 2825 3778 σοι
2848 3724 3111 3791 κάτωθεν,
3125 3725 3287 3793 Λόγε,
3303 3722 3599 3798 ἐπικράνθη
3614 3718 3675 3791 μὴ

2130 3816 2335 3869 σθένων
2377 3832 2460 3869 σοι
2500 3815 2897 3887 προσεγγίσαι,⁸
2928 3816 3020 3868 καὶ
3072 3816 3238 3887 τάχος
3289 3815 3385 3881 οὒς
3439 3815 3676 3870 κατέπιεν

2129 3909 2379 3963 ἀπεδίδου
2410 3911 2636 3980 νεκροὺς
2667 3911 2732 3979 τῇ
2765 3909 3012 3962 κελεύσει
3044 3926 3158 3978 σου,
3201 3904 3675 3980 ἀνυμνολογοῦντα;

2128 3998 2188 4052 τὺ
2210 3999 2301 4053 σδν
2335 3998 2639 4070 συμφώνως
2672 3999 2890 4069 κράτος.

2201 4179 2337 4242 Ἰδες
2388 4181 2452 4233 ὲκ
2513 4180 2722 4250 νεκρῶν
2757 4180 3083 4246 ἀναστάντα,
3122 4178 3387 4250 Παρθένε,
3442 4178 3500 4232 ὃν
3536 4168 3677 4245 σαρκὶ

2129 4270 2459 4343 ἀπορῤἡτως
2518 4271 2893 4342 ὲκυοφόρησας
2932 4271 3104 4339 Λόγον
3136 4311 3152 4336 ,
3216 4269 3312 4323 καὶ
3379 4267 3548 4340 χαρᾶς
3595 4262 3675 4331 τὴν

458 4361 563 4416 fuit
632 4363 832 4432 gaudio
893 4365 1118 4434 repleta,
1189 4367 1545 4441 celebrasque
1612 4374 1873 4429 swculum
1929 4391 2023 4445 per

2129 4360 2306 4432 ψυχὴν
2333 4360 2681 4433 ἐπληρώθης,
2713 4362 2811 4431 τὴν
2841 4360 3003 4415 αὑτοῦ
3040 4359 3449 4430 συγκατάϐασιν
3468 4360 3673 4423 άνυμνο·

456 4465 617 4504 (mine
644 4452 791 4508 illius
824 4452 1273 4511 misericordiam.

761 4569 791 4606 ο
877 4546 1225 4614 Illuminare,
1262 4551 1595 4619 illuminare.

526 4633 629 4699 Qui
674 4635 937 4694 Dominus
988 4657 1048 4699 es
1097 4645 1355 4701 horarum
1410 4649 1757 4718 dierumque,
1806 4658 1862 4705 lu
1914 4650 2022 4705 Be-

458 4725 710 4795 dcmptor
749 4728 804 4783 in
840 4729 929 4787 dic
970 4744 1023 4789 et
1054 4737 1189 4793 hora
1236 4752 1391 4796 sexta
1440 4742 1706 4796 conviciis
1753 4750 2021 4806 onustus,

459 4816 772 4874 misericors
799 4835 1016 4877 erucem
1047 4831 1229 4889 subire
1265 4832 1485 4887 voluisti
1519 4842 1573 4886 ut
1622 4832 1884 4887 liberares
1924 4847 2026 4887 nos

459 4929 671 4983 oumcs,
693 4915 952 4991 Patrique
982 4924 1143 4982 dares
1183 4925 1641 4982 satisfactionem.

530 5005 915 5073 Gemebundus
953 5018 1162 5074 resistit
1195 5018 1293 5071 tibi
1341 5015 1615 5081 infernus,
1663 5031 1695 5072 ο
1747 5016 2021 5080 Salvator,

459 5103 555 5158 sed
585 5104 735 5162 brevi
779 5125 919 5179 quos
963 5108 1177 5164 tenebat
1210 5109 1456 5176 captivos
1487 5108 1706 5174 emittit,
1762 5115 1939 5171 tuam,
1991 5123 2025 5163 o

458 5190 719 5262 Verbum,
750 5198 1360 5270 incomprehensibilem
1391 5199 1690 5269 potentiam
1716 5208 1771 5254 et
1810 5199 2027 5254 bonita-

455 5290 566 5338 tem
609 5288 966 5343 celebrantes.
1585 5297 1589 5302 ’

531 5374 880 5435 Festinantes
916 5378 975 5438 in
1023 5379 1197 5449 primo
1248 5394 1407 5436 mane
1453 5387 1721 5435 venerunt
1772 5380 2031 5457 mulieres

459 5466 527 5519 ad
568 5471 879 5541 ungendum
929 5486 1130 5541 corpus
1163 5481 1315 5527 tuum
1356 5482 1658 5535 sacratum,
1688 5487 1741 5529 et
1802 5474 2029 5541 angelus

466 5555 601 5610 dixit
632 5561 711 5613 eis
743 5561 1002 5633 :Magnus
1032 5564 1154 5616 vitm
1183 5564 1436 5637 Magister
1464 5565 1785 5629 resurrexit,
1816 5564 2031 5635 repleta:

464 5656 641 5704 estote
684 5650 871 5706 laetitia
905 5652 1136 5707 caelesti.

2125 4451 2364 4522 λογοῦσα
2401 4454 2480 4515 εἰς
2507 4452 2717 4516 πάντας
2749 4454 2873 4517 τοὺς
2897 4452 3122 4515 αἰῶνας.

2638 4540 2913 4609 Φωτίζου,
2935 4541 3207 4613 φωτίζον.

2185 4633 2354 4706 Ὠρῶν
2375 4633 2594 4706 ἡμερῶν
2610 4651 2666 4688 τε
2685 4635 2759 4702 Ar;
2768 4633 3023 4703 μιιυργὸς
3036 4632 3131 4697 ὢν,
3149 4630 3434 4701 Λυτρωτά,
3453 4632 3508 4683 ὲν
3521 4623 3674 4695 ἡμέριέι

2125 4727 2217 4780 καὶ
2238 4726 2356 4797 ὥρᾳ
2380 4725 2513 4797 ἕκτῃ
2535 4724 2893 4780 ἐπονείδιστον
2916 4724 3084 4777 θέλων
3112 4720 3374 4793 ὑπέστης,
3398 4720 3676 4789 οἰκτίρμων

2129 4815 2385 4886 σταυρὸν,
2414 4815 2502 4868 ἵνα
2534 4816 2682 4885 ἡμᾶς
2709 4813 2918 4877 πάντας
2947 4807 3318 4882 ὲκλυτρὼσῃς,
3372 4812 3466 4866 καὶ
3489 4802 3670 4863 καταλ-

2126 4904 2312 4977 λάξῃς,
2345 4905 2569 4976 Χριστὲ,
2599 4904 2676 4974 τῷ
2696 4905 2888 4975 Πατρί.

2197 4996 2475 5061 Στενάζων
2500 4998 2527 5049 ὁ
2550 4995 2683 5067 ᾅδης
2713 4996 3033 5068 καθυπαντᾷ
3062 5015 3165 5064 σοι,
3186 4997 3467 5068 Λυτρωτὸι,
3491 4991 3575 5055 καὶ
3596 4986 3677 5039 σὺν

2128 5087 2283 5156 τάχει
2308 5086 2591 5156 δεσμώτας
2620 5086 2714 5147 οὓς
2743 5083 2890 5157 εἶχεν
2919 5089 3260 5155 ἀπέστειλεν,
3303 5091 3474 5152 θείαις
3496 5079 3677 5155 φωναῖς

2129 5177 2498 5248 ἀνυμνοῦντάς
2523 5195 2612 5232 σου
2632 5179 2729 5249 τὴν
2750 5180 2887 5250 ὑπὲρ
2908 5181 3053 5250 νοῦν,
3082 5183 3246 5251 Λόγε,
3266 5179 3572 5236 δυναστείαν
3598 5167 3673 5224 κε)

2132 5272 2371 5344 φοϐερὰν
2413 5273 2840 5341 συγκατάϐασιν.

2198 5363 2404 5420 ’Ἦλθον
2439 5365 2578 5435 μετά
2609 5367 2796 5436 μύρων
2824 5364 3022 5436 ὄρθρου
3061 5368 3252 5438 βαθέος
3283 5370 3343 5423 ἐν
3373 5365 3564 5432 σπονδῇ
3589 5355 3667 5411 τ”δ

2136 5463 2361 5534 μυρίσαι
2391 5478 2484 5514 σου
2510 5457 2668 5528 σῶμα
2700 5460 2954 5522 γυναῖκες
2983 5459 3043 5512 τὸ
3084 5460 3357 5532 ἄχραντον
3379 5502 3394 5525 ,
3436 5456 3527 5514 καὶ
3556 5448 3669 5522 πρὶς

2134 5552 2304 5616 αὑτὰς
2334 5550 2436 5620 ἔφη
2478 5547 2724 5617 ἄγγελος·
2760 5545 2817 5599 ’0
2859 5548 3122 5623 Ἀρχηγὸς
3150 5552 3246 5621 τῆς
3283 5552 3425 5624 ζωῆς
3469 5542 3669 5619 ἠγέρθη.

2136 5648 2309 5717 χαρᾶς
2343 5643 2523 5698 ἐνθέου
2550 5644 2894 5717 πληρώθητε.
