3986 6236
377 457 521 530 .3937

1762 446 2169 507 TRIODIUM.

3490 447 3628 510 3038

455 561 572 625 Φῶς
605 560 666 614 τὸ
695 558 1008 629 ἐπιλάμψαν
1059 556 1170 618 τοῖς
1219 553 1546 623 καθημένοις
1584 552 1643 605 ἐν
1692 553 1820 620 σκιᾷ
1870 552 1955 603 τοῦ

2131 556 2268 609 Cum
2313 552 2520 620 vidisti,
2570 552 2757 624 Virgo,
2810 550 3014 616 lumen,
3052 551 3303 609 sedentes
3332 550 3388 608 in
3439 557 3627 611 lllllbl’fl

387 653 644 716 θανάτου,
678 649 946 721 Παρθένε,
979 648 1042 698 ἐκ
1072 644 1279 714 νεκρῶν
1306 643 1380 706 ὡς
1423 642 1654 712 ἔϐλεψας
1685 642 1958 706 ἐξανατιῖ.

384 746 481 800 λαν
504 745 579 809 ὡς
607 744 759 815 ἥλιον
792 740 889 794 σὺν
913 735 1131 806 γυναιξὶ
1180 734 1382 799 πάσαις
1416 733 1745 804 μυροφόροις
1785 733 1959 797 €609,0-

385 838 563 906 λόγεις
588 832 907 907 χορεύουσα.

667 919 736 974 Τὸ
776 918 1026 988 φαεινὸν
1060 914 1207 985 ἡμῖν
1239 912 1644 979 ὲξανάτειλογ.

455 1014 634 1082 Δῆμος
675 1009 939 1079 Ἐϐραίων
959 1024 1018 1060 σε
1044 1008 1138 1061 τὸν
1162 1004 1533 1077 μακρόθυμον,
1565 1004 1728 1073 Λόγε,
1760 1002 1959 1058 ἐσταύ-

388 1121 549 1175 ρωσε,
581 1102 749 1173 δῆμον
779 1100 1004 1169 ἄπειρον
1043 1098 1139 1151 καὶ
1180 1096 1309 1165 ἔθνη
1343 1096 1558 1150 ἅπαντα
1588 1098 1657 1166 τῇ
1699 1098 1765 1166 σῇ
1799 1112 1959 1147 σταυ-

391 1197 550 1260 ρώσει
586 1194 823 1258 σώζοντα
846 1233 861 1259 ,
899 1190 1244 1262 φιλάνθρωπε
1269 1190 1489 1260 Χριστὲ,
1521 1188 1549 1241 ό
1577 1187 1707 1252 Θεὸς
1742 1186 1916 1258 ήμῶν.

456 1374 532 1426 Οὐ
587 1369 1005 1443 παρεσάλευσας
1053 1367 1203 1421 λίθόυ
1255 1365 1542 1435 σήμαντρα
1570 1365 1636 1434 τῇ
1666 1360 1957 1416 ἀναστάσει

388 1484 502 1532 σου,
532 1466 607 1528 ὡς
635 1466 733 1517 οὐκ
771 1459 985 1533 ἦνοιξας
1014 1461 1071 1512 ἐν
1115 1461 1181 1530 τῇ
1217 1460 1467 1527 γεννήσει
1497 1472 1590 1508 σου
1619 1455 1716 1525 τῆς
1752 1453 1959 1525 παρθε-

387 1558 503 1622 νίας
531 1554 754 1625 κλεῖθρα
786 1555 884 1623 τῆς
916 1549 1182 1621 τεκούσης
1208 1566 1290 1615 σε,
1318 1546 1541 1618 Χριστὲ,
1567 1547 1596 1598 ό
1624 1545 1754 1609 Θεὸς
1776 1544 1955 1615 ήμῶν.

452 1736 598 1804 Ξένῳ
627 1732 702 1805 τῷ
734 1733 972 1803 σχήματι
1001 1728 1329 1797 θεασάμεναι
1374 1723 1545 1787 θείως
1581 1721 1960 1792 ἀστράπτοντα

389 1825 478 1879 τὸν
493 1824 784 1894 ἀσώματον
805 1823 1057 1897 γυναῖκες
1075 1816 1341 1887 ἔκθαμϐοι
1357 1814 1721 1884 γεγενημέναι
1737 1812 1952 1883 ἢκουον·

388 1914 479 1985 Μὴ
504 1912 742 1981 κλαίετε,
778 1912 975 1981 ἀνέστη
999 1912 1027 1963 ό
1060 1909 1284 1978 Κύριος.
1557 1914 1563 1920 “

457 2096 647 2161 Ἀγιον
658 2092 861 2162 Κύριον
873 2090 981 2144 τῶν
1005 2088 1307 2158 δυνάμεων,
1330 2087 1846 2159 ἀχραντε,τέτοκας,
1870 2086 1960 2142 τὸν

381 2184 693 2238 κενώσαντα
747 2182 877 2254 ᾅδου
929 2180 1173 2253 βασίλεια
1203 2178 1592 2252 Θεογεννῆτορ,
1625 2180 1720 2233 κα)⁸
1763 2196 1958 2233 συναν-

385 2276 700 2348 αστήσαντα
731 2272 1021 2345 ἀνθρώπου
1053 2271 1114 2324 τὸ
1147 2270 1395 2343 φύραμα.

623 2370 733 2422 Τέν
771 2366 912 2432 τοὺς
951 2365 1328 2435 ὑμνολόγους
1362 2362 1433 2415 ὲν
1469 2362 1714 2430 καμίνῳ.

456 2462 559 2515 Τὸν
583 2459 899 2521 ἐθελουσίως
923 2455 1305 2529 σταυρωθέντα
1333 2454 1425 2507 καὶ
1450 2453 1671 2507 τεθέντα
1700 2453 1757 2505 ἐν
1779 2451 1955 2520 τάφῳ,

385 2556 482 2609 καὶ
530 2552 955 2623 καταργήσαντα
999 2547 1093 2602 τοῦ
1141 2546 1373 2602 θανάτου
1403 2546 1466 2600 τὸ
1491 2545 1692 2615 κράτος
1724 2544 1958 2615 Χριστὸν

386 2649 476 2701 τὸν
504 2645 657 2699 Θεόν.

460 2734 668 2804 Ὠφθης
711 2729 954 2800 γυναιξὶν
995 2729 1363 2801 ἐγηγερμένος
1409 2728 1473 2782 ἐκ
1518 2726 1609 2781 τοῦ
1657 2726 1956 2797 μνήματος,

389 2828 594 2896 Σῶτερ,
629 2823 1071 2893 εὐαγγελιστρίας
1095 2821 1418 2883 ἀποστείλας
1444 2819 1614 2880 αὐτὰς
1641 2818 1958 2879 ἀποστόλοις

390 2934 512 2970 σου·
558 2915 641 2969 διό
674 2931 734 2968 σε
769 2912 1244 2985 άνυμνολογοῦμεν
1291 2912 1370 2975 εἰς
1417 2910 1626 2972 πάντας
1666 2908 1792 2971 τοὺς
1825 2908 1958 2961 αἰῶο

387 3029 503 3074 νας.
1236 3062 1242 3068 .

457 3102 720 3163 Θάνατον,
749 3101 970 3172 Χριστέ,
1014 3099 1090 3169 τῷ
1133 3096 1211 3170 σῷ
1257 3096 1472 3166 θανάτῳ
1517 3093 1833 3158 θανατώσας
1859 3094 1955 3147 ἀν-

386 3194 567 3265 έστης,
603 3194 697 3247 καὶ
726 3194 995 3255 ἀθανάτου
1038 3208 1134 3245 σου
1168 3191 1295 3252 τοὺς
1340 3188 1598 3251 θανόντας
1644 3185 1789 3257 ζωῆς
1819 3202 1954 3241 κατ-

387 3286 660 3357 ηξίωσας·
708 3285 788 3339 διό
836 3301 895 3338 σε
935 3281 1407 3354 ἀνυμνολογοῦμεν
1452 3282 1532 3344 είς
1574 3279 1783 3344 πάντας
1830 3281 1956 3344 τοὺς

390 3377 606 3440 αἰῶνας.
932 3410 939 3419 ι

459 3469 631 3539 Ἔφης
669 3467 932 3539 μαθηταῖς
960 3465 1352 3539 ἐγηγερμένος·
1394 3465 1487 3530 Et;
1528 3465 1622 3520 τὸν
1667 3463 1956 3535 σύμπαντα

387 3561 587 3631 κόσμον
615 3560 852 3632 κηρῦξαι
880 3559 1150 3613 σπεύσατε
1190 3558 1291 3630 τὴν
1324 3562 1465 3631 ἐμὴν
1491 3560 1831 3625 δυναστείαν,
1865 3558 1955 3623 ἐξ·-

386 3651 630 3722 αίροντες
675 3652 737 3704 τὸ
785 3651 977 3713 σκότος
1017 3649 1118 3719 τῆς
1165 3649 1454 3714 πολυθετας
1479 3653 1620 3719 φωτὶ
1672 3649 1774 3719 τῆς
1825 3648 1958 3719 ἀλη-

386 3742 554 3804 θείας.

460 3834 554 3894 Ὣς
581 3830 690 3885 τῶν
715 3830 958 3902 οὐρανῶν
988 3830 1293 3900 ὑψηλοτέρα
1312 3869 1327 3895 ,
1353 3830 1448 3883 καὶ¹
1474 3829 1757 3900 Χερουϐὶμ
1788 3829 1958 3898 ὑπερ-

384 3923 515 3992 τέρα
540 3921 841 3992 τιμιωτέρα
871 3937 931 3973 τε
953 3961 967 3985 ,
1004 3920 1248 3986 παναγία
1281 3919 1547 3989 Παρθένε,
1574 3919 1675 3988 τῆς
1703 3919 1953 3984 κτίσεως,

383 4013 622 4068 δυσώπει
654 4012 792 4083 ὑπὲρ
821 4012 929 4066 τῶν
954 4014 1012 4066 ἐν
1046 4012 1229 4065 πίστει
1253 4010 1340 4066 ἀεί
1366 4026 1425 4064 σε
1455 4009 1809 4077 δοξαζόντων.

614 4184 731 4253 Τὴν
765 4182 1057 4253 ζωοδόχον
1093 4183 1299 4254 πηγὴν
1335 4183 1448 4251 τὴν
1486 4182 1729 4240 ἀέναον.

453 4274 828 4343 Ἀγαλλιάσθω
856 4274 890 4345 ἡ
920 4274 994 4345 γῆ
1027 4276 1176 4329 πᾶσα
1208 4276 1469 4346 σήμερον,
1497 4277 1590 4331 καὶ
1616 4276 1955 4350 εὐφροσύνην

383 4372 602 4441 νεφέλαι
637 4369 958 4441 ρανάτωσαν
978 4385 991 4398 ·
1022 4370 1051 4422 ό
1081 4371 1180 4441 τῆς
1201 4367 1358 4438 δόξης
1390 4371 1593 4444 Κύριος
1624 4373 1956 4444 σταυρωθεὶς

382 4464 703 4535 ἐγήγερται,
738 4461 944 4532 φθορᾶς
986 4460 1216 4517 θανάτου
1261 4461 1409 4529 ἡμᾶς
1437 4463 1828 4537 ἐλευθερώσας,
1860 4465 1954 4518 καὶ

382 4555 658 4627 ἀφθαρσίᾳ
683 4552 1005 4625 λαμπρύνας
1032 4552 1108 4616 ὡς
1140 4551 1532 4628 εὔσπλαγχνος.

452 4646 613 4716 Μύρα
661 4645 794 4698 ποτέ
842 4645 1196 4714 κομιζούσαις
1231 4647 1328 4702 σὺν
1369 4647 1599 4718 δάκρυσι
1629 4649 1746 4710 ταῖς
1776 4647 1956 4718 ίεραῖς

383 4736 628 4806 γυναιξὶν
673 4733 1052 4804 ἀπεφθέγγετο
1103 4740 1132 4791 ὀ
1181 4738 1515 4811 ἀστράπτων
1559 4738 1789 4807 ἄγγελος
1840 4755 1956 4806 φαι-

383 4828 544 4898 δρῶςο
569 4826 658 4880 Ἐν
685 4826 763 4897 τῷ
798 4829 1043 4899 μνήματι
1075 4828 1214 4900 μετά
1242 4829 1453 4901 νεκρῶν
1484 4830 1581 4900 τὴν
1610 4829 1755 4901 ζωὴν
1780 4828 1834 4882 τί
1861 4828 1956 4883 ἐκ·

386 4918 632 4990 ζτγιεῖτες
676 4919 808 4973 Ἰδοὺ
843 4920 1046 4990 ἀνέστη
1080 4922 1323 4990 φωτίσας
1345 4923 1414 4976 τὰ
1445 4924 1752 4993 σύμπαντα.

428 5006 435 5013 ’
470 5011 535 5064 Ἦ
574 5010 867 5081 φωταυγὴς
902 5011 998 5064 τοῦ
1031 5010 1166 5064 Θεοῦ
1197 5011 1352 5082 ήμῶν
1382 5011 1598 5083 ἔγερσις
1629 5013 1769 5085 ὑπὲρ
1802 5013 1955 5085 ἡλίου

272 5171 275 5175 γ
389 5098 561 5168 αὺγάς
587 5098 1041 5169 καταλάμπουσα,
1077 5101 1202 5163 τοὺς
1227 5101 1453 5165 πιστοὺς
1481 5102 1539 5155 ἐν
1568 5102 1847 5174 Πνεύματι
1876 5105 1954 5168 είς

390 5190 588 5254 αἰῶνας
616 5191 862 5255 ἃπαντας
894 5194 1250 5260 φωταγωγεῖ,
1280 5191 1467 5260 ὁδηγεῖ
1494 5192 1630 5264 πρὸς
1656 5194 1952 5265 σωτηρίαν,

329 5276 347 5286 ’
385 5283 454 5354 ἢν
479 5282 705 5355 καθαρῷ
733 5279 978 5353 λογισμῷ
1008 5282 1375 5354 ἐορτάσωμεν.

453 5374 909 5445 Νενεκρωμένους
933 5375 1079 5445 ἡμᾶς
1110 5374 1547 5446 παραπτώμασιν
1590 5376 1623 5445 ὴ
1669 5373 1765 5446 τήν
1808 5374 1954 5444 ζωὴν

382 5462 481 5535 τὴν
508 5463 726 5517 αἰώνιον
754 5462 977 5530 τέξασα,
1005 5464 1254 5526 Θεοτόκε,
1280 5462 1517 5530 ζὼωσον,
1546 5466 1640 5518 καὶ
1664 5469 1837 5518 ποιεῖν
1866 5467 1955 5519 εύ-

379 5555 580 5609 όδωσον
626 5553 697 5606 τὰ
741 5555 878 5626 πρὸς
921 5554 1067 5626 ζωὴν
1092 5554 1309 5624 ἀληθῶς
1350 5555 1776 5627 καθώηγοῦντα,
1807 5558 1977 5620 ὅπως

386 5646 592 5711 πιστῶς
626 5662 684 5699 σε
716 5648 803 5700 ἀεὶ
834 5647 1248 5718 μεγαλύνωμεν.

738 5740 849 5791 Τὸν
883 5736 951 5790 ἐν
987 5737 1214 5806 καμίνῳ
1249 5740 1357 5794 τοῦ
1393 5741 1602 5808 πυρός.

455 5826 558 5883 Τὴν
607 5826 887 5897 ὕψωθέντα
936 5829 992 5881 ἐν
1047 5828 1262 5900 σταυρῷ
1293 5834 1384 5883 καὶ
1415 5833 1654 5902 ταφέντα
1692 5831 1750 5884 ἐν
1793 5832 1954 5902 σαρκὶ

1979 3233 2026 3292 α

2062 645 2252 698 mortis
2310 644 2657 708 illuminans,
2695 656 2926 711 surgens
2973 659 3040 699 ex
3103 644 3332 700 mortuis
3389 656 3447 699 ut
3507 648 3628 713 sol,

2061 733 2297 788 miscens
2325 741 2377 789 te
2413 734 2734 789 mulieribus
2776 750 2897 804 qua:
2933 734 3181 789 ferebant
3209 744 3475 803 aromata,
3505 752 3630 793 cum

2058 825 2165 880 illis
2201 824 2653 896 congloriﬁcabas
2688 827 2999 881 Dominum.

2492 913 2690 969 Lumen
2717 915 2992 984 producito
3028 916 3194 970 nobis.

2129 1001 2371 1074 Populus
2407 1003 2710 1062 Hebraicus
2759 1007 2925 1062 aliixit
2958 1015 3013 1063 te
3047 1007 3197 1062 cruci
3229 997 3614 1077 lenganimiter

2057 1098 2369 1169 patientem,
2395 1106 2449 1153 et
2489 1108 2584 1154 tuo
2616 1099 2717 1154 hoc
2749 1100 3020 1170 supplicio
3055 1100 3316 1155 mundum
3351 1100 3625 1153 infinitum

2059 1203 2359 1256 omnesque
2418 1198 2615 1261 gentes
2677 1191 3019 1260 salvantem,
3079 1190 3238 1247 valde
3312 1189 3628 1246 misericors

2059 1279 2206 1334 Deus
2234 1287 2443 1336 noster.

2129 1369 2250 1424 Non
2317 1368 2635 1440 confregisti
2702 1369 2943 1440 sigillum
2997 1371 3196 1442 lapidis
3267 1371 3322 1426 in
3375 1384 3628 1425 resurre-

2059 1463 2237 1518 ctione
2256 1471 2366 1524 tua,
2385 1461 2527 1517 sicut
2559 1461 2613 1515 in
2635 1463 2909 1517 nascendo
2932 1447 3127 1516 matris
3156 1460 3515 1531 parturientis
3547 1469 3627 1526 te,

2058 1554 2203 1608 Deus
2234 1566 2440 1621 noster,
2473 1552 2686 1608 vulvam
2731 1568 2843 1609 non
2897 1567 3218 1626 aperueras,
3266 1552 3466 1606 intacta
3507 1554 3629 1624 ejus

2057 1643 2391 1712 virginitate.

2129 1734 2383 1790 Mulieres
2415 1747 2539 1789 cum
2567 1734 2835 1788 vidissent
2876 1739 3129 1805 angelum
3177 1720 3376 1803 praeter
3419 1747 3629 1788 morem

2062 1826 2320 1880 vestitum
2370 1825 2602 1893 lucequc
2649 1823 3008 1895 refulgentem
3056 1824 3290 1886 caalesti,
3327 1823 3630 1893 obstupue-

1986 1891 2033 1952 Β
2060 1927 2190 1972 runt
2246 1917 2361 1972 lucc
2408 1891 2693 1993 audientes
2734 1891 2899 1970 verba
2935 1932 2949 1969 :
2983 1913 3162 1970 Nolite
3200 1913 3350 1983 ﬂere,
3382 1891 3633 1970 resurre-

2063 2010 2143 2062 xit
2174 2007 2460 2064 Dominus.

2129 2100 2421 2171 Pcpcristi,
2459 2101 2828 2169 immaculata,
2857 2098 2953 2155 Dei
2991 2113 3188 2169 parens
3233 2104 3480 2155 sanctum
3523 2098 3628 2153 Do-

2058 2190 2268 2247 minum
2324 2191 2785 2258 Dominationum,
2833 2190 3135 2246 inferorum
3194 2204 3504 2246 eversorem
3559 2196 3614 2245 et

2059 2298 2246 2340 secum
2282 2298 2473 2339 omnes
2496 2283 2746 2339 homines
2777 2296 3068 2353 assurgere
3098 2280 3410 2336 facientem.

2086 2376 2089 2377 ⁷
2372 2372 2644 2445 Hymnum
2684 2374 2739 2427 in
2775 2371 2993 2441 fornace
3018 2379 3314 2435 cantantes.

2132 2462 2451 2520 Volu'ntarie
2489 2464 2809 2521 crucifixum
2867 2472 2922 2519 et
2972 2462 3209 2532 positum
3266 2461 3322 2515 in
3381 2458 3631 2529 sepulcro

2060 2555 2341 2612 Christum
2401 2557 2614 2622 Deum,
2681 2557 2895 2613 irritam
2958 2554 3247 2609 facientem
3308 2557 3630 2622 potestatem

2060 2647 2257 2700 mortis
2275 2646 2642 2705 celebremus.

2136 2734 2301 2793 Visus
2353 2753 2432 2804 es,
2489 2738 2761 2802 Salvator,
2818 2734 3141 2793 mulieribus
3195 2747 3226 2787 a
3273 2740 3625 2786 monumento

2059 2826 2370 2897 evigilatus,
2400 2844 2538 2898 quas
2567 2831 2740 2886 mittis
2769 2829 2835 2884 ad
2874 2826 3152 2898 aposmlos
3199 2828 3303 2884 hoc
3340 2829 3627 2884 nuntiatu-

2061 2929 2153 2969 ras
2181 2928 2517 2986 quapropter
2546 2918 2834 2973 laudamus
2876 2925 2930 2971 te
2961 2932 3057 2987 per
3086 2932 3248 2973 omne
3279 2923 3529 2995 factum.»

2130 3083 2369 3152 Christe,
2394 3094 2569 3142 morte
2594 3094 2686 3143 tua
2722 3097 2950 3143 mortem
2983 3102 3276 3157 resurgens
3310 3083 3629 3141 destruxisti

2059 3186 2114 3234 et
2164 3177 2362 3249 dignos
2412 3178 2944 3236 eil‘ecisti'mortuos
2980 3179 3075 3249 qui
3136 3178 3300 3232 vitam
3358 3177 3627 3233 haberent

2059 3277 2318 3324 aeternam
2349 3285 2365 3335 ;
2398 3269 2754 3338 quamobrem
2803 3270 3176 3327 benedicimus
3222 3268 3320 3323 tibi
3371 3268 3631 3324 saeculum
3664 3299 3669 3305 ο

2058 3375 2158 3432 per
2182 3372 2364 3416 omne.

2129 3452 2516 3510 Exsuscitatus
2564 3452 2751 3510 dixisti
2797 3453 3124 3524 discipulis:
3172 3455 3522 3513 Festinantes
3558 3457 3632 3513 ite

2058 3560 2155 3616 per
2176 3552 2349 3599 totum
2408 3545 2674 3599 mundum
2738 3545 3059 3600 nuntiantes
3105 3561 3279 3601 meam
3332 3548 3629 3615 potentiam

2058 3636 2310 3706 fugantes
2343 3635 2669 3706 gentilitatis
2701 3637 2957 3691 tenebras
3006 3644 3064 3689 ut
3103 3635 3260 3689 locus
3316 3635 3477 3689 detur
3517 3637 3630 3692 luci

2057 3727 2324 3783 veritatis.

2131 3815 2269 3871 Cum
2308 3831 2475 3885 super
2515 3816 2688 3873 caelos
2719 3815 2797 3870 sis
2819 3817 3055 3871 exaltata
3087 3824 3144 3871 et
3169 3817 3459 3885 przcmines
3485 3819 3629 3873 Clie-

2058 3912 2258 3975 rubim,
2295 3911 2418 3980 plus
2445 3910 2768 3965 honoranda
2798 3911 3010 3967 caeteris
3038 3911 3297 3966 omnibus
3335 3911 3627 3976 creaturis,

2056 4003 2219 4074 Virgo
2243 4004 2468 4057 omnino
2499 4011 2714 4072 sancta,
2750 4003 2918 4060 funde
2952 4017 3145 4074 preces
3173 4016 3271 4073 pro
3314 4002 3629 4074 gloriﬁcan-

2055 4095 2201 4151 tibus
2229 4102 2281 4150 te
2310 4093 2666 4152 confidenter.
3314 4088 3317 4093 ’

2236 4185 2457 4243 Fontcm
2488 4188 2611 4243 vita!
2641 4190 2697 4241 in
2747 4195 3002 4243 cateruam
3049 4192 3444 4246 scaturientcm.

2130 4278 2334 4334 Laetare
2363 4278 2549 4342 hodie,
2578 4277 2759 4334 omnis
2811 4285 2976 4344 terra,
3009 4280 3304 4351 pluantque
3341 4282 3514 4338 nubes
3538 4282 3627 4354 ju-

2056 4370 2338 4427 llilationis
2379 4384 2557 4424 rorem
2590 4386 2604 4425 :
2653 4367 2796 4425 Deus
2826 4369 3014 4439 gloria:
3045 4374 3340 4430 cruciﬁxus
3371 4389 3619 4430 resurre-

2054 4459 2133 4514 xit
2164 4460 2402 4516 liberans
2432 4473 2532 4513 nos
2554 4472 2584 4511 a
2614 4460 2973 4530 corruptione
2999 4463 3216 4527 mortis,
3243 4464 3626 4535 decoransque

1986 4578 2030 4634 ι)
2062 4559 2249 4621 utpote
2278 4550 2435 4606 valde
2468 4549 2786 4606 misericors
2812 4551 3240 4609 immortalitate.
3284 4575 3301 4605 ι

2076 4638 2367 4713 ωλΑηεθιυε
2395 4643 2687 4713 splendore
2714 4639 2994 4711 refulgens
3033 4643 3142 4714 piis
3179 4643 3397 4701 dicebat
3426 4645 3621 4702 mulie-

2056 4734 2208 4789 ribus
2264 4733 2395 4789 olim
2448 4742 2696 4789 aromata
2759 4731 3061 4789 ferentibus
3131 4750 3256 4789 cum
3329 4736 3621 4807 lacrymis:

2057 4823 2197 4891 Quid
2226 4832 2314 4880 est
2342 4825 2488 4895 quod
2522 4825 2770 4895 quaeritis
2819 4837 3098 4883 auctorem
3133 4837 3258 4883 vute
3309 4829 3452 4883 inter
3476 4843 3623 4881 mor-

2059 4915 2227 4970 tuos?
2257 4930 2385 4971 ecce
2425 4916 2730 4971 resurrexit
2765 4926 2965 4972 cuncta
3001 4918 3344 4973 illuminans.
3522 4914 3527 4918 ’

2129 5005 2280 5062 Hanc
2331 5007 2435 5077 piis
2485 5008 2826 5064 celebremus
2876 5008 3623 5064 cantibusresurrectionem

2057 5098 2232 5154 nostri
2276 5098 2389 5165 Dei,
2442 5115 2565 5170 qua
2611 5100 2903 5170 splendore
2956 5109 3175 5171 eruperat
3219 5099 3399 5153 radios
3446 5099 3619 5160 solis.

2058 5191 2365 5246 illuminare
2392 5206 2489 5261 per
2516 5207 2676 5248 omne
2707 5193 2963 5272 saculpm
2991 5205 3182 5245 omnes
3210 5190 3264 5244 in
3295 5188 3500 5258 Spiritu
3557 5194 3623 5241 ti-

2055 5280 2228 5343 deles,
2264 5281 2524 5352 ducitque
2553 5296 2650 5353 per
2683 5283 2823 5338 viam
2850 5279 3062 5336 salutis.

2127 5370 2296 5427 Mater
2328 5370 2421 5426 Dei
2448 5387 2571 5442 quae
2611 5372 2752 5427 hunc
2780 5370 3020 5440 genuisti
3063 5368 3154 5438 qui
3183 5368 3291 5422 vita
3334 5374 3441 5434 est,
3474 5368 3623 5422 salva

2055 5479 2160 5519 nos
2186 5464 2667 5534 peccatismostris
2699 5469 2964 5524 mortuos,
3014 5469 3082 5537 et.
3108 5460 3175 5515 da
3206 5459 3366 5514 nobis
3408 5457 3622 5528 operari

2055 5571 2176 5626 qua:
2204 5553 2270 5608 ad
2300 5555 2465 5609 vitam
2499 5553 2703 5608 ducant
2731 5560 2990 5607 aeternam
3020 5559 3080 5605 ut
3120 5560 3171 5606 te
3202 5564 3416 5620 semper
3445 5550 3620 5604 extol-

2056 5647 2257 5700 lamus.

2586 5730 2652 5785 In
2687 5730 2903 5799 fornace
2936 5732 3095 5803 ignis.

2130 5829 2409 5885 Christum
2444 5825 2748 5881 voluntarie
2784 5836 3025 5881 erectum
3052 5826 3104 5879 in
3146 5838 3327 5890 cruce,
3360 5830 3414 5882 ct
3437 5833 3617 5882 tumn-
