  <div class='ocr_page' id='page_1' title='image "/cluster/home/n/w/nwhite01/storage/ocr_20150623/87 pt.3 1965/mdp.39015012172931/612.png"; bbox 0 0 3986 6236; ppageno 0'>
   <div class='ocr_carea' id='block_1_1' title="bbox 385 393 526 512">
    <p class='ocr_par' dir='ltr' id='par_1_1' title="bbox 385 393 526 512">
     <span class='ocr_line' id='line_1_1' title="bbox 385 393 526 512; baseline 0 0"><span class='ocrx_word' id='word_1_1' title='bbox 385 393 526 512; x_wconf 71' lang='grc'><strong>3941¹</strong></span> 
     </span>
    </p>
   </div>
   <div class='ocr_carea' id='block_1_2' title="bbox 1785 441 2197 503">
    <p class='ocr_par' dir='ltr' id='par_1_2' title="bbox 1785 441 2197 503">
     <span class='ocr_line' id='line_1_2' title="bbox 1785 441 2197 503; baseline 0 -1"><span class='ocrx_word' id='word_1_2' title='bbox 1785 441 2197 503; x_wconf 70' lang='lat' dir='ltr'><strong>TRIODIUM.</strong></span> 
     </span>
    </p>
   </div>
   <div class='ocr_carea' id='block_1_3' title="bbox 2295 347 2380 360">
    <p class='ocr_par' dir='ltr' id='par_1_3' title="bbox 2295 347 2380 360">
     <span class='ocr_line' id='line_1_3' title="bbox 2295 347 2380 360; baseline 0 0"><span class='ocrx_word' id='word_1_3' title='bbox 2295 347 2380 360; x_wconf 56' lang='grc' dir='ltr'><strong>’θ’</strong></span> 
     </span>
    </p>
   </div>
   <div class='ocr_carea' id='block_1_4' title="bbox 3511 433 3652 499">
    <p class='ocr_par' dir='ltr' id='par_1_4' title="bbox 3511 433 3652 499">
     <span class='ocr_line' id='line_1_4' title="bbox 3511 433 3652 499; baseline 0.05 -7"><span class='ocrx_word' id='word_1_4' title='bbox 3511 433 3652 499; x_wconf 68' lang='lat' dir='ltr'><strong>flii-2</strong></span> 
     </span>
    </p>
   </div>
   <div class='ocr_carea' id='block_1_5' title="bbox 386 549 1978 628">
    <p class='ocr_par' dir='ltr' id='par_1_5' title="bbox 386 551 1978 628">
     <span class='ocr_line' id='line_1_5' title="bbox 386 551 1978 628; baseline -0.004 -17"><span class='ocrx_word' id='word_1_5' title='bbox 386 562 510 622; x_wconf 74' lang='grc' dir='ltr'>τιὺς</span> <span class='ocrx_word' id='word_1_6' title='bbox 535 554 944 628; x_wconf 71' lang='grc' dir='ltr'>πεπεδημένους</span> <span class='ocrx_word' id='word_1_7' title='bbox 977 554 1191 625; x_wconf 76' lang='grc' dir='ltr'>ἐξάγεις</span> <span class='ocrx_word' id='word_1_8' title='bbox 1219 552 1276 606; x_wconf 86' lang='grc' dir='ltr'><strong>ἐν</strong></span> <span class='ocrx_word' id='word_1_9' title='bbox 1306 551 1550 624; x_wconf 66' lang='grc' dir='ltr'>ἀνδρείᾳ,</span> <span class='ocrx_word' id='word_1_10' title='bbox 1569 553 1603 622; x_wconf 81' lang='grc' dir='ltr'>ἡ</span> <span class='ocrx_word' id='word_1_11' title='bbox 1627 551 1847 604; x_wconf 80' lang='grc' dir='ltr'>πάντων</span> <span class='ocrx_word' id='word_1_12' title='bbox 1873 569 1978 605; x_wconf 81' lang='grc' dir='ltr'>σω-</span> 
     </span>
    </p>
   </div>
   <div class='ocr_carea' id='block_1_6' title="bbox 2103 549 3640 628">
    <p class='ocr_par' dir='ltr' id='par_1_6' title="bbox 2103 549 3640 620">
     <span class='ocr_line' id='line_1_6' title="bbox 2103 549 3640 620; baseline 0.002 -15"><span class='ocrx_word' id='word_1_13' title='bbox 2103 560 2302 617; x_wconf 77' lang='lat' dir='ltr'><strong>nortis,</strong></span> <span class='ocrx_word' id='word_1_14' title='bbox 2329 559 2384 605; x_wconf 92' lang='lat' dir='ltr'><strong>et</strong></span> <span class='ocrx_word' id='word_1_15' title='bbox 2417 551 2484 606; x_wconf 90' lang='lat' dir='ltr'><strong>de</strong></span> <span class='ocrx_word' id='word_1_16' title='bbox 2510 549 2631 619; x_wconf 86' lang='lat' dir='ltr'><strong>ejus</strong></span> <span class='ocrx_word' id='word_1_17' title='bbox 2672 551 2904 620; x_wconf 85' lang='lat' dir='ltr'><strong>imperio</strong></span> <span class='ocrx_word' id='word_1_18' title='bbox 2925 551 3208 608; x_wconf 79' lang='lat' dir='ltr'><strong>devinctos</strong></span> <span class='ocrx_word' id='word_1_19' title='bbox 3235 553 3309 608; x_wconf 79' lang='lat' dir='ltr'><strong>lbi</strong></span> <span class='ocrx_word' id='word_1_20' title='bbox 3341 553 3396 608; x_wconf 89' lang='lat' dir='ltr'><strong>in</strong></span> <span class='ocrx_word' id='word_1_21' title='bbox 3423 556 3640 608; x_wconf 77' lang='lat' dir='ltr'><strong>fortitu-</strong></span> 
     </span>
    </p>
   </div>
   <div class='ocr_carea' id='block_1_7' title="bbox 386 664 1966 806">
    <p class='ocr_par' dir='ltr' id='par_1_7' title="bbox 386 664 1966 806">
     <span class='ocr_line' id='line_1_7' title="bbox 386 664 1966 806; baseline -0.004 -17"><span class='ocrx_word' id='word_1_22' title='bbox 386 664 672 806; x_wconf 50' lang='lat' dir='ltr'><strong>meﬂzon;</strong></span> <span class='ocrx_word' id='word_1_23' title='bbox 701 736 812 798; x_wconf 88' lang='grc' dir='ltr'>τοῖς</span> <span class='ocrx_word' id='word_1_24' title='bbox 844 730 955 798; x_wconf 81' lang='grc' dir='ltr'>σοῖς</span> <span class='ocrx_word' id='word_1_25' title='bbox 1000 732 1268 804; x_wconf 77' lang='grc' dir='ltr'><strong>μαθηταῖς</strong></span> <span class='ocrx_word' id='word_1_26' title='bbox 1298 733 1355 784; x_wconf 84' lang='grc' dir='ltr'><strong>ἐν</strong></span> <span class='ocrx_word' id='word_1_27' title='bbox 1387 730 1600 794; x_wconf 80' lang='grc' dir='ltr'>πολλοῖς</span> <span class='ocrx_word' id='word_1_28' title='bbox 1628 730 1966 801; x_wconf 77' lang='grc' dir='ltr'><strong>τεκμηρίοις,</strong></span> 
     </span>
    </p>
   </div>
   <div class='ocr_carea' id='block_1_8' title="bbox 388 826 1964 901">
    <p class='ocr_par' dir='ltr' id='par_1_8' title="bbox 388 826 1964 901">
     <span class='ocr_line' id='line_1_8' title="bbox 388 826 1964 901; baseline -0.006 -16"><span class='ocrx_word' id='word_1_29' title='bbox 388 833 474 900; x_wconf 78' lang='grc' dir='ltr'>ἐφ’</span> <span class='ocrx_word' id='word_1_30' title='bbox 500 829 732 901; x_wconf 77' lang='grc' dir='ltr'>ἡμέρας,</span> <span class='ocrx_word' id='word_1_31' title='bbox 760 828 1066 899; x_wconf 84' lang='grc' dir='ltr'>οἱκτίρμον,</span> <span class='ocrx_word' id='word_1_32' title='bbox 1097 826 1723 898; x_wconf 87' lang='grc' dir='ltr'>τεσσαράκοντα,αύτοῖς</span> <span class='ocrx_word' id='word_1_33' title='bbox 1747 826 1964 880; x_wconf 85' lang='grc' dir='ltr'>πιστού-</span> 
     </span>
    </p>
   </div>
   <div class='ocr_carea' id='block_1_9' title="bbox 391 917 1970 994">
    <p class='ocr_par' dir='ltr' id='par_1_9' title="bbox 391 917 1970 994">
     <span class='ocr_line' id='line_1_9' title="bbox 391 917 1970 994; baseline -0.014 -5"><span class='ocrx_word' id='word_1_34' title='bbox 391 940 574 994; x_wconf 79' lang='grc' dir='ltr'>μενος,</span> <span class='ocrx_word' id='word_1_35' title='bbox 599 919 836 991; x_wconf 79' lang='grc' dir='ltr'>κηρύξαι</span> <span class='ocrx_word' id='word_1_36' title='bbox 868 921 947 984; x_wconf 80' lang='grc' dir='ltr'><strong>είς</strong></span> <span class='ocrx_word' id='word_1_37' title='bbox 983 920 1200 975; x_wconf 83' lang='grc' dir='ltr'>ᾶπαντα</span> <span class='ocrx_word' id='word_1_38' title='bbox 1229 919 1321 972; x_wconf 82' lang='grc' dir='ltr'>τὸν</span> <span class='ocrx_word' id='word_1_39' title='bbox 1345 919 1548 989; x_wconf 77' lang='grc' dir='ltr'>κόσμον</span> <span class='ocrx_word' id='word_1_40' title='bbox 1573 917 1706 970; x_wconf 80' lang='grc' dir='ltr'>Θεδν</span> <span class='ocrx_word' id='word_1_41' title='bbox 1735 919 1970 988; x_wconf 83' lang='grc' dir='ltr'>ἐγηγερ-</span> 
     </span>
    </p>
   </div>
   <div class='ocr_carea' id='block_1_10' title="bbox 394 1018 572 1089">
    <p class='ocr_par' dir='ltr' id='par_1_10' title="bbox 394 1018 572 1089">
     <span class='ocr_line' id='line_1_10' title="bbox 394 1018 572 1089; baseline 0.006 -21"><span class='ocrx_word' id='word_1_42' title='bbox 394 1018 572 1089; x_wconf 40' lang='grc' dir='ltr'>διένον.</span> 
     </span>
    </p>
   </div>
   <div class='ocr_carea' id='block_1_11' title="bbox 462 1100 1968 1178">
    <p class='ocr_par' dir='ltr' id='par_1_11' title="bbox 462 1100 1968 1178">
     <span class='ocr_line' id='line_1_11' title="bbox 462 1100 1968 1178; baseline -0.006 -16"><span class='ocrx_word' id='word_1_43' title='bbox 462 1107 533 1162; x_wconf 75' lang='grc' dir='ltr'><strong>Σὺ</strong></span> <span class='ocrx_word' id='word_1_44' title='bbox 569 1105 618 1162; x_wconf 78' lang='grc' dir='ltr'>εἶ</span> <span class='ocrx_word' id='word_1_45' title='bbox 650 1110 682 1178; x_wconf 78' lang='grc' dir='ltr'><strong>ἡ</strong></span> <span class='ocrx_word' id='word_1_46' title='bbox 718 1108 935 1161; x_wconf 85' lang='grc' dir='ltr'>πάντων</span> <span class='ocrx_word' id='word_1_47' title='bbox 970 1105 1118 1174; x_wconf 79' lang='grc' dir='ltr'>ζωὴ,</span> <span class='ocrx_word' id='word_1_48' title='bbox 1153 1104 1216 1159; x_wconf 78' lang='grc' dir='ltr'>σὺ</span> <span class='ocrx_word' id='word_1_49' title='bbox 1248 1102 1457 1174; x_wconf 83' lang='grc' dir='ltr'>νεκρῶν</span> <span class='ocrx_word' id='word_1_50' title='bbox 1487 1101 1584 1156; x_wconf 78' lang='grc' dir='ltr'>καὶ</span> <span class='ocrx_word' id='word_1_51' title='bbox 1610 1101 1717 1156; x_wconf 86' lang='grc' dir='ltr'><strong>τῶν</strong></span> <span class='ocrx_word' id='word_1_52' title='bbox 1752 1100 1968 1166; x_wconf 76' lang='grc' dir='ltr'>ζώντων</span> 
     </span>
    </p>
   </div>
   <div class='ocr_carea' id='block_1_12' title="bbox 390 1193 2010 1273">
    <p class='ocr_par' dir='ltr' id='par_1_12' title="bbox 390 1193 2010 1273">
     <span class='ocr_line' id='line_1_12' title="bbox 390 1193 2010 1273; baseline -0.01 -17"><span class='ocrx_word' id='word_1_53' title='bbox 390 1204 424 1273; x_wconf 77' lang='grc' dir='ltr'><strong>ἡ</strong></span> <span class='ocrx_word' id='word_1_54' title='bbox 461 1201 825 1271; x_wconf 84' lang='grc' dir='ltr'>παράκλησις,</span> <span class='ocrx_word' id='word_1_55' title='bbox 856 1198 1017 1265; x_wconf 85' lang='grc' dir='ltr'>Λόγε,</span> <span class='ocrx_word' id='word_1_56' title='bbox 1050 1196 1140 1248; x_wconf 58' lang='grc' dir='ltr'>καὶ</span> <span class='ocrx_word' id='word_1_57' title='bbox 1169 1195 1314 1266; x_wconf 78' lang='grc' dir='ltr'>χαρὰ</span> <span class='ocrx_word' id='word_1_58' title='bbox 1351 1194 1443 1248; x_wconf 63' lang='grc' dir='ltr'>καὶ</span> <span class='ocrx_word' id='word_1_59' title='bbox 1473 1193 1752 1264; x_wconf 79' lang='grc' dir='ltr'>φωτισμδς</span> <span class='ocrx_word' id='word_1_60' title='bbox 1782 1196 1810 1246; x_wconf 97' lang='lat'><strong>6</strong></span> <span class='ocrx_word' id='word_1_61' title='bbox 1838 1194 1968 1264; x_wconf 65' lang='grc' dir='ltr'>λάμ.</span> <span class='ocrx_word' id='word_1_62' title='bbox 2003 1230 2010 1238; x_wconf 95' lang='grc'><strong>.</strong></span> 
     </span>
    </p>
   </div>
   <div class='ocr_carea' id='block_1_13' title="bbox 388 1285 1970 1364">
    <p class='ocr_par' dir='ltr' id='par_1_13' title="bbox 388 1285 1970 1364">
     <span class='ocr_line' id='line_1_13' title="bbox 388 1285 1970 1364; baseline -0.007 -16"><span class='ocrx_word' id='word_1_63' title='bbox 388 1295 496 1364; x_wconf 61' lang='grc' dir='ltr'><strong>ψας</strong></span> <span class='ocrx_word' id='word_1_64' title='bbox 522 1297 586 1347; x_wconf 86' lang='grc' dir='ltr'><strong>ἐκ</strong></span> <span class='ocrx_word' id='word_1_65' title='bbox 618 1290 916 1362; x_wconf 77' lang='grc' dir='ltr'><strong>Παρθένου,</strong></span> <span class='ocrx_word' id='word_1_66' title='bbox 943 1289 1036 1342; x_wconf 75' lang='grc' dir='ltr'>καὶ</span> <span class='ocrx_word' id='word_1_67' title='bbox 1073 1287 1311 1350; x_wconf 69' lang='grc' dir='ltr'>ἀναστάς</span> <span class='ocrx_word' id='word_1_68' title='bbox 1342 1287 1406 1339; x_wconf 87' lang='grc' dir='ltr'><strong>ἐκ</strong></span> <span class='ocrx_word' id='word_1_69' title='bbox 1437 1286 1610 1354; x_wconf 80' lang='grc' dir='ltr'>τάφου</span> <span class='ocrx_word' id='word_1_70' title='bbox 1641 1287 1721 1349; x_wconf 86' lang='grc' dir='ltr'><strong>είς</strong></span> <span class='ocrx_word' id='word_1_71' title='bbox 1752 1285 1970 1338; x_wconf 84' lang='grc' dir='ltr'>πάντων</span> 
     </span>
    </p>
   </div>
   <div class='ocr_carea' id='block_1_14' title="bbox 393 1386 686 1458">
    <p class='ocr_par' dir='ltr' id='par_1_14' title="bbox 393 1386 686 1458">
     <span class='ocr_line' id='line_1_14' title="bbox 393 1386 686 1458; baseline -0.01 -18"><span class='ocrx_word' id='word_1_72' title='bbox 393 1404 539 1458; x_wconf 70' lang='grc' dir='ltr'>σωτη</span> <span class='ocrx_word' id='word_1_73' title='bbox 547 1386 686 1457; x_wconf 88' lang='grc' dir='ltr'>ρίαν.</span> 
     </span>
    </p>
   </div>
   <div class='ocr_carea' id='block_1_15' title="bbox 607 1470 1744 1545">
    <p class='ocr_par' dir='ltr' id='par_1_15' title="bbox 607 1470 1744 1545">
     <span class='ocr_line' id='line_1_15' title="bbox 607 1470 1744 1545; baseline -0.006 -15"><span class='ocrx_word' id='word_1_74' title='bbox 607 1474 731 1531; x_wconf 84' lang='grc' dir='ltr'><strong>Τῶν</strong></span> <span class='ocrx_word' id='word_1_75' title='bbox 768 1473 1038 1545; x_wconf 54' lang='lat' dir='ltr'><strong>rurae-(Br</strong></span> <span class='ocrx_word' id='word_1_76' title='bbox 1077 1473 1166 1538; x_wconf 83' lang='grc' dir='ltr'><strong>τίς</strong></span> <span class='ocrx_word' id='word_1_77' title='bbox 1190 1471 1420 1540; x_wconf 75' lang='grc' dir='ltr'>ἤκουσε</span> <span class='ocrx_word' id='word_1_78' title='bbox 1445 1470 1714 1524; x_wconf 81' lang='grc' dir='ltr'>τοιοῦτον</span> <span class='ocrx_word' id='word_1_79' title='bbox 1725 1487 1744 1535; x_wconf 89' lang='grc'><em>;</em></span> 
     </span>
    </p>
   </div>
   <div class='ocr_carea' id='block_1_16' title="bbox 457 1562 1966 1640">
    <p class='ocr_par' dir='ltr' id='par_1_16' title="bbox 457 1562 1966 1640">
     <span class='ocr_line' id='line_1_16' title="bbox 457 1562 1966 1640; baseline -0.007 -16"><span class='ocrx_word' id='word_1_80' title='bbox 457 1571 516 1624; x_wconf 88' lang='lat'><strong>&#39;0</strong></span> <span class='ocrx_word' id='word_1_81' title='bbox 534 1568 866 1640; x_wconf 74' lang='grc' dir='ltr'>σταυρωθεὶς</span> <span class='ocrx_word' id='word_1_82' title='bbox 887 1568 1181 1637; x_wconf 82' lang='grc' dir='ltr'>τριήμερος</span> <span class='ocrx_word' id='word_1_83' title='bbox 1204 1565 1461 1634; x_wconf 77' lang='grc' dir='ltr'><strong>ἀνέστης,</strong></span> <span class='ocrx_word' id='word_1_84' title='bbox 1476 1562 1658 1625; x_wconf 86' lang='grc' dir='ltr'>καθὼς</span> <span class='ocrx_word' id='word_1_85' title='bbox 1684 1563 1966 1632; x_wconf 81' lang='grc' dir='ltr'>προεῖπες,</span> 
     </span>
    </p>
   </div>
   <div class='ocr_carea' id='block_1_17' title="bbox 391 1655 1969 1734">
    <p class='ocr_par' dir='ltr' id='par_1_17' title="bbox 391 1655 1969 1734">
     <span class='ocr_line' id='line_1_17' title="bbox 391 1655 1969 1734; baseline -0.008 -15"><span class='ocrx_word' id='word_1_86' title='bbox 391 1666 457 1719; x_wconf 74' lang='grc' dir='ltr'><strong>ἐκ</strong></span> <span class='ocrx_word' id='word_1_87' title='bbox 485 1661 720 1734; x_wconf 82' lang='grc' dir='ltr'>νεκρῶν,</span> <span class='ocrx_word' id='word_1_88' title='bbox 752 1659 1162 1726; x_wconf 82' lang='grc' dir='ltr'>συναναστήσας</span> <span class='ocrx_word' id='word_1_89' title='bbox 1204 1656 1294 1708; x_wconf 85' lang='grc' dir='ltr'>τδν</span> <span class='ocrx_word' id='word_1_90' title='bbox 1343 1656 1546 1725; x_wconf 74' lang='grc' dir='ltr'>κόσμον</span> <span class='ocrx_word' id='word_1_91' title='bbox 1581 1657 1646 1724; x_wconf 79' lang='grc' dir='ltr'>τῇ</span> <span class='ocrx_word' id='word_1_92' title='bbox 1676 1655 1969 1708; x_wconf 84' lang='grc' dir='ltr'><strong>ἀναστάσει</strong></span> 
     </span>
    </p>
   </div>
   <div class='ocr_carea' id='block_1_18' title="bbox 394 1743 1970 1819">
    <p class='ocr_par' dir='ltr' id='par_1_18' title="bbox 394 1743 1970 1819">
     <span class='ocr_line' id='line_1_18' title="bbox 394 1743 1970 1819; baseline -0.011 -11"><span class='ocrx_word' id='word_1_93' title='bbox 394 1771 517 1807; x_wconf 73' lang='grc' dir='ltr'>σουο</span> <span class='ocrx_word' id='word_1_94' title='bbox 559 1753 653 1806; x_wconf 67' lang='grc' dir='ltr'>καὶ</span> <span class='ocrx_word' id='word_1_95' title='bbox 682 1748 896 1819; x_wconf 76' lang='grc' dir='ltr'>γυναιξὶ</span> <span class='ocrx_word' id='word_1_96' title='bbox 931 1746 1259 1818; x_wconf 79' lang='grc' dir='ltr'>μυροφὸροις</span> <span class='ocrx_word' id='word_1_97' title='bbox 1291 1744 1532 1815; x_wconf 79' lang='grc' dir='ltr'><strong>πρώταις</strong></span> <span class='ocrx_word' id='word_1_98' title='bbox 1566 1744 1771 1813; x_wconf 78' lang='grc' dir='ltr'>ἐφάνης</span> <span class='ocrx_word' id='word_1_99' title='bbox 1802 1743 1970 1813; x_wconf 81' lang='grc' dir='ltr'>φθεγ-</span> 
     </span>
    </p>
   </div>
   <div class='ocr_carea' id='block_1_19' title="bbox 394 1834 1966 1916">
    <p class='ocr_par' dir='ltr' id='par_1_19' title="bbox 394 1834 1966 1916">
     <span class='ocr_line' id='line_1_19' title="bbox 394 1834 1966 1916; baseline -0.009 -16"><span class='ocrx_word' id='word_1_100' title='bbox 394 1846 624 1916; x_wconf 81' lang='grc' dir='ltr'>ξάμενος</span> <span class='ocrx_word' id='word_1_101' title='bbox 651 1843 733 1906; x_wconf 83' lang='grc' dir='ltr'><strong>τὺ,</strong></span> <span class='ocrx_word' id='word_1_102' title='bbox 753 1841 943 1909; x_wconf 80' lang='grc' dir='ltr'>Χαῖρε,</span> <span class='ocrx_word' id='word_1_103' title='bbox 967 1837 1184 1891; x_wconf 87' lang='grc' dir='ltr'>πάντων</span> <span class='ocrx_word' id='word_1_104' title='bbox 1208 1836 1351 1906; x_wconf 77' lang='grc' dir='ltr'>χαρὰ</span> <span class='ocrx_word' id='word_1_105' title='bbox 1373 1835 1480 1889; x_wconf 90' lang='grc' dir='ltr'><strong>τῶν</strong></span> <span class='ocrx_word' id='word_1_106' title='bbox 1502 1836 1565 1887; x_wconf 86' lang='grc' dir='ltr'><strong>ἐκ</strong></span> <span class='ocrx_word' id='word_1_107' title='bbox 1587 1834 1760 1904; x_wconf 76' lang='grc' dir='ltr'>ψυχῆς</span> <span class='ocrx_word' id='word_1_108' title='bbox 1786 1851 1843 1887; x_wconf 88' lang='grc' dir='ltr'><strong>σε</strong></span> <span class='ocrx_word' id='word_1_109' title='bbox 1872 1851 1966 1886; x_wconf 87' lang='grc' dir='ltr'>πο-</span> 
     </span>
    </p>
   </div>
   <div class='ocr_carea' id='block_1_20' title="bbox 392 1931 952 2001">
    <p class='ocr_par' dir='ltr' id='par_1_20' title="bbox 392 1931 952 2001">
     <span class='ocr_line' id='line_1_20' title="bbox 392 1931 952 2001; baseline -0.007 -11"><span class='ocrx_word' id='word_1_110' title='bbox 392 1937 647 2001; x_wconf 83' lang='grc' dir='ltr'>θούντων,</span> <span class='ocrx_word' id='word_1_111' title='bbox 681 1931 952 1986; x_wconf 79' lang='grc' dir='ltr'>πολυέλεε.</span> 
     </span>
    </p>
   </div>
   <div class='ocr_carea' id='block_1_21' title="bbox 460 2012 1968 2094">
    <p class='ocr_par' dir='ltr' id='par_1_21' title="bbox 460 2012 1968 2094">
     <span class='ocr_line' id='line_1_21' title="bbox 460 2012 1968 2094; baseline -0.011 -14"><span class='ocrx_word' id='word_1_112' title='bbox 460 2026 577 2080; x_wconf 81' lang='grc' dir='ltr'><strong>Νῦν</strong></span> <span class='ocrx_word' id='word_1_113' title='bbox 602 2027 634 2094; x_wconf 79' lang='grc' dir='ltr'><strong>ἡ</strong></span> <span class='ocrx_word' id='word_1_114' title='bbox 675 2023 848 2093; x_wconf 80' lang='grc' dir='ltr'>φθορά</span> <span class='ocrx_word' id='word_1_115' title='bbox 877 2021 1199 2092; x_wconf 73' lang='grc' dir='ltr'>ἠφάνισται·</span> <span class='ocrx_word' id='word_1_116' title='bbox 1231 2015 1465 2086; x_wconf 80' lang='grc' dir='ltr'>Χριστὸς</span> <span class='ocrx_word' id='word_1_117' title='bbox 1490 2014 1598 2084; x_wconf 77' lang='grc' dir='ltr'>γὰρ</span> <span class='ocrx_word' id='word_1_118' title='bbox 1625 2016 1658 2084; x_wconf 86' lang='grc' dir='ltr'>ἠ</span> <span class='ocrx_word' id='word_1_119' title='bbox 1691 2012 1968 2083; x_wconf 87' lang='grc' dir='ltr'>ἀφθαρσία</span> 
     </span>
    </p>
   </div>
   <div class='ocr_carea' id='block_1_22' title="bbox 2070 642 3150 704">
    <p class='ocr_par' dir='ltr' id='par_1_22' title="bbox 2070 642 3150 704">
     <span class='ocr_line' id='line_1_22' title="bbox 2070 642 3150 704; baseline 0.001 -7"><span class='ocrx_word' id='word_1_120' title='bbox 2070 643 2197 697; x_wconf 88' lang='lat' dir='ltr'><strong>dine</strong></span> <span class='ocrx_word' id='word_1_121' title='bbox 2219 649 2313 697; x_wconf 87' lang='lat' dir='ltr'><strong>tua</strong></span> <span class='ocrx_word' id='word_1_122' title='bbox 2346 642 2610 704; x_wconf 78' lang='lat' dir='ltr'><strong>eduxisti,</strong></span> <span class='ocrx_word' id='word_1_123' title='bbox 2635 657 2668 696; x_wconf 96' lang='lat' dir='ltr'><strong>o</strong></span> <span class='ocrx_word' id='word_1_124' title='bbox 2704 645 2856 698; x_wconf 86' lang='lat' dir='ltr'><strong>salus</strong></span> <span class='ocrx_word' id='word_1_125' title='bbox 2885 645 3150 698; x_wconf 88' lang='lat' dir='ltr'><strong>omnium.</strong></span> 
     </span>
    </p>
   </div>
   <div class='ocr_carea' id='block_1_23' title="bbox 2140 733 3646 809">
    <p class='ocr_par' dir='ltr' id='par_1_23' title="bbox 2140 733 3646 809">
     <span class='ocr_line' id='line_1_23' title="bbox 2140 733 3646 809; baseline 0.005 -21"><span class='ocrx_word' id='word_1_126' title='bbox 2140 733 2304 790; x_wconf 84' lang='lat' dir='ltr'><strong>Visus</strong></span> <span class='ocrx_word' id='word_1_127' title='bbox 2333 750 2391 789; x_wconf 86' lang='lat' dir='ltr'><strong>es</strong></span> <span class='ocrx_word' id='word_1_128' title='bbox 2421 735 2708 804; x_wconf 78' lang='lat' dir='ltr'><strong>discipulis</strong></span> <span class='ocrx_word' id='word_1_129' title='bbox 2755 736 2864 788; x_wconf 92' lang='lat' dir='ltr'><strong>tuis</strong></span> <span class='ocrx_word' id='word_1_130' title='bbox 2897 737 3328 791; x_wconf 73' lang='lat' dir='ltr'><strong>misericorditer</strong></span> <span class='ocrx_word' id='word_1_131' title='bbox 3369 754 3646 809; x_wconf 83' lang='lat' dir='ltr'><strong>apparens</strong></span> 
     </span>
    </p>
   </div>
   <div class='ocr_carea' id='block_1_24' title="bbox 2069 825 3643 901">
    <p class='ocr_par' dir='ltr' id='par_1_24' title="bbox 2069 825 3643 901">
     <span class='ocr_line' id='line_1_24' title="bbox 2069 825 3643 901; baseline 0.003 -21"><span class='ocrx_word' id='word_1_132' title='bbox 2069 825 2150 880; x_wconf 88' lang='lat' dir='ltr'><strong>eis</strong></span> <span class='ocrx_word' id='word_1_133' title='bbox 2208 827 2261 880; x_wconf 91' lang='lat' dir='ltr'><strong>in</strong></span> <span class='ocrx_word' id='word_1_134' title='bbox 2317 825 2505 880; x_wconf 89' lang='lat' dir='ltr'><strong>multis</strong></span> <span class='ocrx_word' id='word_1_135' title='bbox 2558 826 2865 894; x_wconf 78' lang='lat' dir='ltr'><strong>augmentis</strong></span> <span class='ocrx_word' id='word_1_136' title='bbox 2916 840 3012 894; x_wconf 85' lang='lat' dir='ltr'><strong>per</strong></span> <span class='ocrx_word' id='word_1_137' title='bbox 3059 827 3176 882; x_wconf 83' lang='lat' dir='ltr'><strong>dies</strong></span> <span class='ocrx_word' id='word_1_138' title='bbox 3233 827 3643 901; x_wconf 78' lang='lat' dir='ltr'><strong>quadraginta,</strong></span> 
     </span>
    </p>
   </div>
   <div class='ocr_carea' id='block_1_25' title="bbox 2069 915 3644 987">
    <p class='ocr_par' dir='ltr' id='par_1_25' title="bbox 2069 915 3644 987">
     <span class='ocr_line' id='line_1_25' title="bbox 2069 915 3644 987; baseline 0.005 -19"><span class='ocrx_word' id='word_1_139' title='bbox 2069 916 2355 969; x_wconf 90' lang='lat' dir='ltr'><strong>hortantes</strong></span> <span class='ocrx_word' id='word_1_140' title='bbox 2394 931 2490 971; x_wconf 88' lang='lat' dir='ltr'><strong>eos</strong></span> <span class='ocrx_word' id='word_1_141' title='bbox 2529 915 2596 970; x_wconf 88' lang='lat' dir='ltr'><strong>ad</strong></span> <span class='ocrx_word' id='word_1_142' title='bbox 2643 916 3080 972; x_wconf 84' lang='lat' dir='ltr'><strong>annuntiandum</strong></span> <span class='ocrx_word' id='word_1_143' title='bbox 3113 932 3209 987; x_wconf 88' lang='lat' dir='ltr'><strong>per</strong></span> <span class='ocrx_word' id='word_1_144' title='bbox 3239 932 3455 974; x_wconf 88' lang='lat' dir='ltr'><strong>omnem</strong></span> <span class='ocrx_word' id='word_1_145' title='bbox 3485 935 3644 976; x_wconf 82' lang='lat' dir='ltr'><strong>mun-</strong></span> 
     </span>
    </p>
   </div>
   <div class='ocr_carea' id='block_1_26' title="bbox 2070 1006 2891 1060">
    <p class='ocr_par' dir='ltr' id='par_1_26' title="bbox 2070 1006 2891 1060">
     <span class='ocr_line' id='line_1_26' title="bbox 2070 1006 2891 1060; baseline -0.001 0"><span class='ocrx_word' id='word_1_146' title='bbox 2070 1006 2200 1060; x_wconf 89' lang='lat' dir='ltr'><strong>dum</strong></span> <span class='ocrx_word' id='word_1_147' title='bbox 2226 1006 2684 1060; x_wconf 86' lang='lat' dir='ltr'><strong>resurrectionem</strong></span> <span class='ocrx_word' id='word_1_148' title='bbox 2718 1013 2891 1059; x_wconf 88' lang='lat' dir='ltr'><strong>tuam.</strong></span> 
     </span>
    </p>
   </div>
   <div class='ocr_carea' id='block_1_27' title="bbox 2140 1095 3643 1162">
    <p class='ocr_par' dir='ltr' id='par_1_27' title="bbox 2140 1095 3643 1162">
     <span class='ocr_line' id='line_1_27' title="bbox 2140 1095 3643 1162; baseline 0.005 -14"><span class='ocrx_word' id='word_1_149' title='bbox 2140 1095 2220 1150; x_wconf 86' lang='lat' dir='ltr'><strong>Tu</strong></span> <span class='ocrx_word' id='word_1_150' title='bbox 2267 1112 2348 1158; x_wconf 91' lang='lat' dir='ltr'><strong>es,</strong></span> <span class='ocrx_word' id='word_1_151' title='bbox 2389 1095 2650 1162; x_wconf 81' lang='lat' dir='ltr'><strong>Verbum,</strong></span> <span class='ocrx_word' id='word_1_152' title='bbox 2686 1097 2930 1151; x_wconf 83' lang='lat' dir='ltr'><strong>omnium</strong></span> <span class='ocrx_word' id='word_1_153' title='bbox 2958 1098 3092 1162; x_wconf 87' lang='lat' dir='ltr'><strong>vita,</strong></span> <span class='ocrx_word' id='word_1_154' title='bbox 3141 1100 3446 1154; x_wconf 77' lang='lat' dir='ltr'><strong>consolatio</strong></span> <span class='ocrx_word' id='word_1_155' title='bbox 3487 1099 3643 1156; x_wconf 87' lang='lat' dir='ltr'><strong>vivo-</strong></span> 
     </span>
    </p>
   </div>
   <div class='ocr_carea' id='block_1_28' title="bbox 2070 1189 3647 1258">
    <p class='ocr_par' dir='ltr' id='par_1_28' title="bbox 2070 1189 3647 1258">
     <span class='ocr_line' id='line_1_28' title="bbox 2070 1189 3647 1258; baseline 0.004 -18"><span class='ocrx_word' id='word_1_156' title='bbox 2070 1202 2187 1240; x_wconf 90' lang='lat' dir='ltr'><strong>rum</strong></span> <span class='ocrx_word' id='word_1_157' title='bbox 2219 1195 2274 1241; x_wconf 92' lang='lat' dir='ltr'><strong>et</strong></span> <span class='ocrx_word' id='word_1_158' title='bbox 2313 1195 2655 1242; x_wconf 88' lang='lat' dir='ltr'><strong>mortuormn</strong></span> <span class='ocrx_word' id='word_1_159' title='bbox 2693 1197 2745 1242; x_wconf 91' lang='lat' dir='ltr'><strong>et</strong></span> <span class='ocrx_word' id='word_1_160' title='bbox 2771 1189 3031 1258; x_wconf 87' lang='lat' dir='ltr'><strong>jubilatio</strong></span> <span class='ocrx_word' id='word_1_161' title='bbox 3061 1198 3115 1244; x_wconf 91' lang='lat' dir='ltr'><strong>et</strong></span> <span class='ocrx_word' id='word_1_162' title='bbox 3141 1189 3233 1244; x_wconf 80' lang='lat' dir='ltr'><strong>lux</strong></span> <span class='ocrx_word' id='word_1_163' title='bbox 3260 1193 3421 1245; x_wconf 83' lang='lat' dir='ltr'><strong>nobis</strong></span> <span class='ocrx_word' id='word_1_164' title='bbox 3456 1203 3647 1248; x_wconf 81' lang='lat' dir='ltr'><strong>exorta</strong></span> 
     </span>
    </p>
   </div>
   <div class='ocr_carea' id='block_1_29' title="bbox 2069 1276 3652 1349">
    <p class='ocr_par' dir='ltr' id='par_1_29' title="bbox 2069 1276 3652 1349">
     <span class='ocr_line' id='line_1_29' title="bbox 2069 1276 3652 1349; baseline 0.006 -18"><span class='ocrx_word' id='word_1_165' title='bbox 2069 1293 2128 1331; x_wconf 92' lang='lat' dir='ltr'><strong>es</strong></span> <span class='ocrx_word' id='word_1_166' title='bbox 2156 1279 2222 1332; x_wconf 90' lang='lat' dir='ltr'><strong>de</strong></span> <span class='ocrx_word' id='word_1_167' title='bbox 2252 1278 2474 1349; x_wconf 80' lang='lat' dir='ltr'><strong>Virgine</strong></span> <span class='ocrx_word' id='word_1_168' title='bbox 2521 1286 2576 1333; x_wconf 90' lang='lat' dir='ltr'><strong>et</strong></span> <span class='ocrx_word' id='word_1_169' title='bbox 2623 1293 2722 1348; x_wconf 90' lang='lat' dir='ltr'><strong>pro</strong></span> <span class='ocrx_word' id='word_1_170' title='bbox 2757 1279 3002 1334; x_wconf 77' lang='lat' dir='ltr'><strong>omnium</strong></span> <span class='ocrx_word' id='word_1_171' title='bbox 3051 1276 3234 1337; x_wconf 84' lang='lat' dir='ltr'><strong>salute</strong></span> <span class='ocrx_word' id='word_1_172' title='bbox 3281 1286 3567 1339; x_wconf 81' lang='lat' dir='ltr'><strong>surrexisti</strong></span> <span class='ocrx_word' id='word_1_173' title='bbox 3615 1303 3652 1341; x_wconf 83' lang='lat' dir='ltr'><strong>e</strong></span> 
     </span>
    </p>
   </div>
   <div class='ocr_carea' id='block_1_30' title="bbox 2071 1369 2303 1421">
    <p class='ocr_par' dir='ltr' id='par_1_30' title="bbox 2071 1369 2303 1421">
     <span class='ocr_line' id='line_1_30' title="bbox 2071 1369 2303 1421; baseline 0 -1"><span class='ocrx_word' id='word_1_174' title='bbox 2071 1369 2303 1421; x_wconf 89' lang='lat' dir='ltr'><strong>tumulo.</strong></span> 
     </span>
    </p>
   </div>
   <div class='ocr_carea' id='block_1_31' title="bbox 2281 1439 3413 1530">
    <p class='ocr_par' dir='ltr' id='par_1_31' title="bbox 2281 1439 3413 1530">
     <span class='ocr_line' id='line_1_31' title="bbox 2281 1439 3413 1530; baseline 0.009 -22"><span class='ocrx_word' id='word_1_175' title='bbox 2281 1457 2409 1524; x_wconf 79' lang='lat' dir='ltr'><strong>Quis</strong></span> <span class='ocrx_word' id='word_1_176' title='bbox 2448 1459 2750 1511; x_wconf 74' lang='lat' dir='ltr'><strong>mortalium</strong></span> <span class='ocrx_word' id='word_1_177' title='bbox 2782 1439 3013 1530; x_wconf 76' lang='lat' dir='ltr'><strong>unquam</strong></span> <span class='ocrx_word' id='word_1_178' title='bbox 3040 1463 3240 1515; x_wconf 76' lang='lat' dir='ltr'><strong>audivit</strong></span> <span class='ocrx_word' id='word_1_179' title='bbox 3289 1467 3413 1519; x_wconf 83' lang='lat' dir='ltr'><strong>(ale.</strong></span> 
     </span>
    </p>
   </div>
   <div class='ocr_carea' id='block_1_32' title="bbox 2139 1545 3649 1618">
    <p class='ocr_par' dir='ltr' id='par_1_32' title="bbox 2139 1545 3649 1618">
     <span class='ocr_line' id='line_1_32' title="bbox 2139 1545 3649 1618; baseline 0.007 -18"><span class='ocrx_word' id='word_1_180' title='bbox 2139 1545 2446 1602; x_wconf 71' lang='lat' dir='ltr'><strong>Crucilivus</strong></span> <span class='ocrx_word' id='word_1_181' title='bbox 2471 1561 2500 1601; x_wconf 90' lang='lat' dir='ltr'><strong>a</strong></span> <span class='ocrx_word' id='word_1_182' title='bbox 2543 1550 2775 1602; x_wconf 85' lang='lat' dir='ltr'><strong>mortuis</strong></span> <span class='ocrx_word' id='word_1_183' title='bbox 2799 1551 3153 1605; x_wconf 78' lang='lat' dir='ltr'><strong>resurrexisti</strong></span> <span class='ocrx_word' id='word_1_184' title='bbox 3181 1552 3339 1605; x_wconf 88' lang='lat' dir='ltr'><strong>tertia</strong></span> <span class='ocrx_word' id='word_1_185' title='bbox 3370 1554 3480 1618; x_wconf 87' lang='lat' dir='ltr'><strong>die,</strong></span> <span class='ocrx_word' id='word_1_186' title='bbox 3506 1556 3649 1610; x_wconf 84' lang='lat' dir='ltr'><strong>sicut</strong></span> 
     </span>
    </p>
   </div>
   <div class='ocr_carea' id='block_1_33' title="bbox 2072 1639 3736 1711">
    <p class='ocr_par' dir='ltr' id='par_1_33' title="bbox 2072 1639 3736 1711">
     <span class='ocr_line' id='line_1_33' title="bbox 2072 1639 3736 1711; baseline 0.007 -22"><span class='ocrx_word' id='word_1_187' title='bbox 2072 1639 2425 1708; x_wconf 69' lang='lat' dir='ltr'><strong>praedixeras,</strong></span> <span class='ocrx_word' id='word_1_188' title='bbox 2453 1639 2535 1692; x_wconf 87' lang='lat' dir='ltr'><strong>sic</strong></span> <span class='ocrx_word' id='word_1_189' title='bbox 2596 1640 2860 1692; x_wconf 88' lang='lat' dir='ltr'><strong>mundum</strong></span> <span class='ocrx_word' id='word_1_190' title='bbox 2927 1643 3262 1696; x_wconf 89' lang='lat' dir='ltr'><strong>resuscitans</strong></span> <span class='ocrx_word' id='word_1_191' title='bbox 3314 1658 3377 1695; x_wconf 91' lang='lat' dir='ltr'><strong>ac</strong></span> <span class='ocrx_word' id='word_1_192' title='bbox 3411 1645 3646 1711; x_wconf 89' lang='lat' dir='ltr'><strong>primum</strong></span> <span class='ocrx_word' id='word_1_193' title='bbox 3726 1677 3736 1686; x_wconf 90' lang='lat'><strong><em>-</em></strong></span> 
     </span>
    </p>
   </div>
   <div class='ocr_carea' id='block_1_34' title="bbox 2071 1730 3645 1800">
    <p class='ocr_par' dir='ltr' id='par_1_34' title="bbox 2071 1730 3645 1800">
     <span class='ocr_line' id='line_1_34' title="bbox 2071 1730 3645 1800; baseline 0.004 -17"><span class='ocrx_word' id='word_1_194' title='bbox 2071 1730 2367 1800; x_wconf 81' lang='lat' dir='ltr'><strong>apparuisti</strong></span> <span class='ocrx_word' id='word_1_195' title='bbox 2398 1731 2722 1784; x_wconf 78' lang='lat' dir='ltr'><strong>mulieribus</strong></span> <span class='ocrx_word' id='word_1_196' title='bbox 2773 1743 3020 1787; x_wconf 80' lang='lat' dir='ltr'><strong>aromata</strong></span> <span class='ocrx_word' id='word_1_197' title='bbox 3053 1733 3378 1798; x_wconf 79' lang='lat' dir='ltr'><strong>ferentibus,</strong></span> <span class='ocrx_word' id='word_1_198' title='bbox 3413 1737 3645 1790; x_wconf 81' lang='lat' dir='ltr'><strong>salutem</strong></span> 
     </span>
    </p>
   </div>
   <div class='ocr_carea' id='block_1_35' title="bbox 2070 1821 3649 1896">
    <p class='ocr_par' dir='ltr' id='par_1_35' title="bbox 2070 1821 3649 1896">
     <span class='ocr_line' id='line_1_35' title="bbox 2070 1821 3649 1896; baseline 0.004 -20"><span class='ocrx_word' id='word_1_199' title='bbox 2070 1822 2208 1876; x_wconf 91' lang='lat' dir='ltr'><strong>dans</strong></span> <span class='ocrx_word' id='word_1_200' title='bbox 2245 1821 2374 1884; x_wconf 90' lang='lat' dir='ltr'><strong>illis,</strong></span> <span class='ocrx_word' id='word_1_201' title='bbox 2408 1830 2463 1875; x_wconf 94' lang='lat' dir='ltr'><strong>tu</strong></span> <span class='ocrx_word' id='word_1_202' title='bbox 2495 1822 2589 1891; x_wconf 89' lang='lat' dir='ltr'><strong>qui</strong></span> <span class='ocrx_word' id='word_1_203' title='bbox 2629 1837 2688 1877; x_wconf 90' lang='lat' dir='ltr'><strong>es</strong></span> <span class='ocrx_word' id='word_1_204' title='bbox 2712 1823 2866 1878; x_wconf 86' lang='lat' dir='ltr'><strong>valde</strong></span> <span class='ocrx_word' id='word_1_205' title='bbox 2899 1824 3240 1890; x_wconf 86' lang='lat' dir='ltr'><strong>misericors,</strong></span> <span class='ocrx_word' id='word_1_206' title='bbox 3267 1828 3523 1896; x_wconf 79' lang='lat' dir='ltr'><strong>gaudium</strong></span> <span class='ocrx_word' id='word_1_207' title='bbox 3555 1843 3649 1884; x_wconf 89' lang='lat' dir='ltr'><strong>eo-</strong></span> 
     </span>
    </p>
   </div>
   <div class='ocr_carea' id='block_1_36' title="bbox 2002 1911 3164 1982">
    <p class='ocr_par' dir='ltr' id='par_1_36' title="bbox 2002 1911 3164 1982">
     <span class='ocr_line' id='line_1_36' title="bbox 2002 1911 3164 1982; baseline 0.003 -16"><span class='ocrx_word' id='word_1_208' title='bbox 2002 1917 2044 1973; x_wconf 88' lang='lat' dir='ltr'><strong>B</strong></span> <span class='ocrx_word' id='word_1_209' title='bbox 2074 1928 2191 1966; x_wconf 88' lang='lat' dir='ltr'><strong>rum</strong></span> <span class='ocrx_word' id='word_1_210' title='bbox 2216 1912 2308 1982; x_wconf 90' lang='lat' dir='ltr'><strong>qui</strong></span> <span class='ocrx_word' id='word_1_211' title='bbox 2358 1919 2410 1965; x_wconf 91' lang='lat' dir='ltr'><strong>te</strong></span> <span class='ocrx_word' id='word_1_212' title='bbox 2448 1920 2562 1966; x_wconf 86' lang='lat' dir='ltr'><strong>toto</strong></span> <span class='ocrx_word' id='word_1_213' title='bbox 2593 1911 2826 1982; x_wconf 81' lang='lat' dir='ltr'><strong>diligunt</strong></span> <span class='ocrx_word' id='word_1_214' title='bbox 2861 1915 3047 1970; x_wconf 84' lang='lat' dir='ltr'><strong>corde.</strong></span> <span class='ocrx_word' id='word_1_215' title='bbox 3157 1933 3164 1940; x_wconf 94' lang='grc'><strong>·</strong></span> 
     </span>
    </p>
   </div>
   <div class='ocr_carea' id='block_1_37' title="bbox 2141 2003 3649 2072">
    <p class='ocr_par' dir='ltr' id='par_1_37' title="bbox 2141 2003 3649 2072">
     <span class='ocr_line' id='line_1_37' title="bbox 2141 2003 3649 2072; baseline 0.003 -17"><span class='ocrx_word' id='word_1_216' title='bbox 2141 2003 2296 2056; x_wconf 86' lang='lat' dir='ltr'><strong>Nunc</strong></span> <span class='ocrx_word' id='word_1_217' title='bbox 2319 2003 2531 2055; x_wconf 80' lang='lat' dir='ltr'><strong>sublata</strong></span> <span class='ocrx_word' id='word_1_218' title='bbox 2564 2004 2966 2072; x_wconf 75' lang='lat' dir='ltr'><strong>catcorruptio;</strong></span> <span class='ocrx_word' id='word_1_219' title='bbox 2990 2004 3398 2059; x_wconf 82' lang='lat' dir='ltr'><strong>Christusenim</strong></span> <span class='ocrx_word' id='word_1_220' title='bbox 3427 2005 3649 2069; x_wconf 83' lang='lat' dir='ltr'><strong>immor-</strong></span> 
     </span>
    </p>
   </div>
   <div class='ocr_carea' id='block_1_38' title="bbox 357 2093 1978 2183">
    <p class='ocr_par' dir='ltr' id='par_1_38' title="bbox 357 2093 1967 2183">
     <span class='ocr_line' id='line_1_38' title="bbox 357 2093 1967 2183; baseline -0.008 -15"><span class='ocrx_word' id='word_1_221' title='bbox 357 2104 363 2111; x_wconf 64' lang='grc'><strong>’</strong></span> <span class='ocrx_word' id='word_1_222' title='bbox 395 2116 488 2170; x_wconf 70' lang='grc' dir='ltr'>καὶ</span> <span class='ocrx_word' id='word_1_223' title='bbox 517 2093 632 2183; x_wconf 62' lang='grc' dir='ltr'><strong>ζωή</strong></span> <span class='ocrx_word' id='word_1_224' title='bbox 663 2115 726 2164; x_wconf 83' lang='grc' dir='ltr'><strong>ἐκ</strong></span> <span class='ocrx_word' id='word_1_225' title='bbox 759 2111 864 2164; x_wconf 84' lang='grc' dir='ltr'><strong>τῶν</strong></span> <span class='ocrx_word' id='word_1_226' title='bbox 895 2109 1104 2180; x_wconf 80' lang='grc' dir='ltr'>νεκρῶν</span> <span class='ocrx_word' id='word_1_227' title='bbox 1153 2106 1446 2177; x_wconf 78' lang='grc' dir='ltr'>ἐξηγέρθη,</span> <span class='ocrx_word' id='word_1_228' title='bbox 1489 2107 1582 2158; x_wconf 76' lang='grc' dir='ltr'><strong>καὶ</strong></span> <span class='ocrx_word' id='word_1_229' title='bbox 1631 2103 1967 2168; x_wconf 67' lang='grc' dir='ltr'>συναλίζεται</span> 
     </span>
    </p>
   </div>
   <div class='ocr_carea' id='block_1_39' title="bbox 2103 2093 3648 2183">
    <p class='ocr_par' dir='ltr' id='par_1_39' title="bbox 2103 2093 3648 2163">
     <span class='ocr_line' id='line_1_39' title="bbox 2103 2093 3648 2163; baseline 0.003 -21"><span class='ocrx_word' id='word_1_230' title='bbox 2103 2093 2253 2146; x_wconf 73' lang='grc' dir='ltr'>ιιὶιιιε</span> <span class='ocrx_word' id='word_1_231' title='bbox 2269 2101 2325 2145; x_wconf 81' lang='lat' dir='ltr'><strong>el.</strong></span> <span class='ocrx_word' id='word_1_232' title='bbox 2349 2094 2456 2145; x_wconf 83' lang='lat' dir='ltr'><strong>vita</strong></span> <span class='ocrx_word' id='word_1_233' title='bbox 2483 2093 2723 2147; x_wconf 77' lang='lat' dir='ltr'><strong>surrexit</strong></span> <span class='ocrx_word' id='word_1_234' title='bbox 2747 2107 2776 2145; x_wconf 92' lang='lat' dir='ltr'><strong>a</strong></span> <span class='ocrx_word' id='word_1_235' title='bbox 2809 2093 3064 2154; x_wconf 84' lang='lat' dir='ltr'><strong>mortuis,</strong></span> <span class='ocrx_word' id='word_1_236' title='bbox 3097 2101 3150 2146; x_wconf 91' lang='lat' dir='ltr'><strong>et</strong></span> <span class='ocrx_word' id='word_1_237' title='bbox 3176 2108 3314 2162; x_wconf 89' lang='lat' dir='ltr'><strong>quos</strong></span> <span class='ocrx_word' id='word_1_238' title='bbox 3349 2108 3648 2163; x_wconf 70' lang='lat' dir='ltr'><strong>congrega-</strong></span> 
     </span>
    </p>
   </div>
   <div class='ocr_carea' id='block_1_40' title="bbox 393 2194 1970 2266">
    <p class='ocr_par' dir='ltr' id='par_1_40' title="bbox 393 2194 1970 2266">
     <span class='ocr_line' id='line_1_40' title="bbox 393 2194 1970 2266; baseline -0.008 -8"><span class='ocrx_word' id='word_1_239' title='bbox 393 2207 507 2266; x_wconf 86' lang='grc' dir='ltr'>τοῖς</span> <span class='ocrx_word' id='word_1_240' title='bbox 538 2203 732 2258; x_wconf 77' lang='grc' dir='ltr'>ἑαυτοῦ</span> <span class='ocrx_word' id='word_1_241' title='bbox 761 2201 1100 2265; x_wconf 74' lang='grc' dir='ltr'><strong>ἀποστόλοις,</strong></span> <span class='ocrx_word' id='word_1_242' title='bbox 1134 2200 1400 2253; x_wconf 75' lang='grc' dir='ltr'><strong>διδάσκων</strong></span> <span class='ocrx_word' id='word_1_243' title='bbox 1431 2197 1656 2258; x_wconf 83' lang='grc' dir='ltr'>τούτους</span> <span class='ocrx_word' id='word_1_244' title='bbox 1688 2196 1756 2250; x_wconf 76' lang='grc' dir='ltr'>τὰ</span> <span class='ocrx_word' id='word_1_245' title='bbox 1788 2194 1970 2265; x_wconf 85' lang='grc' dir='ltr'>κρείτ-</span> 
     </span>
    </p>
   </div>
   <div class='ocr_carea' id='block_1_41' title="bbox 2066 2184 3647 2256">
    <p class='ocr_par' dir='ltr' id='par_1_41' title="bbox 2066 2184 3647 2256">
     <span class='ocr_line' id='line_1_41' title="bbox 2066 2184 3647 2256; baseline 0.003 -21"><span class='ocrx_word' id='word_1_246' title='bbox 2066 2186 2144 2236; x_wconf 86' lang='lat' dir='ltr'><strong>vit</strong></span> <span class='ocrx_word' id='word_1_247' title='bbox 2175 2184 2473 2253; x_wconf 86' lang='lat' dir='ltr'><strong>discipulos</strong></span> <span class='ocrx_word' id='word_1_248' title='bbox 2495 2186 2720 2238; x_wconf 85' lang='lat' dir='ltr'><strong>meliora</strong></span> <span class='ocrx_word' id='word_1_249' title='bbox 2756 2191 2809 2238; x_wconf 85' lang='lat' dir='ltr'><strong>et</strong></span> <span class='ocrx_word' id='word_1_250' title='bbox 2839 2185 3086 2239; x_wconf 76' lang='lat' dir='ltr'><strong>cmlestia</strong></span> <span class='ocrx_word' id='word_1_251' title='bbox 3114 2185 3274 2240; x_wconf 85' lang='lat' dir='ltr'><strong>docet</strong></span> <span class='ocrx_word' id='word_1_252' title='bbox 3305 2185 3647 2256; x_wconf 76' lang='lat' dir='ltr'><strong>injungitque</strong></span> 
     </span>
    </p>
   </div>
   <div class='ocr_carea' id='block_1_42' title="bbox 395 2273 1978 2363">
    <p class='ocr_par' dir='ltr' id='par_1_42' title="bbox 395 2283 1968 2363">
     <span class='ocr_line' id='line_1_42' title="bbox 395 2283 1968 2363; baseline -0.008 -14"><span class='ocrx_word' id='word_1_253' title='bbox 395 2313 521 2350; x_wconf 89' lang='grc' dir='ltr'>τονα</span> <span class='ocrx_word' id='word_1_254' title='bbox 551 2295 646 2348; x_wconf 69' lang='grc' dir='ltr'>καὶ</span> <span class='ocrx_word' id='word_1_255' title='bbox 676 2294 814 2359; x_wconf 86' lang='grc' dir='ltr'>θεῖα,</span> <span class='ocrx_word' id='word_1_256' title='bbox 838 2293 932 2346; x_wconf 74' lang='grc' dir='ltr'>καὶ</span> <span class='ocrx_word' id='word_1_257' title='bbox 952 2289 1304 2363; x_wconf 82' lang='grc' dir='ltr'>προσφωνῶν·</span> <span class='ocrx_word' id='word_1_258' title='bbox 1325 2287 1462 2340; x_wconf 76' lang='grc' dir='ltr'><strong>Ἀπὸ</strong></span> <span class='ocrx_word' id='word_1_259' title='bbox 1483 2285 1870 2358; x_wconf 84' lang='grc' dir='ltr'>Ἱεροσολύμων</span> <span class='ocrx_word' id='word_1_260' title='bbox 1895 2283 1968 2356; x_wconf 80' lang='grc' dir='ltr'>μὴ</span> 
     </span>
    </p>
   </div>
   <div class='ocr_carea' id='block_1_43' title="bbox 2103 2273 3185 2363">
    <p class='ocr_par' dir='ltr' id='par_1_43' title="bbox 2103 2273 3185 2347">
     <span class='ocr_line' id='line_1_43' title="bbox 2103 2273 3185 2347; baseline 0.002 -18"><span class='ocrx_word' id='word_1_261' title='bbox 2103 2275 2147 2330; x_wconf 90' lang='lat' dir='ltr'><strong>is</strong></span> <span class='ocrx_word' id='word_1_262' title='bbox 2181 2291 2247 2330; x_wconf 89' lang='lat' dir='ltr'><strong>ne</strong></span> <span class='ocrx_word' id='word_1_263' title='bbox 2281 2276 2348 2330; x_wconf 86' lang='lat' dir='ltr'><strong>ab</strong></span> <span class='ocrx_word' id='word_1_264' title='bbox 2384 2273 2781 2347; x_wconf 83' lang='lat' dir='ltr'><strong>Hierosolymis</strong></span> <span class='ocrx_word' id='word_1_265' title='bbox 2810 2275 3185 2332; x_wconf 87' lang='lat' dir='ltr'><strong>discederent.</strong></span> 
     </span>
    </p>
   </div>
   <div class='ocr_carea' id='block_1_44' title="bbox 397 2381 719 2455">
    <p class='ocr_par' dir='ltr' id='par_1_44' title="bbox 397 2381 719 2455">
     <span class='ocr_line' id='line_1_44' title="bbox 397 2381 719 2455; baseline -0.003 -18"><span class='ocrx_word' id='word_1_266' title='bbox 397 2381 719 2455; x_wconf 76' lang='grc' dir='ltr'>χωρίζεσθε.</span> 
     </span>
    </p>
   </div>
   <div class='ocr_carea' id='block_1_45' title="bbox 467 2465 1970 2544">
    <p class='ocr_par' dir='ltr' id='par_1_45' title="bbox 467 2465 1970 2544">
     <span class='ocr_line' id='line_1_45' title="bbox 467 2465 1970 2544; baseline -0.011 -14"><span class='ocrx_word' id='word_1_267' title='bbox 467 2475 633 2544; x_wconf 83' lang='grc' dir='ltr'>Μύρα</span> <span class='ocrx_word' id='word_1_268' title='bbox 681 2474 808 2526; x_wconf 89' lang='grc' dir='ltr'><strong>ποτέ</strong></span> <span class='ocrx_word' id='word_1_269' title='bbox 853 2471 952 2525; x_wconf 77' lang='grc' dir='ltr'>σὺν</span> <span class='ocrx_word' id='word_1_270' title='bbox 1000 2471 1230 2541; x_wconf 86' lang='grc' dir='ltr'>δάκρυσι</span> <span class='ocrx_word' id='word_1_271' title='bbox 1275 2467 1564 2540; x_wconf 81' lang='grc' dir='ltr'>φερούσαις</span> <span class='ocrx_word' id='word_1_272' title='bbox 1606 2466 1835 2534; x_wconf 77' lang='grc' dir='ltr'>ἄγγελος</span> <span class='ocrx_word' id='word_1_273' title='bbox 1866 2465 1970 2536; x_wconf 74' lang='grc' dir='ltr'>ἔφη</span> 
     </span>
    </p>
   </div>
   <div class='ocr_carea' id='block_1_46' title="bbox 398 2557 1974 2636">
    <p class='ocr_par' dir='ltr' id='par_1_46' title="bbox 398 2557 1974 2636">
     <span class='ocr_line' id='line_1_46' title="bbox 398 2557 1974 2636; baseline -0.006 -18"><span class='ocrx_word' id='word_1_274' title='bbox 398 2565 630 2636; x_wconf 71' lang='grc' dir='ltr'>γυναιξὶ,</span> <span class='ocrx_word' id='word_1_275' title='bbox 671 2564 824 2618; x_wconf 79' lang='grc' dir='ltr'><strong>Μετᾶ</strong></span> <span class='ocrx_word' id='word_1_276' title='bbox 856 2561 1064 2632; x_wconf 87' lang='grc' dir='ltr'>νεκρῶν</span> <span class='ocrx_word' id='word_1_277' title='bbox 1109 2561 1160 2613; x_wconf 86' lang='grc' dir='ltr'><strong>τί</strong></span> <span class='ocrx_word' id='word_1_278' title='bbox 1194 2560 1408 2631; x_wconf 76' lang='grc' dir='ltr'>ζητεῖτε</span> <span class='ocrx_word' id='word_1_279' title='bbox 1440 2558 1530 2612; x_wconf 73' lang='grc' dir='ltr'>τὸν</span> <span class='ocrx_word' id='word_1_280' title='bbox 1559 2557 1767 2622; x_wconf 62' lang='lat' dir='ltr'><strong>{Gn/ta;</strong></span> <span class='ocrx_word' id='word_1_281' title='bbox 1797 2558 1974 2626; x_wconf 78' lang='grc' dir='ltr'>Σήμε-</span> 
     </span>
    </p>
   </div>
   <div class='ocr_carea' id='block_1_47' title="bbox 403 2644 1973 2731">
    <p class='ocr_par' dir='ltr' id='par_1_47' title="bbox 403 2644 1973 2731">
     <span class='ocr_line' id='line_1_47' title="bbox 403 2644 1973 2731; baseline -0.008 -20"><span class='ocrx_word' id='word_1_282' title='bbox 403 2676 494 2731; x_wconf 87' lang='grc' dir='ltr'><strong>ρον</strong></span> <span class='ocrx_word' id='word_1_283' title='bbox 527 2657 708 2720; x_wconf 89' lang='grc' dir='ltr'>καθὼς</span> <span class='ocrx_word' id='word_1_284' title='bbox 740 2657 1002 2728; x_wconf 80' lang='grc' dir='ltr'>προεῖπεν</span> <span class='ocrx_word' id='word_1_285' title='bbox 1023 2652 1254 2725; x_wconf 81' lang='grc' dir='ltr'>ἠγέρθη,</span> <span class='ocrx_word' id='word_1_286' title='bbox 1275 2652 1373 2706; x_wconf 86' lang='grc' dir='ltr'>οὐκ</span> <span class='ocrx_word' id='word_1_287' title='bbox 1402 2649 1549 2704; x_wconf 74' lang='grc' dir='ltr'>ἐστιν</span> <span class='ocrx_word' id='word_1_288' title='bbox 1577 2644 1697 2714; x_wconf 82' lang='grc' dir='ltr'>ὧδε,</span> <span class='ocrx_word' id='word_1_289' title='bbox 1730 2647 1973 2710; x_wconf 83' lang='grc' dir='ltr'>κενώσας</span> 
     </span>
    </p>
   </div>
   <div class='ocr_carea' id='block_1_48' title="bbox 398 2739 1976 2820">
    <p class='ocr_par' dir='ltr' id='par_1_48' title="bbox 398 2739 1976 2820">
     <span class='ocr_line' id='line_1_48' title="bbox 398 2739 1976 2820; baseline -0.009 -16"><span class='ocrx_word' id='word_1_290' title='bbox 398 2750 470 2804; x_wconf 78' lang='grc' dir='ltr'><strong>τὰ</strong></span> <span class='ocrx_word' id='word_1_291' title='bbox 500 2750 740 2820; x_wconf 87' lang='grc' dir='ltr'>μνημεῖα</span> <span class='ocrx_word' id='word_1_292' title='bbox 759 2787 773 2810; x_wconf 92' lang='grc'><strong>,</strong></span> <span class='ocrx_word' id='word_1_293' title='bbox 811 2749 904 2802; x_wconf 73' lang='grc' dir='ltr'>καὶ</span> <span class='ocrx_word' id='word_1_294' title='bbox 932 2749 1042 2810; x_wconf 89' lang='grc' dir='ltr'>τοῖς</span> <span class='ocrx_word' id='word_1_295' title='bbox 1074 2747 1287 2815; x_wconf 79' lang='grc' dir='ltr'>νεκροῖς</span> <span class='ocrx_word' id='word_1_296' title='bbox 1317 2741 1617 2799; x_wconf 78' lang='grc' dir='ltr'>ἀθανασίαν</span> <span class='ocrx_word' id='word_1_297' title='bbox 1659 2739 1976 2811; x_wconf 80' lang='grc' dir='ltr'>ἐμπνεύσας</span> 
     </span>
    </p>
   </div>
   <div class='ocr_carea' id='block_1_49' title="bbox 401 2825 1098 2911">
    <p class='ocr_par' dir='ltr' id='par_1_49' title="bbox 401 2825 1098 2911">
     <span class='ocr_line' id='line_1_49' title="bbox 401 2825 1098 2911; baseline -0.007 -16"><span class='ocrx_word' id='word_1_298' title='bbox 401 2843 476 2906; x_wconf 85' lang='grc' dir='ltr'>ὡς</span> <span class='ocrx_word' id='word_1_299' title='bbox 505 2841 906 2911; x_wconf 86' lang='grc' dir='ltr'>φιλάνθρωπος.</span> <span class='ocrx_word' id='word_1_300' title='bbox 1089 2825 1098 2834; x_wconf 66' lang='grc'><strong>’</strong></span> 
     </span>
    </p>
   </div>
   <div class='ocr_carea' id='block_1_50' title="bbox 472 2921 1978 3002">
    <p class='ocr_par' dir='ltr' id='par_1_50' title="bbox 472 2921 1978 3002">
     <span class='ocr_line' id='line_1_50' title="bbox 472 2921 1978 3002; baseline -0.009 -14"><span class='ocrx_word' id='word_1_301' title='bbox 472 2936 567 2988; x_wconf 89' lang='grc' dir='ltr'>Ἐκ</span> <span class='ocrx_word' id='word_1_302' title='bbox 589 2933 697 2988; x_wconf 77' lang='grc' dir='ltr'><strong>τῶν</strong></span> <span class='ocrx_word' id='word_1_303' title='bbox 712 2930 920 3002; x_wconf 82' lang='grc' dir='ltr'>νεκρῶν</span> <span class='ocrx_word' id='word_1_304' title='bbox 944 2928 1147 2993; x_wconf 81' lang='grc' dir='ltr'>ἰδοῦσα,</span> <span class='ocrx_word' id='word_1_305' title='bbox 1167 2927 1418 2993; x_wconf 86' lang='grc' dir='ltr'>Θεοτόκε,</span> <span class='ocrx_word' id='word_1_306' title='bbox 1433 2925 1524 2978; x_wconf 80' lang='grc' dir='ltr'>τὸν</span> <span class='ocrx_word' id='word_1_307' title='bbox 1542 2925 1631 2978; x_wconf 85' lang='grc' dir='ltr'>σδν</span> <span class='ocrx_word' id='word_1_308' title='bbox 1647 2923 1773 2977; x_wconf 80' lang='grc' dir='ltr'><strong>Υῖόν</strong></span> <span class='ocrx_word' id='word_1_309' title='bbox 1797 2940 1856 2976; x_wconf 89' lang='grc' dir='ltr'><strong>τε</strong></span> <span class='ocrx_word' id='word_1_310' title='bbox 1881 2921 1978 2976; x_wconf 77' lang='grc' dir='ltr'>καὶ</span> 
     </span>
    </p>
   </div>
   <div class='ocr_carea' id='block_1_51' title="bbox 400 3016 1978 3098">
    <p class='ocr_par' dir='ltr' id='par_1_51' title="bbox 400 3016 1978 3098">
     <span class='ocr_line' id='line_1_51' title="bbox 400 3016 1978 3098; baseline -0.009 -17"><span class='ocrx_word' id='word_1_311' title='bbox 400 3026 534 3080; x_wconf 79' lang='grc' dir='ltr'>Θεὸν</span> <span class='ocrx_word' id='word_1_312' title='bbox 558 3065 571 3089; x_wconf 90' lang='grc'><strong>,</strong></span> <span class='ocrx_word' id='word_1_313' title='bbox 618 3022 1026 3098; x_wconf 79' lang='grc' dir='ltr'>ἐγηγερμένον,</span> <span class='ocrx_word' id='word_1_314' title='bbox 1067 3018 1344 3090; x_wconf 86' lang='grc' dir='ltr'>ἐπλήσθης</span> <span class='ocrx_word' id='word_1_315' title='bbox 1395 3017 1567 3088; x_wconf 75' lang='grc' dir='ltr'>χαρᾶς</span> <span class='ocrx_word' id='word_1_316' title='bbox 1595 3056 1612 3083; x_wconf 89' lang='grc'><strong>,</strong></span> <span class='ocrx_word' id='word_1_317' title='bbox 1658 3016 1978 3098; x_wconf 82' lang='grc' dir='ltr'>ὑπάρχουσα</span> 
     </span>
    </p>
   </div>
   <div class='ocr_carea' id='block_1_52' title="bbox 405 3091 1980 3185">
    <p class='ocr_par' dir='ltr' id='par_1_52' title="bbox 405 3091 1980 3185">
     <span class='ocr_line' id='line_1_52' title="bbox 405 3091 1980 3185; baseline -0.01 -11"><span class='ocrx_word' id='word_1_318' title='bbox 405 3121 621 3174; x_wconf 84' lang='grc' dir='ltr'>πάντων</span> <span class='ocrx_word' id='word_1_319' title='bbox 658 3091 804 3170; x_wconf 54' lang='lat' dir='ltr'><strong>eius</strong></span> <span class='ocrx_word' id='word_1_320' title='bbox 834 3091 1008 3185; x_wconf 56' lang='grc' dir='ltr'>χαρᾶς</span> <span class='ocrx_word' id='word_1_321' title='bbox 1039 3129 1100 3164; x_wconf 88' lang='grc' dir='ltr'><strong>τε</strong></span> <span class='ocrx_word' id='word_1_322' title='bbox 1127 3111 1220 3164; x_wconf 78' lang='grc' dir='ltr'>καὶ</span> <span class='ocrx_word' id='word_1_323' title='bbox 1248 3110 1586 3179; x_wconf 78' lang='grc' dir='ltr'>εὐφροσύνης</span> <span class='ocrx_word' id='word_1_324' title='bbox 1607 3125 1622 3140; x_wconf 80' lang='grc'><em>’</em></span> <span class='ocrx_word' id='word_1_325' title='bbox 1654 3107 1734 3161; x_wconf 86' lang='grc' dir='ltr'><strong>διό</strong></span> <span class='ocrx_word' id='word_1_326' title='bbox 1759 3125 1816 3160; x_wconf 92' lang='grc' dir='ltr'><strong>σε</strong></span> <span class='ocrx_word' id='word_1_327' title='bbox 1847 3091 1980 3177; x_wconf 80' lang='grc' dir='ltr'>χάρ-</span> 
     </span>
    </p>
   </div>
   <div class='ocr_carea' id='block_1_53' title="bbox 407 3191 1982 3278">
    <p class='ocr_par' dir='ltr' id='par_1_53' title="bbox 407 3191 1982 3278">
     <span class='ocr_line' id='line_1_53' title="bbox 407 3191 1982 3278; baseline -0.008 -17"><span class='ocrx_word' id='word_1_328' title='bbox 407 3207 655 3278; x_wconf 83' lang='grc' dir='ltr'>μοσύνως</span> <span class='ocrx_word' id='word_1_329' title='bbox 690 3204 840 3257; x_wconf 82' lang='grc' dir='ltr'>πᾶσα</span> <span class='ocrx_word' id='word_1_330' title='bbox 860 3203 1010 3273; x_wconf 77' lang='grc' dir='ltr'>ψυχὴ</span> <span class='ocrx_word' id='word_1_331' title='bbox 1043 3199 1330 3270; x_wconf 85' lang='grc' dir='ltr'>ύμνολογεῖ</span> <span class='ocrx_word' id='word_1_332' title='bbox 1359 3197 1456 3251; x_wconf 75' lang='grc' dir='ltr'>καὶ</span> <span class='ocrx_word' id='word_1_333' title='bbox 1479 3194 1713 3262; x_wconf 76' lang='grc' dir='ltr'>δοξάζει,</span> <span class='ocrx_word' id='word_1_334' title='bbox 1733 3191 1982 3266; x_wconf 75' lang='grc' dir='ltr'>’Δειπάρ-</span> 
     </span>
    </p>
   </div>
   <div class='ocr_carea' id='block_1_54' title="bbox 406 3301 1136 3354">
    <p class='ocr_par' dir='ltr' id='par_1_54' title="bbox 406 3301 1136 3354">
     <span class='ocr_line' id='line_1_54' title="bbox 406 3301 1136 3354; baseline 0.011 -1"><span class='ocrx_word' id='word_1_335' title='bbox 406 3301 544 3354; x_wconf 85' lang='grc' dir='ltr'>θενε.</span> <span class='ocrx_word' id='word_1_336' title='bbox 1131 3317 1136 3324; x_wconf 89' lang='grc'><em>’</em></span> 
     </span>
    </p>
   </div>
   <div class='ocr_carea' id='block_1_55' title="bbox 524 3380 1876 3456">
    <p class='ocr_par' dir='ltr' id='par_1_55' title="bbox 524 3380 1876 3456">
     <span class='ocr_line' id='line_1_55' title="bbox 524 3380 1876 3456; baseline -0.01 -11"><span class='ocrx_word' id='word_1_337' title='bbox 524 3388 896 3456; x_wconf 77' lang='grc' dir='ltr'>Ἐξήνθησεν</span> <span class='ocrx_word' id='word_1_338' title='bbox 921 3385 960 3454; x_wconf 80' lang='grc' dir='ltr'>ἡ</span> <span class='ocrx_word' id='word_1_339' title='bbox 986 3383 1204 3454; x_wconf 77' lang='grc' dir='ltr'>ἕρημος</span> <span class='ocrx_word' id='word_1_340' title='bbox 1241 3381 1382 3436; x_wconf 76' lang='grc' dir='ltr'>ὡσεὶ</span> <span class='ocrx_word' id='word_1_341' title='bbox 1423 3380 1648 3450; x_wconf 77' lang='grc' dir='ltr'>κρῖνον,</span> <span class='ocrx_word' id='word_1_342' title='bbox 1677 3381 1876 3448; x_wconf 75' lang='grc' dir='ltr'>Κύριε.</span> 
     </span>
    </p>
   </div>
   <div class='ocr_carea' id='block_1_56' title="bbox 486 3469 1983 3548">
    <p class='ocr_par' dir='ltr' id='par_1_56' title="bbox 486 3469 1983 3548">
     <span class='ocr_line' id='line_1_56' title="bbox 486 3469 1983 3548; baseline -0.009 -13"><span class='ocrx_word' id='word_1_343' title='bbox 486 3481 553 3534; x_wconf 82' lang='grc' dir='ltr'><strong>Ἠ</strong></span> <span class='ocrx_word' id='word_1_344' title='bbox 595 3480 771 3543; x_wconf 78' lang='grc' dir='ltr'>κτίσις</span> <span class='ocrx_word' id='word_1_345' title='bbox 816 3474 1096 3548; x_wconf 86' lang='grc' dir='ltr'>θεωροῦσά</span> <span class='ocrx_word' id='word_1_346' title='bbox 1138 3490 1196 3527; x_wconf 92' lang='grc' dir='ltr'><strong>σε</strong></span> <span class='ocrx_word' id='word_1_347' title='bbox 1231 3473 1326 3527; x_wconf 76' lang='grc' dir='ltr'>ἐπὶ</span> <span class='ocrx_word' id='word_1_348' title='bbox 1359 3471 1516 3537; x_wconf 83' lang='grc' dir='ltr'>ξύλου</span> <span class='ocrx_word' id='word_1_349' title='bbox 1548 3472 1823 3542; x_wconf 85' lang='grc' dir='ltr'>πάσχοντα</span> <span class='ocrx_word' id='word_1_350' title='bbox 1865 3469 1983 3524; x_wconf 89' lang='grc' dir='ltr'>ἐθε-</span> 
     </span>
    </p>
   </div>
   <div class='ocr_carea' id='block_1_57' title="bbox 407 3561 1982 3638">
    <p class='ocr_par' dir='ltr' id='par_1_57' title="bbox 407 3561 1982 3638">
     <span class='ocr_line' id='line_1_57' title="bbox 407 3561 1982 3638; baseline -0.01 -10"><span class='ocrx_word' id='word_1_351' title='bbox 407 3572 655 3638; x_wconf 85' lang='grc' dir='ltr'>λουσίως,</span> <span class='ocrx_word' id='word_1_352' title='bbox 686 3571 952 3632; x_wconf 83' lang='grc' dir='ltr'>Δέσποτα,</span> <span class='ocrx_word' id='word_1_353' title='bbox 978 3565 1247 3638; x_wconf 76' lang='grc' dir='ltr'>ἠλλοιώθη</span> <span class='ocrx_word' id='word_1_354' title='bbox 1269 3566 1364 3618; x_wconf 70' lang='grc' dir='ltr'>καὶ</span> <span class='ocrx_word' id='word_1_355' title='bbox 1392 3563 1738 3636; x_wconf 77' lang='grc' dir='ltr'>ἐκυμαίνετο,</span> <span class='ocrx_word' id='word_1_356' title='bbox 1769 3561 1862 3616; x_wconf 73' lang='grc' dir='ltr'>καὶ</span> <span class='ocrx_word' id='word_1_357' title='bbox 1892 3577 1982 3614; x_wconf 85' lang='grc' dir='ltr'>νε-</span> 
     </span>
    </p>
   </div>
   <div class='ocr_carea' id='block_1_58' title="bbox 407 3657 1374 3738">
    <p class='ocr_par' dir='ltr' id='par_1_58' title="bbox 407 3657 1374 3738">
     <span class='ocr_line' id='line_1_58' title="bbox 407 3657 1374 3738; baseline -0.01 -20"><span class='ocrx_word' id='word_1_358' title='bbox 407 3665 530 3738; x_wconf 71' lang='grc' dir='ltr'>κροὶ</span> <span class='ocrx_word' id='word_1_359' title='bbox 558 3664 622 3716; x_wconf 79' lang='grc' dir='ltr'><strong>ἐκ</strong></span> <span class='ocrx_word' id='word_1_360' title='bbox 650 3661 756 3715; x_wconf 84' lang='grc' dir='ltr'><strong>τῶν</strong></span> <span class='ocrx_word' id='word_1_361' title='bbox 788 3661 976 3728; x_wconf 75' lang='grc' dir='ltr'>τάφων</span> <span class='ocrx_word' id='word_1_362' title='bbox 1006 3657 1374 3722; x_wconf 73' lang='grc' dir='ltr'>ἐξανίσταντο.</span> 
     </span>
    </p>
   </div>
   <div class='ocr_carea' id='block_1_59' title="bbox 480 3740 1984 3828">
    <p class='ocr_par' dir='ltr' id='par_1_59' title="bbox 480 3740 1984 3828">
     <span class='ocr_line' id='line_1_59' title="bbox 480 3740 1984 3828; baseline -0.009 -22"><span class='ocrx_word' id='word_1_363' title='bbox 480 3754 771 3822; x_wconf 80' lang='grc' dir='ltr'>Γενόμενον</span> <span class='ocrx_word' id='word_1_364' title='bbox 805 3752 862 3803; x_wconf 84' lang='grc' dir='ltr'><strong>ἐν</strong></span> <span class='ocrx_word' id='word_1_365' title='bbox 894 3749 992 3819; x_wconf 61' lang='grc' dir='ltr'><strong>ᾄδῃ</strong></span> <span class='ocrx_word' id='word_1_366' title='bbox 1028 3763 1109 3812; x_wconf 92' lang='grc' dir='ltr'><strong>σε,</strong></span> <span class='ocrx_word' id='word_1_367' title='bbox 1154 3743 1389 3808; x_wconf 83' lang='grc' dir='ltr'>ζωοδότα</span> <span class='ocrx_word' id='word_1_368' title='bbox 1410 3743 1604 3814; x_wconf 82' lang='grc' dir='ltr'>Κύριε,</span> <span class='ocrx_word' id='word_1_369' title='bbox 1640 3743 1778 3814; x_wconf 88' lang='grc' dir='ltr'><strong>μετά</strong></span> <span class='ocrx_word' id='word_1_370' title='bbox 1807 3740 1984 3828; x_wconf 74' lang='grc' dir='ltr'>ψυχῆς</span> 
     </span>
    </p>
   </div>
   <div class='ocr_carea' id='block_1_60' title="bbox 409 3829 1984 3907">
    <p class='ocr_par' dir='ltr' id='par_1_60' title="bbox 409 3829 1984 3907">
     <span class='ocr_line' id='line_1_60' title="bbox 409 3829 1984 3907; baseline -0.006 -14"><span class='ocrx_word' id='word_1_371' title='bbox 409 3841 484 3904; x_wconf 80' lang='grc' dir='ltr'><strong>ὡς</strong></span> <span class='ocrx_word' id='word_1_372' title='bbox 517 3839 742 3907; x_wconf 75' lang='grc' dir='ltr'>ιόλεψεν</span> <span class='ocrx_word' id='word_1_373' title='bbox 788 3838 816 3890; x_wconf 95' lang='lat'><strong>6</strong></span> <span class='ocrx_word' id='word_1_374' title='bbox 849 3833 1148 3904; x_wconf 86' lang='grc' dir='ltr'>παμφάγος</span> <span class='ocrx_word' id='word_1_375' title='bbox 1198 3830 1426 3892; x_wconf 81' lang='grc' dir='ltr'>θάνατος</span> <span class='ocrx_word' id='word_1_376' title='bbox 1454 3829 1706 3900; x_wconf 74' lang='grc' dir='ltr'>ἔπτηξεν,</span> <span class='ocrx_word' id='word_1_377' title='bbox 1734 3829 1984 3883; x_wconf 83' lang='grc' dir='ltr'>ἀπολύων</span> 
     </span>
    </p>
   </div>
   <div class='ocr_carea' id='block_1_61' title="bbox 407 3925 1121 4002">
    <p class='ocr_par' dir='ltr' id='par_1_61' title="bbox 407 3925 1121 4002">
     <span class='ocr_line' id='line_1_61' title="bbox 407 3925 1121 4002; baseline -0.01 -16"><span class='ocrx_word' id='word_1_378' title='bbox 407 3928 693 4002; x_wconf 82' lang='grc' dir='ltr'>δεσμώτας</span> <span class='ocrx_word' id='word_1_379' title='bbox 721 3927 814 3989; x_wconf 81' lang='grc' dir='ltr'>οὒς</span> <span class='ocrx_word' id='word_1_380' title='bbox 843 3925 1121 3980; x_wconf 85' lang='grc' dir='ltr'>κατέπιεν.</span> 
     </span>
    </p>
   </div>
   <div class='ocr_carea' id='block_1_62' title="bbox 481 4011 1985 4092">
    <p class='ocr_par' dir='ltr' id='par_1_62' title="bbox 481 4011 1985 4092">
     <span class='ocr_line' id='line_1_62' title="bbox 481 4011 1985 4092; baseline -0.007 -16"><span class='ocrx_word' id='word_1_381' title='bbox 481 4020 758 4092; x_wconf 84' lang='grc' dir='ltr'>Ἐπλήσθη</span> <span class='ocrx_word' id='word_1_382' title='bbox 794 4018 946 4071; x_wconf 79' lang='grc' dir='ltr'>πᾶσα</span> <span class='ocrx_word' id='word_1_383' title='bbox 969 4015 1147 4079; x_wconf 82' lang='grc' dir='ltr'>κτίσις</span> <span class='ocrx_word' id='word_1_384' title='bbox 1177 4016 1373 4086; x_wconf 84' lang='grc' dir='ltr'>χαρᾶς,</span> <span class='ocrx_word' id='word_1_385' title='bbox 1401 4013 1682 4084; x_wconf 83' lang='grc' dir='ltr'>οίκτίρμον</span> <span class='ocrx_word' id='word_1_386' title='bbox 1707 4011 1900 4082; x_wconf 74' lang='grc' dir='ltr'>Κύριε,</span> <span class='ocrx_word' id='word_1_387' title='bbox 1925 4011 1985 4065; x_wconf 87' lang='grc' dir='ltr'><strong>ἐν</strong></span> 
     </span>
    </p>
   </div>
   <div class='ocr_carea' id='block_1_63' title="bbox 412 4104 1984 4186">
    <p class='ocr_par' dir='ltr' id='par_1_63' title="bbox 412 4104 1984 4186">
     <span class='ocr_line' id='line_1_63' title="bbox 412 4104 1984 4186; baseline -0.01 -16"><span class='ocrx_word' id='word_1_388' title='bbox 412 4114 620 4186; x_wconf 86' lang='grc' dir='ltr'>νεκρῶν</span> <span class='ocrx_word' id='word_1_389' title='bbox 653 4112 868 4180; x_wconf 86' lang='grc' dir='ltr'>ἐγέρσει</span> <span class='ocrx_word' id='word_1_390' title='bbox 904 4126 997 4162; x_wconf 93' lang='grc' dir='ltr'><strong>σου</strong></span> <span class='ocrx_word' id='word_1_391' title='bbox 1023 4121 1036 4136; x_wconf 90' lang='grc'><em>’</em></span> <span class='ocrx_word' id='word_1_392' title='bbox 1068 4109 1124 4162; x_wconf 73' lang='grc' dir='ltr'><strong>ἐν</strong></span> <span class='ocrx_word' id='word_1_393' title='bbox 1150 4109 1258 4179; x_wconf 85' lang='grc' dir='ltr'><strong>γὰρ</strong></span> <span class='ocrx_word' id='word_1_394' title='bbox 1286 4108 1474 4177; x_wconf 84' lang='grc' dir='ltr'>ταύτῃ.</span> <span class='ocrx_word' id='word_1_395' title='bbox 1499 4106 1702 4174; x_wconf 85' lang='grc' dir='ltr'>κόσμον</span> <span class='ocrx_word' id='word_1_396' title='bbox 1733 4104 1984 4174; x_wconf 80' lang='grc' dir='ltr'>συνήγει-</span> 
     </span>
    </p>
   </div>
   <div class='ocr_carea' id='block_1_64' title="bbox 419 4200 1582 4271">
    <p class='ocr_par' dir='ltr' id='par_1_64' title="bbox 419 4200 1582 4271">
     <span class='ocr_line' id='line_1_64' title="bbox 419 4200 1582 4271; baseline -0.01 -7"><span class='ocrx_word' id='word_1_397' title='bbox 419 4226 533 4271; x_wconf 70' lang='lat' dir='ltr'><strong>auc,</strong></span> <span class='ocrx_word' id='word_1_398' title='bbox 562 4203 807 4260; x_wconf 86' lang='grc' dir='ltr'>καθελὼν</span> <span class='ocrx_word' id='word_1_399' title='bbox 836 4200 930 4255; x_wconf 82' lang='grc' dir='ltr'><strong>τοῦ</strong></span> <span class='ocrx_word' id='word_1_400' title='bbox 959 4201 1188 4255; x_wconf 84' lang='grc' dir='ltr'>θανάτου</span> <span class='ocrx_word' id='word_1_401' title='bbox 1215 4201 1282 4254; x_wconf 81' lang='grc' dir='ltr'><strong>τὰ</strong></span> <span class='ocrx_word' id='word_1_402' title='bbox 1315 4200 1582 4271; x_wconf 83' lang='grc' dir='ltr'>βασίλεια.</span> 
     </span>
    </p>
   </div>
   <div class='ocr_carea' id='block_1_65' title="bbox 491 4286 1981 4365">
    <p class='ocr_par' dir='ltr' id='par_1_65' title="bbox 491 4286 1981 4365">
     <span class='ocr_line' id='line_1_65' title="bbox 491 4286 1981 4365; baseline -0.008 -18"><span class='ocrx_word' id='word_1_403' title='bbox 491 4294 760 4365; x_wconf 82' lang='grc' dir='ltr'>Ῥομφαία</span> <span class='ocrx_word' id='word_1_404' title='bbox 783 4290 879 4362; x_wconf 72' lang='grc' dir='ltr'>τὴν</span> <span class='ocrx_word' id='word_1_405' title='bbox 899 4288 1078 4359; x_wconf 69' lang='grc' dir='ltr'>ψυχήν</span> <span class='ocrx_word' id='word_1_406' title='bbox 1110 4305 1225 4351; x_wconf 86' lang='grc' dir='ltr'>σου,</span> <span class='ocrx_word' id='word_1_407' title='bbox 1252 4288 1436 4360; x_wconf 72' lang='grc' dir='ltr'>Ἁγνὴ,</span> <span class='ocrx_word' id='word_1_408' title='bbox 1465 4286 1702 4358; x_wconf 80' lang='grc' dir='ltr'>διῆλθεν,</span> <span class='ocrx_word' id='word_1_409' title='bbox 1724 4287 1981 4356; x_wconf 78' lang='grc' dir='ltr'>ἀχραντε,</span> 
     </span>
    </p>
   </div>
   <div class='ocr_carea' id='block_1_66' title="bbox 409 4376 1982 4454">
    <p class='ocr_par' dir='ltr' id='par_1_66' title="bbox 409 4376 1982 4454">
     <span class='ocr_line' id='line_1_66' title="bbox 409 4376 1982 4454; baseline -0.008 -12"><span class='ocrx_word' id='word_1_410' title='bbox 409 4388 499 4442; x_wconf 67' lang='grc' dir='ltr'>ὅτε</span> <span class='ocrx_word' id='word_1_411' title='bbox 529 4385 762 4454; x_wconf 80' lang='grc' dir='ltr'>Χριστὸν</span> <span class='ocrx_word' id='word_1_412' title='bbox 792 4381 1193 4454; x_wconf 88' lang='grc' dir='ltr'>σταυρούμενον</span> <span class='ocrx_word' id='word_1_413' title='bbox 1213 4379 1454 4435; x_wconf 82' lang='grc' dir='ltr'>ἐθεάσω·</span> <span class='ocrx_word' id='word_1_414' title='bbox 1490 4381 1664 4450; x_wconf 79' lang='grc' dir='ltr'>χαρᾶς</span> <span class='ocrx_word' id='word_1_415' title='bbox 1708 4376 1982 4449; x_wconf 82' lang='grc' dir='ltr'>ἐπλήσθης</span> 
     </span>
    </p>
   </div>
   <div class='ocr_carea' id='block_1_67' title="bbox 410 4471 1596 4548">
    <p class='ocr_par' dir='ltr' id='par_1_67' title="bbox 410 4471 1596 4548">
     <span class='ocr_line' id='line_1_67' title="bbox 410 4471 1596 4548; baseline -0.008 -15"><span class='ocrx_word' id='word_1_416' title='bbox 410 4480 467 4534; x_wconf 74' lang='grc' dir='ltr'><strong>δὲ</strong></span> <span class='ocrx_word' id='word_1_417' title='bbox 497 4475 788 4548; x_wconf 78' lang='grc' dir='ltr'>ἐγερθέντα</span> <span class='ocrx_word' id='word_1_418' title='bbox 815 4476 878 4528; x_wconf 86' lang='grc' dir='ltr'><strong>ἐκ</strong></span> <span class='ocrx_word' id='word_1_419' title='bbox 906 4473 1078 4542; x_wconf 83' lang='grc' dir='ltr'>τάφου</span> <span class='ocrx_word' id='word_1_420' title='bbox 1113 4471 1300 4526; x_wconf 83' lang='grc' dir='ltr'>τοῦτον</span> <span class='ocrx_word' id='word_1_421' title='bbox 1330 4471 1596 4541; x_wconf 78' lang='grc' dir='ltr'>βλέψασα.</span> 
     </span>
    </p>
   </div>
   <div class='ocr_carea' id='block_1_68' title="bbox 629 4561 1770 4635">
    <p class='ocr_par' dir='ltr' id='par_1_68' title="bbox 629 4561 1770 4635">
     <span class='ocr_line' id='line_1_68' title="bbox 629 4561 1770 4635; baseline -0.005 -13"><span class='ocrx_word' id='word_1_422' title='bbox 629 4564 890 4635; x_wconf 67' lang='grc' dir='ltr'>Κάμινός</span> <span class='ocrx_word' id='word_1_423' title='bbox 926 4581 1070 4618; x_wconf 83' lang='grc' dir='ltr'>ποτε</span> <span class='ocrx_word' id='word_1_424' title='bbox 1105 4562 1296 4632; x_wconf 77' lang='grc' dir='ltr'>πυρὸς</span> <span class='ocrx_word' id='word_1_425' title='bbox 1333 4563 1402 4617; x_wconf 81' lang='grc' dir='ltr'><strong>ἐν</strong></span> <span class='ocrx_word' id='word_1_426' title='bbox 1439 4561 1770 4618; x_wconf 71' lang='grc' dir='ltr'>Βαϐυλῶνι.</span> 
     </span>
    </p>
   </div>
   <div class='ocr_carea' id='block_1_69' title="bbox 481 4653 1982 4728">
    <p class='ocr_par' dir='ltr' id='par_1_69' title="bbox 481 4653 1982 4728">
     <span class='ocr_line' id='line_1_69' title="bbox 481 4653 1982 4728; baseline -0.005 -15"><span class='ocrx_word' id='word_1_427' title='bbox 481 4658 748 4728; x_wconf 77' lang='grc' dir='ltr'>Θνήσκεις</span> <span class='ocrx_word' id='word_1_428' title='bbox 786 4657 844 4708; x_wconf 87' lang='grc' dir='ltr'><strong>ἐν</strong></span> <span class='ocrx_word' id='word_1_429' title='bbox 877 4655 1094 4725; x_wconf 82' lang='grc' dir='ltr'>σταυρῴ</span> <span class='ocrx_word' id='word_1_430' title='bbox 1139 4655 1252 4725; x_wconf 78' lang='grc' dir='ltr'>ζωὴ</span> <span class='ocrx_word' id='word_1_431' title='bbox 1307 4654 1565 4724; x_wconf 78' lang='grc' dir='ltr'>ὑπάρχων</span> <span class='ocrx_word' id='word_1_432' title='bbox 1597 4653 1849 4717; x_wconf 87' lang='grc' dir='ltr'>πάντων,</span> <span class='ocrx_word' id='word_1_433' title='bbox 1885 4653 1982 4706; x_wconf 74' lang='grc' dir='ltr'>καὶ</span> 
     </span>
    </p>
   </div>
   <div class='ocr_carea' id='block_1_70' title="bbox 412 4743 1979 4816">
    <p class='ocr_par' dir='ltr' id='par_1_70' title="bbox 412 4743 1979 4816">
     <span class='ocr_line' id='line_1_70' title="bbox 412 4743 1979 4816; baseline -0.018 -4"><span class='ocrx_word' id='word_1_434' title='bbox 412 4749 487 4811; x_wconf 75' lang='grc' dir='ltr'><strong>ὡς</strong></span> <span class='ocrx_word' id='word_1_435' title='bbox 520 4745 712 4816; x_wconf 78' lang='grc' dir='ltr'>νεκρὸς</span> <span class='ocrx_word' id='word_1_436' title='bbox 743 4745 944 4806; x_wconf 70' lang='grc' dir='ltr'>ἄπνους</span> <span class='ocrx_word' id='word_1_437' title='bbox 971 4745 1030 4796; x_wconf 68' lang='grc' dir='ltr'>ἐν</span> <span class='ocrx_word' id='word_1_438' title='bbox 1074 4744 1318 4813; x_wconf 86' lang='grc' dir='ltr'>μνήματι</span> <span class='ocrx_word' id='word_1_439' title='bbox 1362 4743 1576 4813; x_wconf 80' lang='grc' dir='ltr'>ὲτέθης,</span> <span class='ocrx_word' id='word_1_440' title='bbox 1625 4743 1941 4814; x_wconf 81' lang='grc' dir='ltr'>μακρόθυμε</span> <span class='ocrx_word' id='word_1_441' title='bbox 1963 4758 1979 4774; x_wconf 78' lang='grc' dir='ltr'><strong>ο</strong></span> 
     </span>
    </p>
   </div>
   <div class='ocr_carea' id='block_1_71' title="bbox 415 4832 1978 4908">
    <p class='ocr_par' dir='ltr' id='par_1_71' title="bbox 415 4832 1978 4908">
     <span class='ocr_line' id='line_1_71' title="bbox 415 4832 1978 4908; baseline -0.004 -15"><span class='ocrx_word' id='word_1_442' title='bbox 415 4839 511 4894; x_wconf 61' lang='grc' dir='ltr'><strong>καλ⁸</strong></span> <span class='ocrx_word' id='word_1_443' title='bbox 555 4837 854 4908; x_wconf 84' lang='grc' dir='ltr'>τριήμερος</span> <span class='ocrx_word' id='word_1_444' title='bbox 903 4835 1201 4905; x_wconf 85' lang='grc' dir='ltr'>ἐγήγερσαι</span> <span class='ocrx_word' id='word_1_445' title='bbox 1240 4837 1320 4897; x_wconf 84' lang='grc' dir='ltr'><strong>εἰς</strong></span> <span class='ocrx_word' id='word_1_446' title='bbox 1352 4833 1556 4904; x_wconf 82' lang='grc' dir='ltr'>κόσμου</span> <span class='ocrx_word' id='word_1_447' title='bbox 1590 4832 1938 4897; x_wconf 80' lang='grc' dir='ltr'>ἐξανάστασιν</span> <span class='ocrx_word' id='word_1_448' title='bbox 1963 4850 1978 4864; x_wconf 77' lang='grc' dir='ltr'><strong>ο</strong></span> 
     </span>
    </p>
   </div>
   <div class='ocr_carea' id='block_1_72' title="bbox 415 4923 1823 4997">
    <p class='ocr_par' dir='ltr' id='par_1_72' title="bbox 415 4923 1823 4997">
     <span class='ocr_line' id='line_1_72' title="bbox 415 4923 1823 4997; baseline -0.004 -15"><span class='ocrx_word' id='word_1_449' title='bbox 415 4929 536 4984; x_wconf 77' lang='grc' dir='ltr'>ὅθεν</span> <span class='ocrx_word' id='word_1_450' title='bbox 558 4929 618 4980; x_wconf 87' lang='grc' dir='ltr'><strong>ἐν</strong></span> <span class='ocrx_word' id='word_1_451' title='bbox 652 4923 960 4997; x_wconf 78' lang='grc' dir='ltr'>εὐφροσύνῃ</span> <span class='ocrx_word' id='word_1_452' title='bbox 986 4924 1368 4995; x_wconf 76' lang='grc' dir='ltr'>δοξολογοῦμεν</span> <span class='ocrx_word' id='word_1_453' title='bbox 1391 4925 1452 4976; x_wconf 82' lang='grc' dir='ltr'>τὸ</span> <span class='ocrx_word' id='word_1_454' title='bbox 1482 4924 1680 4996; x_wconf 81' lang='grc' dir='ltr'>κράτος</span> <span class='ocrx_word' id='word_1_455' title='bbox 1709 4941 1823 4978; x_wconf 88' lang='grc' dir='ltr'>σου.</span> 
     </span>
    </p>
   </div>
   <div class='ocr_carea' id='block_1_73' title="bbox 490 5011 1986 5084">
    <p class='ocr_par' dir='ltr' id='par_1_73' title="bbox 490 5011 1986 5084">
     <span class='ocr_line' id='line_1_73' title="bbox 490 5011 1986 5084; baseline -0.003 -15"><span class='ocrx_word' id='word_1_456' title='bbox 490 5017 730 5069; x_wconf 84' lang='grc' dir='ltr'>Ἤκουσε</span> <span class='ocrx_word' id='word_1_457' title='bbox 763 5011 904 5065; x_wconf 87' lang='grc' dir='ltr'>Σιὼν</span> <span class='ocrx_word' id='word_1_458' title='bbox 945 5013 1044 5082; x_wconf 82' lang='grc' dir='ltr'>τὴν</span> <span class='ocrx_word' id='word_1_459' title='bbox 1077 5011 1298 5084; x_wconf 78' lang='grc' dir='ltr'>ἔγερσιν</span> <span class='ocrx_word' id='word_1_460' title='bbox 1332 5013 1560 5084; x_wconf 81' lang='grc' dir='ltr'>Κυρίου,</span> <span class='ocrx_word' id='word_1_461' title='bbox 1589 5011 1684 5065; x_wconf 79' lang='grc' dir='ltr'>καὶ</span> <span class='ocrx_word' id='word_1_462' title='bbox 1717 5011 1986 5083; x_wconf 76' lang='grc' dir='ltr'><strong>εύιρροσύ⁸</strong></span> 
     </span>
    </p>
   </div>
   <div class='ocr_carea' id='block_1_74' title="bbox 418 5099 1986 5177">
    <p class='ocr_par' dir='ltr' id='par_1_74' title="bbox 418 5099 1986 5177">
     <span class='ocr_line' id='line_1_74' title="bbox 418 5099 1986 5177; baseline -0.009 -18"><span class='ocrx_word' id='word_1_463' title='bbox 418 5122 514 5177; x_wconf 79' lang='grc' dir='ltr'><strong>νης</strong></span> <span class='ocrx_word' id='word_1_464' title='bbox 542 5102 636 5158; x_wconf 80' lang='grc' dir='ltr'>νῦν</span> <span class='ocrx_word' id='word_1_465' title='bbox 671 5100 1060 5172; x_wconf 77' lang='grc' dir='ltr'>πεπλήρωται’</span> <span class='ocrx_word' id='word_1_466' title='bbox 1098 5099 1392 5171; x_wconf 85' lang='grc' dir='ltr'>θυγατέρες</span> <span class='ocrx_word' id='word_1_467' title='bbox 1422 5100 1624 5172; x_wconf 85' lang='grc' dir='ltr'>ταύτης</span> <span class='ocrx_word' id='word_1_468' title='bbox 1667 5100 1724 5154; x_wconf 82' lang='grc' dir='ltr'><strong>δέ</strong></span> <span class='ocrx_word' id='word_1_469' title='bbox 1770 5118 1986 5174; x_wconf 84' lang='grc' dir='ltr'>προφα-</span> 
     </span>
    </p>
   </div>
   <div class='ocr_carea' id='block_1_75' title="bbox 418 5191 1981 5267">
    <p class='ocr_par' dir='ltr' id='par_1_75' title="bbox 418 5191 1981 5267">
     <span class='ocr_line' id='line_1_75' title="bbox 418 5191 1981 5267; baseline -0.003 -17"><span class='ocrx_word' id='word_1_470' title='bbox 418 5197 524 5259; x_wconf 87' lang='grc' dir='ltr'><strong>νῶς</strong></span> <span class='ocrx_word' id='word_1_471' title='bbox 544 5193 962 5267; x_wconf 68' lang='grc' dir='ltr'>ἠγαλλιάσαντο,</span> <span class='ocrx_word' id='word_1_472' title='bbox 985 5191 1080 5250; x_wconf 76' lang='grc' dir='ltr'>καὶ</span> <span class='ocrx_word' id='word_1_473' title='bbox 1105 5192 1371 5262; x_wconf 81' lang='grc' dir='ltr'>μαθηταῖς</span> <span class='ocrx_word' id='word_1_474' title='bbox 1395 5193 1688 5263; x_wconf 82' lang='grc' dir='ltr'>ἐκήρυττον</span> <span class='ocrx_word' id='word_1_475' title='bbox 1709 5193 1981 5261; x_wconf 73' lang='grc' dir='ltr'>λέγουσαιο</span> 
     </span>
    </p>
   </div>
   <div class='ocr_carea' id='block_1_76' title="bbox 419 5278 1661 5359">
    <p class='ocr_par' dir='ltr' id='par_1_76' title="bbox 419 5278 1661 5359">
     <span class='ocr_line' id='line_1_76' title="bbox 419 5278 1661 5359; baseline -0.005 -17"><span class='ocrx_word' id='word_1_476' title='bbox 419 5287 510 5359; x_wconf 75' lang='grc' dir='ltr'><strong>Μὴ</strong></span> <span class='ocrx_word' id='word_1_477' title='bbox 540 5284 814 5351; x_wconf 81' lang='grc' dir='ltr'>λυπεῖσθε,</span> <span class='ocrx_word' id='word_1_478' title='bbox 839 5285 868 5337; x_wconf 91' lang='lat'><strong>6</strong></span> <span class='ocrx_word' id='word_1_479' title='bbox 895 5283 1156 5354; x_wconf 76' lang='grc' dir='ltr'>ζωοδότ-ης</span> <span class='ocrx_word' id='word_1_480' title='bbox 1187 5285 1500 5355; x_wconf 82' lang='grc' dir='ltr'>ἐγήγερται.</span> <span class='ocrx_word' id='word_1_481' title='bbox 1656 5278 1661 5283; x_wconf 78' lang='grc'><em>’</em></span> 
     </span>
    </p>
   </div>
   <div class='ocr_carea' id='block_1_77' title="bbox 492 5375 1988 5451">
    <p class='ocr_par' dir='ltr' id='par_1_77' title="bbox 492 5375 1988 5451">
     <span class='ocr_line' id='line_1_77' title="bbox 492 5375 1988 5451; baseline -0.002 -19"><span class='ocrx_word' id='word_1_482' title='bbox 492 5377 746 5451; x_wconf 76' lang='grc' dir='ltr'>Ὄρθριαι</span> <span class='ocrx_word' id='word_1_483' title='bbox 771 5377 974 5448; x_wconf 81' lang='grc' dir='ltr'>σπουδῇ</span> <span class='ocrx_word' id='word_1_484' title='bbox 994 5376 1281 5445; x_wconf 81' lang='grc' dir='ltr'>γενόμεναι</span> <span class='ocrx_word' id='word_1_485' title='bbox 1307 5377 1562 5445; x_wconf 88' lang='grc' dir='ltr'>γυναῖκες</span> <span class='ocrx_word' id='word_1_486' title='bbox 1588 5375 1678 5430; x_wconf 76' lang='grc' dir='ltr'>ἐπὶ</span> <span class='ocrx_word' id='word_1_487' title='bbox 1708 5375 1798 5428; x_wconf 79' lang='grc' dir='ltr'>τὸν</span> <span class='ocrx_word' id='word_1_488' title='bbox 1818 5375 1988 5444; x_wconf 86' lang='grc' dir='ltr'>τάφον</span> 
     </span>
    </p>
   </div>
   <div class='ocr_carea' id='block_1_78' title="bbox 423 5467 1988 5544">
    <p class='ocr_par' dir='ltr' id='par_1_78' title="bbox 423 5467 1988 5544">
     <span class='ocr_line' id='line_1_78' title="bbox 423 5467 1988 5544; baseline -0.004 -17"><span class='ocrx_word' id='word_1_489' title='bbox 423 5470 808 5544; x_wconf 75' lang='grc' dir='ltr'>παρεγένοντο,</span> <span class='ocrx_word' id='word_1_490' title='bbox 837 5469 931 5522; x_wconf 71' lang='grc' dir='ltr'>καὶ</span> <span class='ocrx_word' id='word_1_491' title='bbox 956 5468 1102 5522; x_wconf 72' lang='grc' dir='ltr'>ἔνδον</span> <span class='ocrx_word' id='word_1_492' title='bbox 1130 5467 1497 5540; x_wconf 75' lang='grc' dir='ltr'>προκύψασαι,</span> <span class='ocrx_word' id='word_1_493' title='bbox 1525 5469 1582 5522; x_wconf 86' lang='grc' dir='ltr'><strong>ἐν</strong></span> <span class='ocrx_word' id='word_1_494' title='bbox 1603 5469 1813 5531; x_wconf 86' lang='grc' dir='ltr'>λευκοῖς</span> <span class='ocrx_word' id='word_1_495' title='bbox 1838 5468 1988 5521; x_wconf 74' lang='grc' dir='ltr'>ἔϐλε-</span> 
     </span>
    </p>
   </div>
   <div class='ocr_carea' id='block_1_79' title="bbox 421 5559 1989 5637">
    <p class='ocr_par' dir='ltr' id='par_1_79' title="bbox 421 5559 1989 5637">
     <span class='ocr_line' id='line_1_79' title="bbox 421 5559 1989 5637; baseline -0.005 -18"><span class='ocrx_word' id='word_1_496' title='bbox 421 5565 534 5637; x_wconf 73' lang='grc' dir='ltr'><strong>ψαν</strong></span> <span class='ocrx_word' id='word_1_497' title='bbox 560 5561 792 5632; x_wconf 75' lang='grc' dir='ltr'>ἄγγελον</span> <span class='ocrx_word' id='word_1_498' title='bbox 811 5577 825 5591; x_wconf 88' lang='grc'><strong>·</strong></span> <span class='ocrx_word' id='word_1_499' title='bbox 859 5561 954 5614; x_wconf 78' lang='grc' dir='ltr'>καὶ</span> <span class='ocrx_word' id='word_1_500' title='bbox 985 5559 1134 5630; x_wconf 74' lang='grc' dir='ltr'>φέϐῳ</span> <span class='ocrx_word' id='word_1_501' title='bbox 1157 5559 1508 5630; x_wconf 73' lang='grc' dir='ltr'>συνεχόμεναι</span> <span class='ocrx_word' id='word_1_502' title='bbox 1524 5561 1740 5631; x_wconf 66' lang='grc' dir='ltr'>ἢκουονο</span> <span class='ocrx_word' id='word_1_503' title='bbox 1767 5560 1860 5631; x_wconf 77' lang='grc' dir='ltr'><strong>Μὴ</strong></span> <span class='ocrx_word' id='word_1_504' title='bbox 1892 5576 1989 5628; x_wconf 84' lang='grc' dir='ltr'>φο-</span> 
     </span>
    </p>
   </div>
   <div class='ocr_carea' id='block_1_80' title="bbox 421 5650 1367 5722">
    <p class='ocr_par' dir='ltr' id='par_1_80' title="bbox 421 5650 1367 5722">
     <span class='ocr_line' id='line_1_80' title="bbox 421 5650 1367 5722; baseline -0.006 -12"><span class='ocrx_word' id='word_1_505' title='bbox 421 5653 626 5721; x_wconf 74' lang='grc' dir='ltr'>ϐεῖσθε,</span> <span class='ocrx_word' id='word_1_506' title='bbox 655 5652 823 5716; x_wconf 76' lang='grc' dir='ltr'>ὅντως</span> <span class='ocrx_word' id='word_1_507' title='bbox 850 5650 1050 5722; x_wconf 82' lang='grc' dir='ltr'>ἀνέστη</span> <span class='ocrx_word' id='word_1_508' title='bbox 1078 5651 1108 5704; x_wconf 91' lang='lat'><strong>6</strong></span> <span class='ocrx_word' id='word_1_509' title='bbox 1146 5651 1367 5722; x_wconf 80' lang='grc' dir='ltr'>Κύριος.</span> 
     </span>
    </p>
   </div>
   <div class='ocr_carea' id='block_1_81' title="bbox 493 5802 1986 5902">
    <p class='ocr_par' dir='ltr' id='par_1_81' title="bbox 493 5802 1986 5902">
     <span class='ocr_line' id='line_1_81' title="bbox 493 5802 1986 5902; baseline -0.001 -18"><span class='ocrx_word' id='word_1_510' title='bbox 493 5827 561 5884; x_wconf 66' lang='grc' dir='ltr'><strong>Σὲ</strong></span> <span class='ocrx_word' id='word_1_511' title='bbox 616 5828 714 5902; x_wconf 76' lang='grc' dir='ltr'>τὴν</span> <span class='ocrx_word' id='word_1_512' title='bbox 763 5828 1029 5902; x_wconf 77' lang='grc' dir='ltr'>φωτεινὴν</span> <span class='ocrx_word' id='word_1_513' title='bbox 1056 5828 1284 5900; x_wconf 86' lang='grc' dir='ltr'>νεφέλην</span> <span class='ocrx_word' id='word_1_514' title='bbox 1305 5829 1399 5883; x_wconf 81' lang='grc' dir='ltr'>τοῦ</span> <span class='ocrx_word' id='word_1_515' title='bbox 1435 5802 1586 5900; x_wconf 76' lang='grc' dir='ltr'>ἥλιου</span> <span class='ocrx_word' id='word_1_516' title='bbox 1634 5828 1727 5883; x_wconf 80' lang='grc' dir='ltr'><strong>τοῦ</strong></span> <span class='ocrx_word' id='word_1_517' title='bbox 1773 5828 1986 5900; x_wconf 79' lang='grc' dir='ltr'>νοητοῦ,</span> 
     </span>
    </p>
   </div>
   <div class='ocr_carea' id='block_1_82' title="bbox 2138 2471 3647 2542">
    <p class='ocr_par' dir='ltr' id='par_1_82' title="bbox 2138 2471 3647 2542">
     <span class='ocr_line' id='line_1_82' title="bbox 2138 2471 3647 2542; baseline 0.002 -16"><span class='ocrx_word' id='word_1_518' title='bbox 2138 2471 2278 2526; x_wconf 89' lang='lat' dir='ltr'><strong>Olim</strong></span> <span class='ocrx_word' id='word_1_519' title='bbox 2299 2473 2536 2542; x_wconf 76' lang='lat' dir='ltr'><strong>Angelus</strong></span> <span class='ocrx_word' id='word_1_520' title='bbox 2550 2473 2687 2527; x_wconf 79' lang='lat' dir='ltr'><strong>dixit</strong></span> <span class='ocrx_word' id='word_1_521' title='bbox 2705 2473 3007 2528; x_wconf 74' lang='lat' dir='ltr'><strong>ferentibus</strong></span> <span class='ocrx_word' id='word_1_522' title='bbox 3030 2482 3270 2528; x_wconf 85' lang='lat' dir='ltr'><strong>aromata</strong></span> <span class='ocrx_word' id='word_1_523' title='bbox 3297 2475 3647 2530; x_wconf 69' lang='lat' dir='ltr'><strong>mulieribus:</strong></span> 
     </span>
    </p>
   </div>
   <div class='ocr_carea' id='block_1_83' title="bbox 2072 2564 3650 2634">
    <p class='ocr_par' dir='ltr' id='par_1_83' title="bbox 2072 2564 3650 2634">
     <span class='ocr_line' id='line_1_83' title="bbox 2072 2564 3650 2634; baseline 0.003 -16"><span class='ocrx_word' id='word_1_524' title='bbox 2072 2564 2151 2618; x_wconf 87' lang='lat' dir='ltr'><strong>Ad</strong></span> <span class='ocrx_word' id='word_1_525' title='bbox 2181 2565 2308 2634; x_wconf 88' lang='lat' dir='ltr'><strong>quid</strong></span> <span class='ocrx_word' id='word_1_526' title='bbox 2346 2566 2485 2619; x_wconf 90' lang='lat' dir='ltr'><strong>inter</strong></span> <span class='ocrx_word' id='word_1_527' title='bbox 2519 2575 2762 2620; x_wconf 89' lang='lat' dir='ltr'><strong>mortuos</strong></span> <span class='ocrx_word' id='word_1_528' title='bbox 2783 2567 3026 2634; x_wconf 73' lang='lat' dir='ltr'><strong>quaeritis</strong></span> <span class='ocrx_word' id='word_1_529' title='bbox 3062 2567 3368 2622; x_wconf 76' lang='lat' dir='ltr'><strong>viventem?</strong></span> <span class='ocrx_word' id='word_1_530' title='bbox 3395 2566 3650 2623; x_wconf 84' lang='lat' dir='ltr'><strong>Christus</strong></span> 
     </span>
    </p>
   </div>
   <div class='ocr_carea' id='block_1_84' title="bbox 2075 2658 3651 2728">
    <p class='ocr_par' dir='ltr' id='par_1_84' title="bbox 2075 2658 3651 2728">
     <span class='ocr_line' id='line_1_84' title="bbox 2075 2658 3651 2728; baseline 0.001 -16"><span class='ocrx_word' id='word_1_531' title='bbox 2075 2673 2179 2712; x_wconf 92' lang='lat' dir='ltr'><strong>non</strong></span> <span class='ocrx_word' id='word_1_532' title='bbox 2199 2667 2282 2712; x_wconf 89' lang='lat' dir='ltr'><strong>est</strong></span> <span class='ocrx_word' id='word_1_533' title='bbox 2308 2659 2397 2711; x_wconf 91' lang='lat' dir='ltr'><strong>hic</strong></span> <span class='ocrx_word' id='word_1_534' title='bbox 2421 2672 2438 2722; x_wconf 90' lang='lat'><strong>;</strong></span> <span class='ocrx_word' id='word_1_535' title='bbox 2477 2658 2660 2722; x_wconf 84' lang='lat' dir='ltr'><strong>hodie,</strong></span> <span class='ocrx_word' id='word_1_536' title='bbox 2689 2659 2830 2712; x_wconf 88' lang='lat' dir='ltr'><strong>sicut</strong></span> <span class='ocrx_word' id='word_1_537' title='bbox 2853 2658 3200 2728; x_wconf 80' lang='lat' dir='ltr'><strong>praedixerat,</strong></span> <span class='ocrx_word' id='word_1_538' title='bbox 3232 2659 3493 2724; x_wconf 84' lang='lat' dir='ltr'><strong>surrexit,</strong></span> <span class='ocrx_word' id='word_1_539' title='bbox 3522 2673 3651 2713; x_wconf 84' lang='lat' dir='ltr'><strong>eva-</strong></span> 
     </span>
    </p>
   </div>
   <div class='ocr_carea' id='block_1_85' title="bbox 2073 2747 3652 2818">
    <p class='ocr_par' dir='ltr' id='par_1_85' title="bbox 2073 2747 3652 2818">
     <span class='ocr_line' id='line_1_85' title="bbox 2073 2747 3652 2818; baseline 0.001 -16"><span class='ocrx_word' id='word_1_540' title='bbox 2073 2762 2243 2802; x_wconf 84' lang='lat' dir='ltr'><strong>cuans</strong></span> <span class='ocrx_word' id='word_1_541' title='bbox 2274 2749 2612 2818; x_wconf 88' lang='lat' dir='ltr'><strong>sepulcrum,</strong></span> <span class='ocrx_word' id='word_1_542' title='bbox 2657 2747 2890 2803; x_wconf 88' lang='lat' dir='ltr'><strong>mortuis</strong></span> <span class='ocrx_word' id='word_1_543' title='bbox 2942 2747 3226 2804; x_wconf 81' lang='lat' dir='ltr'><strong>insumans</strong></span> <span class='ocrx_word' id='word_1_544' title='bbox 3255 2757 3438 2818; x_wconf 85' lang='lat' dir='ltr'><strong>utpote</strong></span> <span class='ocrx_word' id='word_1_545' title='bbox 3467 2757 3652 2804; x_wconf 83' lang='lat' dir='ltr'><strong>uoster</strong></span> 
     </span>
    </p>
   </div>
   <div class='ocr_carea' id='block_1_86' title="bbox 2077 2839 2819 2904">
    <p class='ocr_par' dir='ltr' id='par_1_86' title="bbox 2077 2839 2819 2904">
     <span class='ocr_line' id='line_1_86' title="bbox 2077 2839 2819 2904; baseline 0.003 -12"><span class='ocrx_word' id='word_1_546' title='bbox 2077 2853 2288 2904; x_wconf 89' lang='lat' dir='ltr'><strong>amans,</strong></span> <span class='ocrx_word' id='word_1_547' title='bbox 2325 2839 2819 2894; x_wconf 85' lang='lat' dir='ltr'><strong>immortalitatem.</strong></span> 
     </span>
    </p>
   </div>
   <div class='ocr_carea' id='block_1_87' title="bbox 2147 2927 3654 2996">
    <p class='ocr_par' dir='ltr' id='par_1_87' title="bbox 2147 2927 3654 2996">
     <span class='ocr_line' id='line_1_87' title="bbox 2147 2927 3654 2996; baseline 0.004 -14"><span class='ocrx_word' id='word_1_548' title='bbox 2147 2927 2348 2984; x_wconf 74' lang='lat' dir='ltr'><strong>Videas</strong></span> <span class='ocrx_word' id='word_1_549' title='bbox 2367 2929 2457 2983; x_wconf 88' lang='lat' dir='ltr'><strong>Dei</strong></span> <span class='ocrx_word' id='word_1_550' title='bbox 2479 2929 2669 2996; x_wconf 83' lang='lat' dir='ltr'><strong>Mater,</strong></span> <span class='ocrx_word' id='word_1_551' title='bbox 2695 2928 2889 2983; x_wconf 81' lang='lat' dir='ltr'><strong>Filium</strong></span> <span class='ocrx_word' id='word_1_552' title='bbox 2916 2938 3067 2985; x_wconf 91' lang='lat' dir='ltr'><strong>tuum</strong></span> <span class='ocrx_word' id='word_1_553' title='bbox 3087 2939 3141 2986; x_wconf 90' lang='lat' dir='ltr'><strong>et</strong></span> <span class='ocrx_word' id='word_1_554' title='bbox 3163 2930 3329 2986; x_wconf 90' lang='lat' dir='ltr'><strong>Deum</strong></span> <span class='ocrx_word' id='word_1_555' title='bbox 3343 2932 3654 2988; x_wconf 79' lang='lat' dir='ltr'><strong>surrexisse</strong></span> 
     </span>
    </p>
   </div>
   <div class='ocr_carea' id='block_1_88' title="bbox 2077 3020 3656 3090">
    <p class='ocr_par' dir='ltr' id='par_1_88' title="bbox 2077 3020 3656 3090">
     <span class='ocr_line' id='line_1_88' title="bbox 2077 3020 3656 3090; baseline 0.003 -18"><span class='ocrx_word' id='word_1_556' title='bbox 2077 3033 2108 3072; x_wconf 89' lang='lat' dir='ltr'><strong>a</strong></span> <span class='ocrx_word' id='word_1_557' title='bbox 2138 3021 2389 3082; x_wconf 86' lang='lat' dir='ltr'><strong>mortuis,</strong></span> <span class='ocrx_word' id='word_1_558' title='bbox 2421 3020 2628 3089; x_wconf 82' lang='lat' dir='ltr'><strong>repleta</strong></span> <span class='ocrx_word' id='word_1_559' title='bbox 2673 3036 2732 3075; x_wconf 90' lang='lat' dir='ltr'><strong>es</strong></span> <span class='ocrx_word' id='word_1_560' title='bbox 2761 3022 2988 3090; x_wconf 78' lang='lat' dir='ltr'><strong>gaudio,</strong></span> <span class='ocrx_word' id='word_1_561' title='bbox 3015 3036 3138 3075; x_wconf 91' lang='lat' dir='ltr'><strong>cum</strong></span> <span class='ocrx_word' id='word_1_562' title='bbox 3166 3023 3244 3076; x_wconf 89' lang='lat' dir='ltr'><strong>sis</strong></span> <span class='ocrx_word' id='word_1_563' title='bbox 3276 3021 3476 3076; x_wconf 75' lang='lat' dir='ltr'><strong>la-titia:</strong></span> <span class='ocrx_word' id='word_1_564' title='bbox 3501 3023 3656 3076; x_wconf 87' lang='lat' dir='ltr'><strong>volu-</strong></span> 
     </span>
    </p>
   </div>
   <div class='ocr_carea' id='block_1_89' title="bbox 2082 3111 3655 3184">
    <p class='ocr_par' dir='ltr' id='par_1_89' title="bbox 2082 3111 3655 3184">
     <span class='ocr_line' id='line_1_89' title="bbox 2082 3111 3655 3184; baseline 0.004 -20"><span class='ocrx_word' id='word_1_565' title='bbox 2082 3111 2349 3182; x_wconf 87' lang='lat' dir='ltr'><strong>ptatisque</strong></span> <span class='ocrx_word' id='word_1_566' title='bbox 2376 3117 2578 3166; x_wconf 61' lang='lat' dir='ltr'><strong>nostra;</strong></span> <span class='ocrx_word' id='word_1_567' title='bbox 2606 3127 2793 3178; x_wconf 89' lang='lat' dir='ltr'><strong>causa,</strong></span> <span class='ocrx_word' id='word_1_568' title='bbox 2817 3113 3093 3177; x_wconf 88' lang='lat' dir='ltr'><strong>idcirco,o</strong></span> <span class='ocrx_word' id='word_1_569' title='bbox 3119 3127 3336 3183; x_wconf 86' lang='lat' dir='ltr'><strong>semper</strong></span> <span class='ocrx_word' id='word_1_570' title='bbox 3367 3112 3554 3184; x_wconf 79' lang='lat' dir='ltr'><strong>Virgo,</strong></span> <span class='ocrx_word' id='word_1_571' title='bbox 3587 3115 3655 3170; x_wconf 86' lang='lat' dir='ltr'><strong>ab</strong></span> 
     </span>
    </p>
   </div>
   <div class='ocr_carea' id='block_1_90' title="bbox 2082 3204 3658 3275">
    <p class='ocr_par' dir='ltr' id='par_1_90' title="bbox 2082 3204 3658 3275">
     <span class='ocr_line' id='line_1_90' title="bbox 2082 3204 3658 3275; baseline 0.003 -17"><span class='ocrx_word' id='word_1_572' title='bbox 2082 3204 2229 3258; x_wconf 92' lang='lat' dir='ltr'><strong>omni</strong></span> <span class='ocrx_word' id='word_1_573' title='bbox 2279 3204 2496 3259; x_wconf 81' lang='lat' dir='ltr'><strong>vivente</strong></span> <span class='ocrx_word' id='word_1_574' title='bbox 2530 3204 2764 3275; x_wconf 83' lang='lat' dir='ltr'><strong>hymnos</strong></span> <span class='ocrx_word' id='word_1_575' title='bbox 2821 3204 2875 3258; x_wconf 92' lang='lat' dir='ltr'><strong>in</strong></span> <span class='ocrx_word' id='word_1_576' title='bbox 2910 3205 2989 3259; x_wconf 90' lang='lat' dir='ltr'><strong>tui</strong></span> <span class='ocrx_word' id='word_1_577' title='bbox 3027 3208 3294 3260; x_wconf 89' lang='lat' dir='ltr'><strong>honorem</strong></span> <span class='ocrx_word' id='word_1_578' title='bbox 3339 3205 3658 3262; x_wconf 85' lang='lat' dir='ltr'><strong>decantanti</strong></span> 
     </span>
    </p>
   </div>
   <div class='ocr_carea' id='block_1_91' title="bbox 2085 3295 2431 3368">
    <p class='ocr_par' dir='ltr' id='par_1_91' title="bbox 2085 3295 2431 3368">
     <span class='ocr_line' id='line_1_91' title="bbox 2085 3295 2431 3368; baseline 0.012 -20"><span class='ocrx_word' id='word_1_579' title='bbox 2085 3295 2431 3368; x_wconf 77' lang='lat' dir='ltr'><strong>glorillcaris.</strong></span> 
     </span>
    </p>
   </div>
   <div class='ocr_carea' id='block_1_92' title="bbox 2151 3387 3373 3460">
    <p class='ocr_par' dir='ltr' id='par_1_92' title="bbox 2151 3387 3373 3460">
     <span class='ocr_line' id='line_1_92' title="bbox 2151 3387 3373 3460; baseline 0 -17"><span class='ocrx_word' id='word_1_580' title='bbox 2151 3446 2154 3448; x_wconf 65' lang='grc'><strong>,</strong></span> <span class='ocrx_word' id='word_1_581' title='bbox 2429 3387 2668 3460; x_wconf 69' lang='lat' dir='ltr'><strong>Emeruit</strong></span> <span class='ocrx_word' id='word_1_582' title='bbox 2691 3390 2824 3442; x_wconf 81' lang='lat' dir='ltr'><strong>sicut</strong></span> <span class='ocrx_word' id='word_1_583' title='bbox 2861 3387 3033 3442; x_wconf 83' lang='lat' dir='ltr'><strong>lilium</strong></span> <span class='ocrx_word' id='word_1_584' title='bbox 3061 3389 3113 3442; x_wconf 84' lang='lat' dir='ltr'><strong>in</strong></span> <span class='ocrx_word' id='word_1_585' title='bbox 3144 3388 3373 3443; x_wconf 81' lang='lat' dir='ltr'><strong>deserto.</strong></span> 
     </span>
    </p>
   </div>
   <div class='ocr_carea' id='block_1_93' title="bbox 2154 3479 3659 3551">
    <p class='ocr_par' dir='ltr' id='par_1_93' title="bbox 2154 3479 3659 3551">
     <span class='ocr_line' id='line_1_93' title="bbox 2154 3479 3659 3551; baseline 0.002 -17"><span class='ocrx_word' id='word_1_586' title='bbox 2154 3479 2418 3534; x_wconf 89' lang='lat' dir='ltr'><strong>Creatura</strong></span> <span class='ocrx_word' id='word_1_587' title='bbox 2437 3495 2668 3534; x_wconf 86' lang='lat' dir='ltr'><strong>cernens</strong></span> <span class='ocrx_word' id='word_1_588' title='bbox 2705 3490 2776 3544; x_wconf 86' lang='lat' dir='ltr'><strong>te,</strong></span> <span class='ocrx_word' id='word_1_589' title='bbox 2809 3480 3059 3545; x_wconf 82' lang='lat' dir='ltr'><strong>Domine,</strong></span> <span class='ocrx_word' id='word_1_590' title='bbox 3108 3481 3417 3535; x_wconf 86' lang='lat' dir='ltr'><strong>voluntarie</strong></span> <span class='ocrx_word' id='word_1_591' title='bbox 3448 3483 3659 3551; x_wconf 82' lang='lat' dir='ltr'><strong>patien-</strong></span> 
     </span>
    </p>
   </div>
   <div class='ocr_carea' id='block_1_94' title="bbox 2087 3569 3657 3640">
    <p class='ocr_par' dir='ltr' id='par_1_94' title="bbox 2087 3569 3657 3640">
     <span class='ocr_line' id='line_1_94' title="bbox 2087 3569 3657 3640; baseline 0.002 -16"><span class='ocrx_word' id='word_1_592' title='bbox 2087 3579 2191 3624; x_wconf 88' lang='lat' dir='ltr'><strong>tem</strong></span> <span class='ocrx_word' id='word_1_593' title='bbox 2224 3572 2277 3625; x_wconf 91' lang='lat' dir='ltr'><strong>in</strong></span> <span class='ocrx_word' id='word_1_594' title='bbox 2309 3585 2473 3625; x_wconf 86' lang='lat' dir='ltr'><strong>cruce</strong></span> <span class='ocrx_word' id='word_1_595' title='bbox 2505 3609 2520 3635; x_wconf 93' lang='lat'><strong>,</strong></span> <span class='ocrx_word' id='word_1_596' title='bbox 2549 3571 2834 3624; x_wconf 89' lang='lat' dir='ltr'><strong>immutata</strong></span> <span class='ocrx_word' id='word_1_597' title='bbox 2874 3569 2976 3625; x_wconf 81' lang='lat' dir='ltr'><strong>fuit</strong></span> <span class='ocrx_word' id='word_1_598' title='bbox 3012 3579 3067 3626; x_wconf 89' lang='lat' dir='ltr'><strong>et</strong></span> <span class='ocrx_word' id='word_1_599' title='bbox 3117 3569 3340 3640; x_wconf 84' lang='lat' dir='ltr'><strong>agitata,</strong></span> <span class='ocrx_word' id='word_1_600' title='bbox 3375 3580 3428 3624; x_wconf 95' lang='lat' dir='ltr'><strong>et</strong></span> <span class='ocrx_word' id='word_1_601' title='bbox 3453 3573 3657 3627; x_wconf 87' lang='lat' dir='ltr'><strong>mortui</strong></span> 
     </span>
    </p>
   </div>
   <div class='ocr_carea' id='block_1_95' title="bbox 2083 3661 2850 3731">
    <p class='ocr_par' dir='ltr' id='par_1_95' title="bbox 2083 3661 2850 3731">
     <span class='ocr_line' id='line_1_95' title="bbox 2083 3661 2850 3731; baseline 0.001 -17"><span class='ocrx_word' id='word_1_602' title='bbox 2083 3661 2292 3731; x_wconf 81' lang='lat' dir='ltr'><strong>egressi</strong></span> <span class='ocrx_word' id='word_1_603' title='bbox 2343 3669 2472 3716; x_wconf 89' lang='lat' dir='ltr'><strong>sunt</strong></span> <span class='ocrx_word' id='word_1_604' title='bbox 2501 3675 2531 3715; x_wconf 91' lang='lat' dir='ltr'><strong>e</strong></span> <span class='ocrx_word' id='word_1_605' title='bbox 2557 3661 2850 3730; x_wconf 85' lang='lat' dir='ltr'><strong>sepulcris.</strong></span> 
     </span>
    </p>
   </div>
   <div class='ocr_carea' id='block_1_96' title="bbox 2158 3749 3657 3808">
    <p class='ocr_par' dir='ltr' id='par_1_96' title="bbox 2158 3749 3657 3808">
     <span class='ocr_line' id='line_1_96' title="bbox 2158 3749 3657 3808; baseline 0.001 -3"><span class='ocrx_word' id='word_1_606' title='bbox 2158 3749 2352 3805; x_wconf 88' lang='lat' dir='ltr'><strong>Omnia</strong></span> <span class='ocrx_word' id='word_1_607' title='bbox 2403 3751 2706 3807; x_wconf 87' lang='lat' dir='ltr'><strong>absorbens</strong></span> <span class='ocrx_word' id='word_1_608' title='bbox 2755 3765 2907 3806; x_wconf 89' lang='lat' dir='ltr'><strong>mors</strong></span> <span class='ocrx_word' id='word_1_609' title='bbox 2941 3753 3234 3807; x_wconf 85' lang='lat' dir='ltr'><strong>conterrita</strong></span> <span class='ocrx_word' id='word_1_610' title='bbox 3265 3762 3349 3808; x_wconf 88' lang='lat' dir='ltr'><strong>est</strong></span> <span class='ocrx_word' id='word_1_611' title='bbox 3385 3752 3568 3808; x_wconf 87' lang='lat' dir='ltr'><strong>statim</strong></span> <span class='ocrx_word' id='word_1_612' title='bbox 3598 3759 3657 3806; x_wconf 89' lang='lat' dir='ltr'><strong>ut</strong></span> 
     </span>
    </p>
   </div>
   <div class='ocr_carea' id='block_1_97' title="bbox 2084 3839 3660 3911">
    <p class='ocr_par' dir='ltr' id='par_1_97' title="bbox 2084 3839 3660 3911">
     <span class='ocr_line' id='line_1_97' title="bbox 2084 3839 3660 3911; baseline 0.002 -16"><span class='ocrx_word' id='word_1_613' title='bbox 2084 3841 2299 3911; x_wconf 80' lang='lat' dir='ltr'><strong>aspexit</strong></span> <span class='ocrx_word' id='word_1_614' title='bbox 2343 3850 2396 3896; x_wconf 89' lang='lat' dir='ltr'><strong>te</strong></span> <span class='ocrx_word' id='word_1_615' title='bbox 2425 3841 2550 3896; x_wconf 66' lang='lat' dir='ltr'><strong>vitae</strong></span> <span class='ocrx_word' id='word_1_616' title='bbox 2601 3839 2845 3894; x_wconf 86' lang='lat' dir='ltr'><strong>datorem</strong></span> <span class='ocrx_word' id='word_1_617' title='bbox 2871 3855 2994 3894; x_wconf 90' lang='lat' dir='ltr'><strong>cum</strong></span> <span class='ocrx_word' id='word_1_618' title='bbox 3042 3842 3224 3896; x_wconf 88' lang='lat' dir='ltr'><strong>anima</strong></span> <span class='ocrx_word' id='word_1_619' title='bbox 3262 3844 3566 3898; x_wconf 81' lang='lat' dir='ltr'><strong>venientem</strong></span> <span class='ocrx_word' id='word_1_620' title='bbox 3600 3843 3660 3898; x_wconf 81' lang='lat' dir='ltr'><strong>in</strong></span> 
     </span>
    </p>
   </div>
   <div class='ocr_carea' id='block_1_98' title="bbox 2083 3925 3490 4001">
    <p class='ocr_par' dir='ltr' id='par_1_98' title="bbox 2083 3925 3490 4001">
     <span class='ocr_line' id='line_1_98' title="bbox 2083 3925 3490 4001; baseline 0.004 -22"><span class='ocrx_word' id='word_1_621' title='bbox 2083 3925 2382 3993; x_wconf 84' lang='lat' dir='ltr'><strong>infernum,</strong></span> <span class='ocrx_word' id='word_1_622' title='bbox 2409 3926 2700 3997; x_wconf 77' lang='lat' dir='ltr'><strong>emisitque</strong></span> <span class='ocrx_word' id='word_1_623' title='bbox 2730 3943 2869 3998; x_wconf 91' lang='lat' dir='ltr'><strong>quos</strong></span> <span class='ocrx_word' id='word_1_624' title='bbox 2901 3937 3187 3984; x_wconf 82' lang='lat' dir='ltr'><strong>voraverat</strong></span> <span class='ocrx_word' id='word_1_625' title='bbox 3219 3933 3490 4001; x_wconf 81' lang='lat' dir='ltr'><strong>captivos.</strong></span> 
     </span>
    </p>
   </div>
   <div class='ocr_carea' id='block_1_99' title="bbox 2155 4016 3658 4090">
    <p class='ocr_par' dir='ltr' id='par_1_99' title="bbox 2155 4016 3658 4090">
     <span class='ocr_line' id='line_1_99' title="bbox 2155 4016 3658 4090; baseline 0.005 -19"><span class='ocrx_word' id='word_1_626' title='bbox 2155 4016 2511 4072; x_wconf 80' lang='lat' dir='ltr'><strong>Resurrectio</strong></span> <span class='ocrx_word' id='word_1_627' title='bbox 2539 4026 2627 4072; x_wconf 90' lang='lat' dir='ltr'><strong>tua</strong></span> <span class='ocrx_word' id='word_1_628' title='bbox 2643 4033 2710 4074; x_wconf 81' lang='lat' dir='ltr'><strong>ex</strong></span> <span class='ocrx_word' id='word_1_629' title='bbox 2725 4020 2980 4087; x_wconf 89' lang='lat' dir='ltr'><strong>mortuis,</strong></span> <span class='ocrx_word' id='word_1_630' title='bbox 3011 4021 3328 4079; x_wconf 83' lang='lat' dir='ltr'><strong>misericors</strong></span> <span class='ocrx_word' id='word_1_631' title='bbox 3346 4023 3506 4090; x_wconf 85' lang='lat' dir='ltr'><strong>Deus,</strong></span> <span class='ocrx_word' id='word_1_632' title='bbox 3535 4037 3623 4078; x_wconf 90' lang='lat' dir='ltr'><strong>om</strong></span> <span class='ocrx_word' id='word_1_633' title='bbox 3638 4054 3658 4067; x_wconf 84' lang='lat'><strong>-</strong></span> 
     </span>
    </p>
   </div>
   <div class='ocr_carea' id='block_1_100' title="bbox 2084 4108 3661 4178">
    <p class='ocr_par' dir='ltr' id='par_1_100' title="bbox 2084 4108 3661 4178">
     <span class='ocr_line' id='line_1_100' title="bbox 2084 4108 3661 4178; baseline 0.007 -15"><span class='ocrx_word' id='word_1_634' title='bbox 2084 4125 2209 4164; x_wconf 91' lang='lat' dir='ltr'><strong>nem</strong></span> <span class='ocrx_word' id='word_1_635' title='bbox 2257 4108 2502 4178; x_wconf 83' lang='lat' dir='ltr'><strong>implevit</strong></span> <span class='ocrx_word' id='word_1_636' title='bbox 2544 4118 2853 4166; x_wconf 82' lang='lat' dir='ltr'><strong>creaturam</strong></span> <span class='ocrx_word' id='word_1_637' title='bbox 2907 4113 3115 4178; x_wconf 68' lang='lat' dir='ltr'><strong>laetitia,</strong></span> <span class='ocrx_word' id='word_1_638' title='bbox 3155 4114 3210 4169; x_wconf 88' lang='lat' dir='ltr'><strong>in</strong></span> <span class='ocrx_word' id='word_1_639' title='bbox 3245 4116 3346 4171; x_wconf 87' lang='lat' dir='ltr'><strong>hac</strong></span> <span class='ocrx_word' id='word_1_640' title='bbox 3386 4118 3528 4172; x_wconf 87' lang='lat' dir='ltr'><strong>enim</strong></span> <span class='ocrx_word' id='word_1_641' title='bbox 3567 4118 3661 4174; x_wconf 81' lang='lat' dir='ltr'><strong>die</strong></span> 
     </span>
    </p>
   </div>
   <div class='ocr_carea' id='block_1_101' title="bbox 2084 4200 3615 4280">
    <p class='ocr_par' dir='ltr' id='par_1_101' title="bbox 2084 4200 3615 4280">
     <span class='ocr_line' id='line_1_101' title="bbox 2084 4200 3615 4280; baseline 0.005 -24"><span class='ocrx_word' id='word_1_642' title='bbox 2084 4200 2426 4258; x_wconf 85' lang='lat' dir='ltr'><strong>resuscitasti</strong></span> <span class='ocrx_word' id='word_1_643' title='bbox 2457 4201 2730 4258; x_wconf 72' lang='lat' dir='ltr'><strong>mundum.</strong></span> <span class='ocrx_word' id='word_1_644' title='bbox 2749 4203 2942 4277; x_wconf 86' lang='lat' dir='ltr'><strong>mortis</strong></span> <span class='ocrx_word' id='word_1_645' title='bbox 2982 4206 3273 4280; x_wconf 88' lang='lat' dir='ltr'><strong>destruens</strong></span> <span class='ocrx_word' id='word_1_646' title='bbox 3307 4207 3615 4278; x_wconf 84' lang='lat' dir='ltr'><strong>imperium.</strong></span> 
     </span>
    </p>
   </div>
   <div class='ocr_carea' id='block_1_102' title="bbox 2151 4290 3656 4364">
    <p class='ocr_par' dir='ltr' id='par_1_102' title="bbox 2151 4290 3656 4364">
     <span class='ocr_line' id='line_1_102' title="bbox 2151 4290 3656 4364; baseline 0.003 -18"><span class='ocrx_word' id='word_1_647' title='bbox 2151 4290 2378 4347; x_wconf 85' lang='lat' dir='ltr'><strong>Gladius</strong></span> <span class='ocrx_word' id='word_1_648' title='bbox 2401 4306 2433 4346; x_wconf 84' lang='grc' dir='ltr'><strong>ο</strong></span> <span class='ocrx_word' id='word_1_649' title='bbox 2451 4291 2797 4347; x_wconf 86' lang='lat' dir='ltr'><strong>immaculata</strong></span> <span class='ocrx_word' id='word_1_650' title='bbox 2825 4300 2978 4348; x_wconf 90' lang='lat' dir='ltr'><strong>tuum</strong></span> <span class='ocrx_word' id='word_1_651' title='bbox 3008 4295 3363 4364; x_wconf 87' lang='lat' dir='ltr'><strong>pertransivit</strong></span> <span class='ocrx_word' id='word_1_652' title='bbox 3384 4297 3656 4363; x_wconf 87' lang='lat' dir='ltr'><strong>animam,</strong></span> 
     </span>
    </p>
   </div>
   <div class='ocr_carea' id='block_1_103' title="bbox 2083 4377 3660 4456">
    <p class='ocr_par' dir='ltr' id='par_1_103' title="bbox 2083 4377 3660 4456">
     <span class='ocr_line' id='line_1_103' title="bbox 2083 4377 3660 4456; baseline 0.004 -22"><span class='ocrx_word' id='word_1_653' title='bbox 2083 4393 2208 4434; x_wconf 86' lang='lat' dir='ltr'><strong>cum</strong></span> <span class='ocrx_word' id='word_1_654' title='bbox 2269 4377 2452 4434; x_wconf 77' lang='lat' dir='ltr'><strong>vidisti</strong></span> <span class='ocrx_word' id='word_1_655' title='bbox 2500 4379 2779 4436; x_wconf 89' lang='lat' dir='ltr'><strong>Christum</strong></span> <span class='ocrx_word' id='word_1_656' title='bbox 2827 4383 2977 4437; x_wconf 90' lang='lat' dir='ltr'><strong>cruci</strong></span> <span class='ocrx_word' id='word_1_657' title='bbox 3029 4383 3279 4450; x_wconf 78' lang='lat' dir='ltr'><strong>aliixum;</strong></span> <span class='ocrx_word' id='word_1_658' title='bbox 3313 4384 3408 4440; x_wconf 89' lang='lat' dir='ltr'><strong>sed</strong></span> <span class='ocrx_word' id='word_1_659' title='bbox 3453 4384 3660 4456; x_wconf 75' lang='lat' dir='ltr'><strong>gaudio</strong></span> 
     </span>
    </p>
   </div>
   <div class='ocr_carea' id='block_1_104' title="bbox 2083 4472 3300 4546">
    <p class='ocr_par' dir='ltr' id='par_1_104' title="bbox 2083 4472 3300 4546">
     <span class='ocr_line' id='line_1_104' title="bbox 2083 4472 3300 4546; baseline 0.004 -20"><span class='ocrx_word' id='word_1_660' title='bbox 2083 4472 2306 4542; x_wconf 84' lang='lat' dir='ltr'><strong>impleta</strong></span> <span class='ocrx_word' id='word_1_661' title='bbox 2335 4486 2417 4535; x_wconf 89' lang='lat' dir='ltr'><strong>es,</strong></span> <span class='ocrx_word' id='word_1_662' title='bbox 2450 4473 2568 4526; x_wconf 89' lang='lat' dir='ltr'><strong>viso</strong></span> <span class='ocrx_word' id='word_1_663' title='bbox 2593 4472 2689 4527; x_wconf 92' lang='lat' dir='ltr'><strong>illo</strong></span> <span class='ocrx_word' id='word_1_664' title='bbox 2717 4487 2747 4528; x_wconf 88' lang='lat' dir='ltr'><strong>e</strong></span> <span class='ocrx_word' id='word_1_665' title='bbox 2783 4473 2992 4528; x_wconf 88' lang='lat' dir='ltr'><strong>tumulo</strong></span> <span class='ocrx_word' id='word_1_666' title='bbox 3018 4483 3300 4546; x_wconf 83' lang='lat' dir='ltr'><strong>surgente.</strong></span> 
     </span>
    </p>
   </div>
   <div class='ocr_carea' id='block_1_105' title="bbox 2299 4558 3276 4633">
    <p class='ocr_par' dir='ltr' id='par_1_105' title="bbox 2299 4558 3276 4633">
     <span class='ocr_line' id='line_1_105' title="bbox 2299 4558 3276 4633; baseline 0.003 -18"><span class='ocrx_word' id='word_1_667' title='bbox 2299 4558 2550 4615; x_wconf 76' lang='lat' dir='ltr'><strong>Cominus</strong></span> <span class='ocrx_word' id='word_1_668' title='bbox 2579 4561 2715 4630; x_wconf 77' lang='lat' dir='ltr'><strong>igan</strong></span> <span class='ocrx_word' id='word_1_669' title='bbox 2747 4561 2874 4615; x_wconf 76' lang='lat' dir='ltr'><strong>olim</strong></span> <span class='ocrx_word' id='word_1_670' title='bbox 2907 4563 2960 4616; x_wconf 82' lang='lat' dir='ltr'><strong>in</strong></span> <span class='ocrx_word' id='word_1_671' title='bbox 2989 4562 3276 4633; x_wconf 77' lang='lat' dir='ltr'><strong>Babylone.</strong></span> 
     </span>
    </p>
   </div>
   <div class='ocr_carea' id='block_1_106' title="bbox 2152 4650 3658 4726">
    <p class='ocr_par' dir='ltr' id='par_1_106' title="bbox 2152 4650 3658 4726">
     <span class='ocr_line' id='line_1_106' title="bbox 2152 4650 3658 4726; baseline 0.005 -20"><span class='ocrx_word' id='word_1_672' title='bbox 2152 4650 2276 4706; x_wconf 82' lang='lat' dir='ltr'><strong>Vita</strong></span> <span class='ocrx_word' id='word_1_673' title='bbox 2304 4651 2548 4706; x_wconf 84' lang='lat' dir='ltr'><strong>omnium</strong></span> <span class='ocrx_word' id='word_1_674' title='bbox 2607 4653 2840 4707; x_wconf 88' lang='lat' dir='ltr'><strong>moreris</strong></span> <span class='ocrx_word' id='word_1_675' title='bbox 2876 4653 2932 4706; x_wconf 90' lang='lat' dir='ltr'><strong>in</strong></span> <span class='ocrx_word' id='word_1_676' title='bbox 2988 4668 3177 4719; x_wconf 90' lang='lat' dir='ltr'><strong>cruce,</strong></span> <span class='ocrx_word' id='word_1_677' title='bbox 3228 4663 3280 4709; x_wconf 89' lang='lat' dir='ltr'><strong>et</strong></span> <span class='ocrx_word' id='word_1_678' title='bbox 3327 4655 3539 4726; x_wconf 90' lang='lat' dir='ltr'><strong>positus</strong></span> <span class='ocrx_word' id='word_1_679' title='bbox 3591 4673 3658 4712; x_wconf 80' lang='lat' dir='ltr'><strong>es</strong></span> 
     </span>
    </p>
   </div>
   <div class='ocr_carea' id='block_1_107' title="bbox 2083 4740 3656 4812">
    <p class='ocr_par' dir='ltr' id='par_1_107' title="bbox 2083 4740 3656 4812">
     <span class='ocr_line' id='line_1_107' title="bbox 2083 4740 3656 4812; baseline 0.001 -16"><span class='ocrx_word' id='word_1_680' title='bbox 2083 4749 2141 4796; x_wconf 89' lang='lat' dir='ltr'><strong>ut</strong></span> <span class='ocrx_word' id='word_1_681' title='bbox 2166 4748 2415 4796; x_wconf 89' lang='lat' dir='ltr'><strong>mortuus</strong></span> <span class='ocrx_word' id='word_1_682' title='bbox 2446 4742 2655 4810; x_wconf 83' lang='lat' dir='ltr'><strong>absque</strong></span> <span class='ocrx_word' id='word_1_683' title='bbox 2711 4740 2884 4796; x_wconf 70' lang='lat' dir='ltr'><strong>halitu</strong></span> <span class='ocrx_word' id='word_1_684' title='bbox 2935 4741 2991 4795; x_wconf 87' lang='lat' dir='ltr'><strong>in</strong></span> <span class='ocrx_word' id='word_1_685' title='bbox 3049 4742 3325 4812; x_wconf 89' lang='lat' dir='ltr'><strong>sepulcro,</strong></span> <span class='ocrx_word' id='word_1_686' title='bbox 3362 4743 3502 4799; x_wconf 89' lang='lat' dir='ltr'><strong>Deus</strong></span> <span class='ocrx_word' id='word_1_687' title='bbox 3531 4743 3656 4798; x_wconf 79' lang='lat' dir='ltr'><strong>lou-</strong></span> 
     </span>
    </p>
   </div>
   <div class='ocr_carea' id='block_1_108' title="bbox 2083 4829 3646 4902">
    <p class='ocr_par' dir='ltr' id='par_1_108' title="bbox 2083 4829 3646 4902">
     <span class='ocr_line' id='line_1_108' title="bbox 2083 4829 3646 4902; baseline 0.001 -18"><span class='ocrx_word' id='word_1_688' title='bbox 2083 4833 2340 4902; x_wconf 73' lang='lat' dir='ltr'><strong>ganimis,</strong></span> <span class='ocrx_word' id='word_1_689' title='bbox 2379 4840 2434 4886; x_wconf 91' lang='lat' dir='ltr'><strong>et</strong></span> <span class='ocrx_word' id='word_1_690' title='bbox 2472 4831 2631 4886; x_wconf 89' lang='lat' dir='ltr'><strong>tertia</strong></span> <span class='ocrx_word' id='word_1_691' title='bbox 2672 4829 2786 4896; x_wconf 87' lang='lat' dir='ltr'><strong>die,</strong></span> <span class='ocrx_word' id='word_1_692' title='bbox 2820 4837 2879 4883; x_wconf 91' lang='lat' dir='ltr'><strong>ut</strong></span> <span class='ocrx_word' id='word_1_693' title='bbox 2912 4839 3227 4902; x_wconf 73' lang='lat' dir='ltr'><strong>resurgeret</strong></span> <span class='ocrx_word' id='word_1_694' title='bbox 3268 4833 3522 4892; x_wconf 85' lang='lat' dir='ltr'><strong>mundus.</strong></span> <span class='ocrx_word' id='word_1_695' title='bbox 3557 4850 3646 4886; x_wconf 81' lang='lat' dir='ltr'><strong>rc-</strong></span> 
     </span>
    </p>
   </div>
   <div class='ocr_carea' id='block_1_109' title="bbox 2084 4925 3656 4995">
    <p class='ocr_par' dir='ltr' id='par_1_109' title="bbox 2084 4925 3656 4995">
     <span class='ocr_line' id='line_1_109' title="bbox 2084 4925 3656 4995; baseline -0.002 -14"><span class='ocrx_word' id='word_1_696' title='bbox 2084 4925 2380 4981; x_wconf 81' lang='lat' dir='ltr'><strong>surrexisti</strong></span> <span class='ocrx_word' id='word_1_697' title='bbox 2419 4943 2431 4979; x_wconf 95' lang='lat'><strong>:</strong></span> <span class='ocrx_word' id='word_1_698' title='bbox 2476 4925 2596 4980; x_wconf 87' lang='lat' dir='ltr'><strong>ideo</strong></span> <span class='ocrx_word' id='word_1_699' title='bbox 2631 4933 2779 4980; x_wconf 87' lang='lat' dir='ltr'><strong>tuam</strong></span> <span class='ocrx_word' id='word_1_700' title='bbox 2811 4925 2919 4980; x_wconf 68' lang='lat' dir='ltr'><strong>laeti</strong></span> <span class='ocrx_word' id='word_1_701' title='bbox 2953 4926 3295 4981; x_wconf 87' lang='lat' dir='ltr'><strong>celebramus</strong></span> <span class='ocrx_word' id='word_1_702' title='bbox 3334 4926 3656 4995; x_wconf 80' lang='lat' dir='ltr'><strong>potentiam.</strong></span> 
     </span>
    </p>
   </div>
   <div class='ocr_carea' id='block_1_110' title="bbox 2155 5013 3650 5086">
    <p class='ocr_par' dir='ltr' id='par_1_110' title="bbox 2155 5013 3650 5086">
     <span class='ocr_line' id='line_1_110' title="bbox 2155 5013 3650 5086; baseline -0.001 -16"><span class='ocrx_word' id='word_1_703' title='bbox 2155 5015 2376 5070; x_wconf 87' lang='lat' dir='ltr'><strong>Audivit</strong></span> <span class='ocrx_word' id='word_1_704' title='bbox 2398 5013 2530 5070; x_wconf 92' lang='lat' dir='ltr'><strong>Sion</strong></span> <span class='ocrx_word' id='word_1_705' title='bbox 2558 5015 2689 5086; x_wconf 76' lang='lat' dir='ltr'><strong>quia</strong></span> <span class='ocrx_word' id='word_1_706' title='bbox 2709 5016 3008 5071; x_wconf 79' lang='lat' dir='ltr'><strong>resurrexit</strong></span> <span class='ocrx_word' id='word_1_707' title='bbox 3031 5016 3318 5082; x_wconf 90' lang='lat' dir='ltr'><strong>Dominus,</strong></span> <span class='ocrx_word' id='word_1_708' title='bbox 3346 5023 3399 5068; x_wconf 91' lang='lat' dir='ltr'><strong>et</strong></span> <span class='ocrx_word' id='word_1_709' title='bbox 3427 5029 3650 5084; x_wconf 86' lang='lat' dir='ltr'><strong>supcra-</strong></span> 
     </span>
    </p>
   </div>
   <div class='ocr_carea' id='block_1_111' title="bbox 2085 5105 3658 5177">
    <p class='ocr_par' dir='ltr' id='par_1_111' title="bbox 2085 5105 3658 5177">
     <span class='ocr_line' id='line_1_111' title="bbox 2085 5105 3658 5177; baseline -0.003 -15"><span class='ocrx_word' id='word_1_710' title='bbox 2085 5107 2290 5162; x_wconf 86' lang='lat' dir='ltr'><strong>bundat</strong></span> <span class='ocrx_word' id='word_1_711' title='bbox 2319 5121 2468 5161; x_wconf 90' lang='lat' dir='ltr'><strong>nunc</strong></span> <span class='ocrx_word' id='word_1_712' title='bbox 2495 5107 2692 5177; x_wconf 74' lang='lat' dir='ltr'><strong>gaudio</strong></span> <span class='ocrx_word' id='word_1_713' title='bbox 2724 5125 2738 5174; x_wconf 93' lang='lat'>;</span> <span class='ocrx_word' id='word_1_714' title='bbox 2777 5107 2899 5161; x_wconf 71' lang='lat' dir='ltr'><strong>ﬁlim</strong></span> <span class='ocrx_word' id='word_1_715' title='bbox 2930 5109 3049 5176; x_wconf 73' lang='lat' dir='ltr'><strong>eius</strong></span> <span class='ocrx_word' id='word_1_716' title='bbox 3083 5115 3267 5175; x_wconf 87' lang='lat' dir='ltr'><strong>aperte</strong></span> <span class='ocrx_word' id='word_1_717' title='bbox 3309 5105 3499 5159; x_wconf 69' lang='lat' dir='ltr'><strong>lanatae</strong></span> <span class='ocrx_word' id='word_1_718' title='bbox 3527 5110 3658 5158; x_wconf 83' lang='lat' dir='ltr'><strong>sunt</strong></span> 
     </span>
    </p>
   </div>
   <div class='ocr_carea' id='block_1_112' title="bbox 2089 5193 3654 5269">
    <p class='ocr_par' dir='ltr' id='par_1_112' title="bbox 2089 5193 3654 5269">
     <span class='ocr_line' id='line_1_112' title="bbox 2089 5193 3654 5269; baseline -0.001 -18"><span class='ocrx_word' id='word_1_719' title='bbox 2089 5197 2586 5268; x_wconf 87' lang='lat' dir='ltr'><strong>nuntiaveruntque</strong></span> <span class='ocrx_word' id='word_1_720' title='bbox 2623 5198 2934 5269; x_wconf 85' lang='lat' dir='ltr'><strong>discipulis,</strong></span> <span class='ocrx_word' id='word_1_721' title='bbox 2968 5199 3217 5252; x_wconf 88' lang='lat' dir='ltr'><strong>dicentes</strong></span> <span class='ocrx_word' id='word_1_722' title='bbox 3257 5213 3271 5250; x_wconf 89' lang='lat'><strong>:</strong></span> <span class='ocrx_word' id='word_1_723' title='bbox 3301 5193 3481 5250; x_wconf 79' lang='lat' dir='ltr'><strong>Nolite</strong></span> <span class='ocrx_word' id='word_1_724' title='bbox 3513 5209 3654 5250; x_wconf 81' lang='lat' dir='ltr'><strong>con-</strong></span> 
     </span>
    </p>
   </div>
   <div class='ocr_carea' id='block_1_113' title="bbox 2087 5276 3665 5352">
    <p class='ocr_par' dir='ltr' id='par_1_113' title="bbox 2087 5276 3665 5352">
     <span class='ocr_line' id='line_1_113' title="bbox 2087 5276 3665 5352; baseline -0.001 -11"><span class='ocrx_word' id='word_1_725' title='bbox 2087 5287 2321 5352; x_wconf 81' lang='lat' dir='ltr'><strong>tristari,</strong></span> <span class='ocrx_word' id='word_1_726' title='bbox 2353 5287 2619 5342; x_wconf 87' lang='lat' dir='ltr'><strong>Dominus</strong></span> <span class='ocrx_word' id='word_1_727' title='bbox 2649 5289 2770 5342; x_wconf 76' lang='lat' dir='ltr'><strong>vitae</strong></span> <span class='ocrx_word' id='word_1_728' title='bbox 2799 5287 3130 5344; x_wconf 79' lang='lat' dir='ltr'><strong>resurrexit.</strong></span> <span class='ocrx_word' id='word_1_729' title='bbox 3661 5276 3665 5286; x_wconf 79' lang='grc'><em>’</em></span> 
     </span>
    </p>
   </div>
   <div class='ocr_carea' id='block_1_114' title="bbox 2159 5370 3670 5434">
    <p class='ocr_par' dir='ltr' id='par_1_114' title="bbox 2159 5370 3670 5434">
     <span class='ocr_line' id='line_1_114' title="bbox 2159 5370 3670 5434; baseline 0.003 -4"><span class='ocrx_word' id='word_1_730' title='bbox 2159 5376 2504 5433; x_wconf 84' lang='lat' dir='ltr'><strong>Festinantes</strong></span> <span class='ocrx_word' id='word_1_731' title='bbox 2555 5386 2822 5433; x_wconf 81' lang='lat' dir='ltr'><strong>venerunt</strong></span> <span class='ocrx_word' id='word_1_732' title='bbox 2871 5392 3033 5432; x_wconf 84' lang='lat' dir='ltr'><strong>mane</strong></span> <span class='ocrx_word' id='word_1_733' title='bbox 3068 5375 3322 5431; x_wconf 86' lang='lat' dir='ltr'><strong>mulieres</strong></span> <span class='ocrx_word' id='word_1_734' title='bbox 3358 5376 3425 5431; x_wconf 84' lang='lat' dir='ltr'><strong>ad</strong></span> <span class='ocrx_word' id='word_1_735' title='bbox 3455 5370 3670 5434; x_wconf 32' lang='lat' dir='ltr'><strong>month:</strong></span> 
     </span>
    </p>
   </div>
   <div class='ocr_carea' id='block_1_115' title="bbox 2087 5464 3656 5538">
    <p class='ocr_par' dir='ltr' id='par_1_115' title="bbox 2087 5464 3656 5538">
     <span class='ocr_line' id='line_1_115' title="bbox 2087 5464 3656 5538; baseline 0.001 -17"><span class='ocrx_word' id='word_1_736' title='bbox 2087 5474 2330 5522; x_wconf 84' lang='lat' dir='ltr'><strong>mentum</strong></span> <span class='ocrx_word' id='word_1_737' title='bbox 2353 5476 2408 5521; x_wconf 84' lang='lat' dir='ltr'><strong>et</strong></span> <span class='ocrx_word' id='word_1_738' title='bbox 2438 5466 2772 5521; x_wconf 89' lang='lat' dir='ltr'><strong>inclinantes</strong></span> <span class='ocrx_word' id='word_1_739' title='bbox 2804 5481 2862 5520; x_wconf 92' lang='lat' dir='ltr'><strong>se</strong></span> <span class='ocrx_word' id='word_1_740' title='bbox 2904 5475 2959 5519; x_wconf 91' lang='lat' dir='ltr'><strong>ut</strong></span> <span class='ocrx_word' id='word_1_741' title='bbox 3002 5464 3250 5519; x_wconf 87' lang='lat' dir='ltr'><strong>viderent</strong></span> <span class='ocrx_word' id='word_1_742' title='bbox 3281 5466 3448 5529; x_wconf 78' lang='lat' dir='ltr'><strong>intus,</strong></span> <span class='ocrx_word' id='word_1_743' title='bbox 3469 5465 3656 5538; x_wconf 73' lang='lat' dir='ltr'><strong>Ange-</strong></span> 
     </span>
    </p>
   </div>
   <div class='ocr_carea' id='block_1_116' title="bbox 2089 5557 3660 5628">
    <p class='ocr_par' dir='ltr' id='par_1_116' title="bbox 2089 5557 3660 5628">
     <span class='ocr_line' id='line_1_116' title="bbox 2089 5557 3660 5628; baseline 0 -15"><span class='ocrx_word' id='word_1_744' title='bbox 2089 5559 2200 5613; x_wconf 90' lang='lat' dir='ltr'><strong>lum</strong></span> <span class='ocrx_word' id='word_1_745' title='bbox 2231 5567 2638 5628; x_wconf 83' lang='lat' dir='ltr'><strong>conspexerunt</strong></span> <span class='ocrx_word' id='word_1_746' title='bbox 2682 5557 2821 5611; x_wconf 87' lang='lat' dir='ltr'><strong>albis</strong></span> <span class='ocrx_word' id='word_1_747' title='bbox 2858 5557 3113 5611; x_wconf 84' lang='lat' dir='ltr'><strong>vestitum</strong></span> <span class='ocrx_word' id='word_1_748' title='bbox 3144 5572 3304 5626; x_wconf 90' lang='lat' dir='ltr'><strong>quem</strong></span> <span class='ocrx_word' id='word_1_749' title='bbox 3338 5558 3660 5626; x_wconf 73' lang='lat' dir='ltr'><strong>stupefactae</strong></span> 
     </span>
    </p>
   </div>
   <div class='ocr_carea' id='block_1_117' title="bbox 2089 5647 3661 5712">
    <p class='ocr_par' dir='ltr' id='par_1_117' title="bbox 2089 5647 3661 5712">
     <span class='ocr_line' id='line_1_117' title="bbox 2089 5647 3661 5712; baseline 0.002 -10"><span class='ocrx_word' id='word_1_750' title='bbox 2089 5648 2378 5704; x_wconf 86' lang='lat' dir='ltr'><strong>audierunt</strong></span> <span class='ocrx_word' id='word_1_751' title='bbox 2407 5649 2680 5704; x_wconf 88' lang='lat' dir='ltr'><strong>dicentem</strong></span> <span class='ocrx_word' id='word_1_752' title='bbox 2717 5647 2931 5703; x_wconf 78' lang='lat' dir='ltr'><strong>:Nolite</strong></span> <span class='ocrx_word' id='word_1_753' title='bbox 2996 5649 3206 5712; x_wconf 88' lang='lat' dir='ltr'><strong>timere,</strong></span> <span class='ocrx_word' id='word_1_754' title='bbox 3250 5664 3376 5702; x_wconf 83' lang='lat' dir='ltr'><strong>vere</strong></span> <span class='ocrx_word' id='word_1_755' title='bbox 3419 5649 3661 5705; x_wconf 75' lang='lat' dir='ltr'><strong>surrexit</strong></span> 
     </span>
    </p>
   </div>
   <div class='ocr_carea' id='block_1_118' title="bbox 2094 5737 2382 5793">
    <p class='ocr_par' dir='ltr' id='par_1_118' title="bbox 2094 5737 2382 5793">
     <span class='ocr_line' id='line_1_118' title="bbox 2094 5737 2382 5793; baseline 0.003 -2"><span class='ocrx_word' id='word_1_756' title='bbox 2094 5737 2382 5793; x_wconf 84' lang='lat' dir='ltr'><strong>Dominus.</strong></span> 
     </span>
    </p>
   </div>
   <div class='ocr_carea' id='block_1_119' title="bbox 2155 5825 3655 5899">
    <p class='ocr_par' dir='ltr' id='par_1_119' title="bbox 2155 5825 3655 5899">
     <span class='ocr_line' id='line_1_119' title="bbox 2155 5825 3655 5899; baseline 0.005 -19"><span class='ocrx_word' id='word_1_757' title='bbox 2155 5826 2369 5883; x_wconf 79' lang='lat' dir='ltr'><strong>Nostris</strong></span> <span class='ocrx_word' id='word_1_758' title='bbox 2393 5825 2776 5898; x_wconf 68' lang='lat' dir='ltr'><strong>gloriﬁcamus</strong></span> <span class='ocrx_word' id='word_1_759' title='bbox 2815 5835 2866 5884; x_wconf 85' lang='lat' dir='ltr'><strong>te</strong></span> <span class='ocrx_word' id='word_1_760' title='bbox 2899 5827 3136 5899; x_wconf 82' lang='lat' dir='ltr'><strong>hymnis,</strong></span> <span class='ocrx_word' id='word_1_761' title='bbox 3174 5826 3342 5899; x_wconf 71' lang='lat' dir='ltr'><strong>Virgo</strong></span> <span class='ocrx_word' id='word_1_762' title='bbox 3384 5826 3494 5884; x_wconf 81' lang='lat' dir='ltr'><strong>Deo</strong></span> <span class='ocrx_word' id='word_1_763' title='bbox 3525 5825 3655 5888; x_wconf 69' lang='grc' dir='ltr'>ειη-</span> 
     </span>
    </p>
   </div>
  </div>
