3986 6236
542 390 646 462 943

1321 383 1378 452 s’.
1417 393 1835 452 sornnoxu
1875 391 2383 451 PATmARcmE
2418 367 2822 452 IIIEROSO'L.

3629 398 3756 486 του

501 509 739 571 rissima,
767 503 1162 576 splendidaque
1198 503 1372 557 nubes
1419 503 1551 557 solis
1611 508 1820 554 mentes
1875 498 2071 552 illumi-

2185 497 2552 568 Θεοχαρίτωτε
2579 541 2592 563 ,
2666 498 2959 568 ὑμνοῦντες
3014 498 3357 568 δοξάζομεν·
3414 499 3518 560 τὰς
3543 502 3756 572 καρδίας

495 598 704 663 nantis,
733 597 983 652 illumina
1016 596 1183 651 corda
1221 601 1431 657 nostra,
1456 606 1658 662 sponsa
1687 591 1802 656 Dei,
1838 591 2066 661 ignaviae

495 702 703 747 nostra
729 688 1130 756 libidinumque
1166 686 1422 740 tenebras
1453 685 1748 752 dissipans.

1023 779 1230 833 lEterni
1270 777 1476 830 Patris.

561 873 758 928 Statim
796 881 860 928 ut
888 873 970 927 sul
995 872 1124 926 vidit
1149 879 1203 925 te
1259 869 1438 924 Solem
1482 868 1710 938 justitize
1763 875 2064 936 etpansum

495 965 551 1019 in
579 981 774 1032 cruce,
808 965 1049 1019 contexit
1082 964 1280 1028 lucem,
1315 972 1482 1030 petrae
1515 961 1700 1016 scissae
1719 969 1847 1015 sunt
1878 967 2066 1027 stupe-

495 1055 676 1120 factae,
732 1057 982 1111 infernus
1043 1056 1253 1125 absque
1315 1069 1470 1108 mora
1513 1069 1650 1122 quos
1707 1052 2067 1106 absorbuerat

493 1147 752 1211 reddidit,
787 1157 934 1200 tuam
965 1145 1304 1200 celebrantes
1345 1142 1750 1207 fortitudinem,
1781 1156 1874 1211 per
1903 1155 2063 1210 quam

491 1236 680 1290 vivunt
706 1250 918 1301 omnes,
947 1235 1318 1303 omnipotens.

558 1326 852 1382 Evacuatis
911 1325 1310 1394 omnipotentia
1367 1336 1468 1378 sua
1499 1319 1822 1376 insatiabilis
1863 1316 2061 1374 inferni

492 1416 828 1487 gurgitibus,
859 1413 1164 1469 resurrexit
1189 1413 1242 1466 in
1287 1413 1458 1482 gloria
1491 1413 1584 1482 qui
1639 1420 1724 1466 est
1752 1425 1916 1480 super
1943 1424 2063 1462 om-

489 1525 584 1563 nes
611 1507 764 1573 deos,
804 1514 859 1562 et
888 1506 1043 1560 visus
1091 1513 1175 1559 est
1205 1504 1490 1576 discipulis
1517 1521 1532 1569 ;
1568 1505 1710 1558 hunc
1743 1518 1866 1556 cum
1904 1499 2064 1555 Patre

487 1598 783 1666 divinoque
819 1595 1023 1664 Spiritu
1049 1594 1361 1650 adoremus.

554 1687 804 1742 Surrexit
858 1686 1119 1740 Dominus
1181 1699 1557 1754 apparensqne
1601 1683 1655 1738 in
1688 1683 1896 1738 tumulo
1930 1697 2062 1736 san-

485 1791 607 1832 cms
634 1777 874 1847 Angelus
907 1784 1150 1829 aromata
1183 1774 1480 1828 ferentibus
1514 1773 1683 1827 dixit:
1714 1772 1875 1828 Abite
1893 1780 1945 1827 et
1975 1773 2059 1826 di-

2174 589 2331 656 ἡμῶν
2374 587 2606 656 φώτισον
2627 630 2639 653 ,
2670 588 2758 641 τὸν
2792 590 3096 658 σκοτασμὸν
3128 590 3414 644 διώκουσα
3449 591 3626 645 πάντα
3669 595 3756 662 τῆς

2176 676 2442 748 ῥᾳθυμίας
2471 678 2560 729 καὶ
2584 677 2691 729 τῶν
2720 677 2926 741 παθῶν,
2949 679 3362 750 Θεονύμφευτε.

2604 768 2892 838 Ἀνάρχου
2930 772 2980 823 Γ
2980 770 3333 840 εννήτορος.

2225 849 2310 922 Ὦς
2326 854 2427 912 εῐδέ
2447 876 2504 912 σε
2524 859 2692 928 ἥλιος,
2706 860 3049 930 δικαιοσύνης
3069 861 3251 927 Ἥλιε,
3272 864 3334 915 ἐν
3355 862 3754 934 σταυρῷήπλωέ

2175 949 2356 1018 μένον,
2383 949 2442 1001 τὸ
2471 950 2585 1018 φῶς
2622 949 2924 1002 συνέστειλε
2945 990 2959 1014 ,
2992 954 3186 1021 πέτραι
3208 953 3268 1004 δὲ
3305 955 3652 1024 ἐρρήγνυντο
3676 957 3753 1022 φό-

2173 1041 2270 1110 δῳ,
2302 1040 2435 1111 ᾅδης
2471 1042 2696 1111 νεκροὺς
2716 1043 2882 1114 τάχος
2913 1043 3163 1097 ἀπεδίδου
3197 1045 3523 1115 ὑμνοῦντας
3549 1045 3608 1100 τὸ
3630 1048 3752 1118 κράέ

2169 1147 2258 1195 τος
2295 1149 2408 1198 σου,
2435 1133 2682 1187 Ζωοδότα
2709 1133 3106 1206 παντοδύναμε.

2242 1301 2345 1366 Τοῦ
2376 1298 2502 1385 ᾅδου
2531 1303 2628 1383 τὴν
2654 1313 2926 1386 ἄπληστον
2955 1303 3198 1385 γαστέρα
3241 1307 3272 1368 ὅ
3309 1315 3614 1388 ’Υπέρθεος
3650 1336 3746 1372 ’ττιει⁸

2171 1405 2405 1474 ραδόξως
2434 1405 2677 1469 κενώσας
2705 1405 2780 1469 ὡς
2809 1405 3238 1476 παντοδύναμος,
3270 1407 3376 1478 ήδη
3409 1407 3667 1478 ἐξανέστη
3695 1411 3746 1462 ἐν

2167 1494 2313 1566 δόξῃ,
2347 1497 2440 1549 καὶ
2468 1496 2735 1567 μαθηταῖς
2763 1497 2927 1561 θείοις
2965 1497 3263 1568 καθωράοη
3282 1513 3295 1527 ⁸
3323 1499 3492 1553 αὑτὸν
3523 1517 3744 1569 προσκνο

2167 1587 2420 1658 νήσωμεν
2452 1591 2549 1642 σὺν
2583 1589 2758 1659 Πατρὶ
2788 1591 2881 1642 καὶ
2911 1589 3039 1660 θείῳ
3068 1584 3380 1659 Πνεύματι,

2238 1679 2477 1752 Ἠγέρθη
2507 1680 2535 1733 ὁ
2567 1679 2790 1750 Κύριος,
2815 1682 2933 1743 ταῖς
2961 1670 3306 1752 ’μυροφόροις
3338 1681 3545 1752 ἔφησεν
3581 1684 3608 1734 ὁ
3651 1700 3739 1751 (pa-

2168 1775 2278 1836 ve‘t;
2315 1775 2370 1826 ὲν
2396 1772 2471 1842 τῷ
2497 1772 2653 1842 τάφῳ
2686 1773 2837 1840 ἅγιος
2873 1773 3122 1841 ἄγγελος
3164 1774 3392 1836 Ἀπιτε,
3446 1774 3542 1826 καὶ
3576 1775 3735 1827 είπετε

486 1869 716 1937 scipulis
756 1868 1007 1923 tristibus
1034 1865 1397 1932 dentibusque
1441 1881 1588 1920 nunc
1613 1865 1666 1920 in
1717 1866 1938 1920 Galilaea
1969 1864 2054 1919 di-

2164 1865 2317 1919 τοῦτο
2362 1865 2475 1926 τοῖς
2523 1863 2794 1933 μαθηταῖς
2840 1865 2898 1916 ὲν
2927 1865 2994 1934 τῇ
3039 1862 3304 1934 Γαλιλαίᾳ
3353 1863 3610 1919 πενθοῦσι
3652 1865 3733 1918 καὶ

483 1960 590 2014 cite
610 1959 738 2028 quia
767 1958 839 2014 ibi
879 1965 1006 2012 sunt
1046 1958 1201 2011 illum
1236 1958 1611 2025 conspecluri.

547 2049 593 2104 0
641 2048 1020 2114 Immaculata,
1053 2048 1224 2102 libera
1263 2055 1366 2102 nos
1393 2062 1422 2100 a
1457 2050 1844 2114 tentationum,
1881 2047 2055 2102 tribu-

485 2140 750 2194 lationum
777 2139 1177 2208 libidinumque
1208 2139 1464 2208 procellis
1492 2156 1508 2200 ;
1549 2129 1716 2193 libera
1749 2152 1778 2192 a
1806 2137 2052 2193 tenebris

481 2247 511 2284 a
575 2231 972 2301 multiplicibus
1035 2230 1238 2286 diaboli
1300 2229 1619 2297 tendiculis,
1669 2241 1722 2285 et
1772 2229 2053 2284 Christum

479 2323 648 2378 Deum
680 2331 928 2378 nostrum
964 2321 1339 2378 indesinenter
1397 2323 1693 2393 deprecare
1754 2338 1852 2392 pro
1895 2321 2054 2377 nobis

478 2416 570 2485 qui
607 2423 659 2469 te
683 2430 900 2484 semper
930 2425 980 2469 ut
1015 2414 1229 2469 beatam
1275 2415 1638 2484 celebramus.

630 2502 876 2564 Gloriﬁco
909 2513 976 2567 te,
1005 2499 1246 2566 Domine,
1279 2502 1406 2571 quia
1445 2499 1760 2555 exaudivisti
1793 2516 1892 2555 me.

546 2588 684 2644 Cum
709 2590 762 2642 in
801 2604 1019 2643 crucem
1043 2587 1366 2650 ascendisti,
1388 2580 1636 2650 Domine,
1660 2602 1763 2640 non
1788 2586 2053 2641 amiseras

477 2688 823 2752 potestatem,
858 2687 913 2735 et
947 2677 1293 2734 descendens
1351 2694 1474 2734 cum
1516 2679 1697 2732 anima
1734 2680 1790 2732 in
1846 2677 2052 2733 inferos

476 2772 728 2826 exemisti
762 2771 975 2825 animas
1005 2785 1034 2822 a
1064 2770 1302 2826 vinculis
1333 2772 1556 2826 aeternis
1583 2785 1720 2842 quas
1743 2779 1922 2826 tecum
1952 2773 2054 2826 mi-

477 2862 715 2916 sericors
741 2862 1116 2918 exsuscitasti.

538 2953 730 3008 Vectes
747 2965 801 3008 ct
826 2963 1011 3024 portas
1034 2954 1231 3010 inferni
1254 2955 1579 3010 mirabiliter
1599 2955 1646 3008 vi
1672 2955 1890 3025 propria
1915 2971 2052 3010 con-

477 3045 717 3116 fregisti,
751 3043 1003 3114 Domine,
1040 3047 1095 3100 in
1129 3046 1406 3102 desertum
1447 3047 1766 3100 convertisti
1821 3047 2048 3110 inferos,

476 3138 661 3206 itaque
686 3137 1118 3192 misericordiam
1149 3145 1300 3192 tuam
1321 3137 1899 3206 resurrectionemque
1925 3139 2044 3209 glo-

475 3231 677 3284 riosam
709 3230 1211 3299 conglorificamns.

537 3319 792 3374 Mulieres
851 3326 1120 3373 venerunt
1173 3319 1239 3373 ad
1290 3319 1601 3388 ungendum
1634 3334 1836 3389 corpus
1893 3329 2046 3376 tuum

473 3412 770 3481 gloriosum
801 3411 856 3464 in
897 3417 1271 3474 monumento,
1304 3410 1395 3463 ubi
1447 3411 1670 3464 invento
1702 3413 1896 3481 angelo
1947 3429 2050 3468 se-

472 3503 636 3556 dente
686 3503 883 3554 timore
915 3501 1322 3566 obstupuerunt
1351 3519 1365 3568 ;
1401 3515 1508 3554 una
1531 3516 1655 3554 cum
1698 3503 1766 3557 iis
1801 3504 2049 3559 celebra-

473 3609 594 3645 mus
625 3600 678 3645 te
711 3608 737 3643 a
770 3590 1022 3658 sepulcro
1045 3592 1396 3645 suscitatum.

550 3685 810 3738 Sanctum
846 3684 938 3754 qui
983 3693 1208 3740 sanctos
1251 3694 1474 3755 supcrat
1535 3686 1674 3741 ultra
1708 3687 1853 3757 quod
1887 3703 2050 3742 exco-

475 3776 638 3848 gitari
687 3784 863 3845 potest
911 3778 1198 3846 peperisti,
1241 3777 1496 3846 Deipara,
1537 3778 1743 3848 quique
1778 3778 2051 3834 mediante

479 3879 552 3930 te,
588 3874 937 3935 peccatorum
963 3867 1104 3920 dans
1152 3867 1530 3921 remissionem
1567 3867 1819 3920 liberavit
1845 3869 2073 3924 sancti-.

473 3959 655 4012 licavit
687 3957 873 4013 ﬁdeles
906 3965 1053 4014 tuam
1092 3959 1438 4014 celebrantes
1472 3960 1951 4015 resurrectionem.

1032 4069 1219 4142 Reguli
1244 4071 1482 4127 decreto.

545 4189 926 4247 Exsultatione
952 4199 1042 4243 tua
1069 4204 1236 4258 super
1263 4204 1483 4244 crucem
1518 4196 1768 4245 naturam
1796 4191 2048 4246 exaltasti

471 4283 786 4349 humanam,
815 4282 1056 4344 Christe,
1079 4289 1134 4335 et
1159 4281 1212 4334 in
1237 4281 1590 4337 tenebrosum
1642 4297 1831 4337 orcum
1860 4283 2048 4340 detru-

470 4375 598 4427 disti
631 4372 799 4426 Satan
826 4371 1107 4439 delapsum
1145 4370 1215 4425 ab
1248 4371 1536 4428 altitudine
1579 4373 1726 4438 coeli,
1751 4381 1806 4428 et
1855 4389 2049 4429 exsur-

470 4479 604 4532 gens
642 4479 672 4518 e
701 4464 912 4518 tumulo
947 4471 1178 4517 mortem
1215 4464 1489 4534 spoliasti.

2157 1955 2425 2019 κλαίουσι,
2461 1954 2555 2008 τοῦ
2595 1954 2760 2008 αὑτὸν
2793 1955 2910 2006 ἐκεῖ
2937 1953 3262 2009 θεάσασθαι.

2237 2037 2546 2116 Ῥυσθῆναι,
2561 2043 2900 2115 Πανάμωμε,
2928 2045 2992 2098 ἐκ
3015 2045 3365 2115 πειρασμῶν,
3383 2046 3475 2101 καὶ
3494 2045 3736 2116 θλίψεων,

2155 2134 2250 2188 καὶ
2282 2133 2471 2187 παθῶν
2513 2135 2824 2201 καταιγίδος
2846 2177 2861 2201 ,
2908 2135 3004 2188 καὶ
3049 2137 3472 2206 ἀμαυρώσεως,
3507 2138 3599 2190 καὶ
3631 2137 3726 2188 τῶν

2155 2225 2508 2280 πολυπλόκων
2559 2225 2804 2293 παγίδων
2850 2225 2942 2279 τοῦ
2982 2224 3257 2297 Πονηροῦ,
3295 2227 3538 2281 δυσώπει
3565 2225 3722 2280 ἀπαύ-

2155 2331 2295 2376 στως
2323 2313 2560 2384 Χριστὸν
2582 2314 2672 2368 τὸν
2697 2313 2828 2368 Θεὸν
2853 2317 2886 2385 ἡ
2897 2315 3033 2387 μῶν,
3059 2315 3168 2369 τῶν
3193 2318 3285 2370 ἀεί
3317 2334 3378 2370 σε
3411 2317 3722 2388 μακαριζόν-

2151 2421 2284 2460 των.

2480 2496 2676 2567 ’Υμνῶ
2713 2511 2812 2550 σε’
2849 2495 3044 2566 ἀκοὴν
3070 2498 3422 2568 γὰρ,Κύριε.

2225 2578 2480 2659 Ἀνῆλθες
2508 2585 2566 2643 ἐν
2597 2587 2833 2668 σταυρῷ,
2863 2590 3056 2661 Κύριε,
3085 2587 3412 2645 δυναστείαν
3441 2587 3708 2659 διεζωσμίο

2152 2695 2260 2743 νος,
2292 2678 2385 2732 καὶ
2415 2675 2688 2732 κατελθὼν
2716 2677 3056 2748 εὔσπλαγχνε
3087 2681 3227 2750 μετὰ
3247 2679 3433 2750 ψυχῆς
3461 2680 3610 2750 μέχρι
3631 2675 3708 2730 τοῦ

2153 2765 2304 2840 ᾅδου,
2333 2769 2512 2841 ψυχὰς
2564 2771 2798 2826 αἰωνίων
2847 2771 3062 2843 δεσμῶν
3108 2771 3334 2838 ἔλυσας,
3365 2773 3459 2825 καὶ
3504 2765 3704 2838 σεαυτῷ,

2151 2863 2455 2934 οἰκτίρμον.
2487 2867 2907 2937 συνανέστησας.

2222 2956 2528 3026 Συντρίψας
2575 2957 2698 3022 τοὺς
2752 2956 3012 3027 μοχλοὺς,
3044 2955 3218 3028 Κύριε
3247 2999 3261 3023 ,
3296 2958 3390 3010 καὶ
3436 2955 3530 3018 τὰς
3563 2952 3708 3013 πύλας

2117 3083 2129 3097 ,
2152 3049 2395 3120 φρικτῶς
2430 3049 2524 3102 τοῦ
2560 3043 2688 3120 ᾅδου
2727 3048 2872 3120 ἰσχύϊ
2901 3066 3016 3109 σου,
3040 3050 3315 3116 Δέσποτα,
3336 3050 3598 3108 ὲκένωσας
3629 3041 3706 3096 αὑ-

2153 3139 2248 3193 τοῦ
2285 3139 2376 3192 τὸν
2406 3139 2664 3192 πλοῦτονι
2706 3139 2785 3192 διὸ
2814 3138 2910 3208 τὴν
2949 3139 3152 3209 πολλήν
3187 3155 3288 3193 σου
3318 3135 3697 3208 συγκατάὸασιν

2074 3201 2118 3260 c
2153 3231 2246 3285 καὶ
2275 3231 2374 3303 τὴν
2404 3230 2604 3301 σεπτὴν
2635 3201 2928 3284 ἀνάστασιν
2965 3201 3288 3299 δοξάζομεν.

2220 3326 2465 3396 Μυρίσαι
2511 3325 2572 3376 τὸ
2621 3324 2816 3378 σεπτὸν
2859 3323 3020 3393 σῶμά
3053 3324 3243 3376 σου“ὲν
3273 3321 3352 3394 τῷ
3379 3322 3530 3392 τάφῳ
3566 3313 3701 3388 ἦλθον

2151 3419 2440 3486 γυναῖκες·
2494 3415 2752 3486 εὑροῦσαι
2796 3416 2851 3468 δὲ
2901 3414 3134 3484 ἄγγελον
3169 3415 3482 3484 καθήμενον
3509 3409 3592 3464 ἐπὶ
3623 3403 3696 3458 τοῦ

2150 3509 2343 3578 τάφου,
2395 3506 2620 3578 Χριστὲ,
2669 3505 2941 3560 δειλιῶσαι
2993 3505 3451 3576 κατεπλάγησαν·
3501 3499 3609 3572 μεθ’
3638 3489 3697 3550 ὧν

2151 3599 2556 3670 ὐμνολογοῦμέν
2584 3616 2676 3652 σου
2704 3597 2801 3669 τὴν
2831 3597 3068 3668 ἔγερσιν.

2233 3690 2432 3759 Ἀγίων
2469 3691 2610 3759 ὑπὲρ
2640 3688 2765 3742 νοῦν
2796 3688 2886 3741 τὸν
2901 3690 3088 3754 Ἂγιον
3113 3688 3456 3759 ἀπεκύησας,
3478 3680 3703 3750 Θεοτόκε,

2153 3784 2423 3851 ἁγιασμδν
2448 3781 2716 3853 λύτρωσιν
2745 3781 2838 3834 καὶ
2861 3781 3054 3849 ἄφεσιν
3073 3779 3491 3852 ἁμαρτημάτων
3516 3769 3689 3828 πιστοῖς

2155 3875 2402 3944 μεσιτείᾳ
2451 3890 2545 3926 σου
2595 3870 2903 3942 παρέχοντα
2933 3872 3048 3934 τοῖς
3091 3871 3188 3941 τὴν
3217 3869 3383 3924 αὑτοῦ
3415 3862 3689 3933 δοξάζουσιν

2155 3965 2472 4021 ἀνάστασιν.

2509 4078 2592 4144 Τῷ
2623 4077 2868 4148 δόγματι
2904 4075 2984 4144 τῷ
3019 4069 3374 4145 τυραννικῷ.

2219 4191 2538 4261 Ἀνύψωσας
2567 4190 2724 4260 φύσιν
2748 4191 2857 4243 τῶν
2885 4189 3111 4261 βροτῶν,
3140 4188 3366 4259 Χριστὲ,
3391 4186 3455 4255 τῇ
3485 4183 3538 4234 ὲν
3556 4189 3684 4232 atav-

2152 4284 2231 4356 ρῷ
2265 4300 2357 4336 σου
2391 4281 2685 4350 ἀνυψώσει,
2715 4283 2808 4336 καὶ
2837 4283 2928 4335 τὸν
2955 4282 3013 4348 ἐξ
3047 4281 3216 4350 ὖψους
3245 4278 3475 4332 πεσόντα
3495 4264 3681 4340 Ἐχθρδν

2149 4379 2228 4440 εἰς
2250 4377 2380 4446 χάος
2406 4375 2736 4448 ἀπέρριψας,
2765 4375 2858 4427 καὶ
2883 4374 3073 4442 ταφεὶς
3104 4369 3400 4442 ἐξηγέρθης
3425 4356 3678 4418 σκυλεύσας

2149 4470 2240 4522 τδν
2269 4469 2519 4523 θάνατον.

545 4555 860 4610 Coutrivisti
889 4565 1073 4610 vectes
1117 4555 1313 4611 inferni
1354 4566 1410 4612 et
1466 4558 1523 4613 in
1580 4559 1900 4614 fortitudine
1950 4570 2044 4616 tua

2219 4561 2550 4632 Συνέτριψας
2583 4561 2710 4633 ᾅδου
2744 4562 2870 4625 τοὺς
2903 4561 3154 4630 μοχλοὺς,
3190 4556 3286 4612 καὶ
3321 4555 3442 4617 τοὺς
3473 4535 3672 4608 πεπὶδη·

461 4649 682 4702 ‘vinctos
709 4649 944 4704 suscitas
997 4648 1159 4703 simul
1213 4650 1610 4735 glorificantes,
1639 4666 1788 4708 tuam
1845 4664 2041 4724 poten-

471 4740 600 4794 tiam
624 4749 676 4796 et
697 4750 842 4796 tuam
871 4757 899 4794 a
918 4750 1270 4797 monumento
1299 4745 1761 4801 resurrectionem
1785 4755 1908 4816 post
1931 4756 2043 4805 tres

467 4832 608 4888 dies.

540 4923 726 4979 Sancti
767 4939 889 4979 cum
923 4925 1181 4980 viderunt
1232 4933 1286 4980 te
1353 4925 1506 4991 olim,
1536 4923 1776 4991 Christe,
1808 4929 2040 4997 ap05toli

465 5029 774 5086 surgentem
799 5034 828 5072 e
853 5019 1105 5088 sepulcro
1133 5032 1256 5070 cum
1275 5015 1676 5087 gloria,repleti
1695 5021 2041 5090 suntgaudio

467 5110 946 5180 clamaveruntque
979 5130 990 5166 :
1022 5110 1340 5166 Benedicite
1376 5109 1633 5165 Domino.

533 5201 735 5257 Luctus
789 5211 936 5268 tuus,
971 5202 1322 5256 immaculata
1370 5199 1557 5271 Virgo,
1617 5217 1812 5258 versus
1847 5211 1930 5258 est
1982 5205 2039 5261 in

393 5363 396 5366 _
460 5294 746 5365 gaudium,
778 5310 900 5349 cum
929 5295 1114 5350 vidisti
1139 5295 1416 5370 Christum
1444 5296 1640 5351 Filium
1667 5307 1818 5352 tuum
1846 5315 1909 5352 ac
1934 5297 2038 5354 Do-

463 5384 671 5436 minum
701 5385 854 5438 tertia
897 5385 984 5439 die
1015 5396 1386 5457 resurgentem
1443 5387 1497 5441 in
1533 5388 1704 5458 gloria
1741 5390 2038 5443 mundum-

458 5490 566 5546 que
601 5473 1027 5531 illuminantem.

995 5591 1100 5657 Qui
1130 5603 1250 5648 ante
1270 5593 1469 5650 Solem.

519 5697 832 5756 Misericors
865 5703 1030 5772 Deus,
1067 5708 1218 5761 visus
1243 5723 1304 5762 es
1341 5707 1534 5762 aﬂixus
1562 5707 1714 5762 cruci
1771 5705 1912 5762 duos
1948 5707 2034 5762 in-

458 5795 542 5843 ter
577 5788 848 5862 latrones;
883 5798 1092 5863 positus
1120 5812 1251 5852 vero
1285 5798 1337 5852 in
1371 5800 1488 5854 lacu
1523 5796 1769 5853 inferiori
1797 5812 2033 5854 consur-

2147 4653 2342 4723 μένους
2392 4653 2450 4705 ὲν
2499 4632 2742 4724 ἀνδρείᾳ.
2775 4650 2999 4724 Χριστὲ,
3027 4649 3309 4719 δεσμώτας
3338 4644 3569 4712 ἐγείρειςς
3599 4632 3674 4696 τὴν

2144 4746 2244 4817 σὴν
2273 4745 2592 4812 δοξάζοντας
2615 4747 2878 4816 δύναμιν,
2916 4742 3010 4796 καὶ
3052 4741 3149 4814 τὴν
3199 4743 3265 4796 ὲκ
3305 4736 3400 4793 τοῦ
3447 4724 3670 4805 μνημείου

2141 4837 2439 4907 τριήμερον
2464 4837 2701 4907 ἔγερσιν.
3487 4910 3511 4914 Α
3622 4900 3632 4914 .

2221 4927 2311 4990 Ὣς
2355 4926 2549 5003 ἔϐλεψε
2601 4927 2766 4981 πάλαι
2817 4945 2876 4982 σε
2927 4925 3082 4998 χορὸς
3111 4925 3281 4992 ἁγίων
3306 4910 3667 5008 ἀποστόλωνσῧξ

2141 5019 2234 5073 τοῦ
2284 5020 2453 5089 τάφου
2487 4996 2874 5091 Γἐγηγερμένον
2924 4996 3158 5092 δόξῃ,
3190 5012 3408 5086 Χριστὲ.
3442 4996 3666 5071 θυμηδίας

2141 5109 2376 5181 είλιτκτλεθίῖ
2409 5109 2667 5180 γεγονὼς,
2697 5110 3009 5178 Εὐλογεῖτε,
3037 5109 3193 5174 ὲδόα,
3219 5106 3307 5159 τὸν
3336 5100 3539 5163 Κύριον.

2210 5203 2284 5256 Τὸ
2315 5173 2508 5266 rabidos
2542 5173 2943 5272 σοι,”Αχραντε
2977 5200 3134 5272 ἁγνὴ,
3165 5198 3369 5269 ἐτράπη
3401 5190 3474 5250 ⁸ίῖ
3503 5173 3661 5274 κέρᾳ

2141 5296 2302 5366 ἡνίκα
2337 5291 2475 5360 εἶδες
2520 5297 2610 5348 τὸν
2659 5270 2753 5348 σὺν
2769 5270 2904 5348 Ϋίδν
2951 5293 3045 5347 καὶ
3084 5270 3354 5356 Δεσπότήν
3385 5270 3590 5366 Χριστρν
3612 5270 3661 5366 δέ

2138 5362 2347 5458 νεκρῶν
2398 5390 2693 5458 τριήμερον
2739 5385 3047 5439 ἀναστάντα
3094 5385 3152 5437 ὲν
3194 5381 3340 5450 δόξῃ.
3369 5371 3456 5428 καὶ
3493 5362 3661 5424 κόσμον

2139 5479 2279 5545 φωτί
2287 5496 2472 5532 σαντα.

2635 5592 2701 5647 Ἦ
2734 5591 2841 5645 τὸν
2878 5589 2992 5658 πρὸ
3029 5589 3229 5657 ἡλίου.

2211 5707 2418 5775 Ὠφοης
2441 5706 2602 5775 μέσον
2625 5705 2718 5758 δύο
2737 5704 2950 5777 λῃστῶν
2971 5705 3397 5774 ἐσταυρωμένος,
3422 5672 3648 5777 toi-.209:

2137 5756 2456 5861 καταέεοὲὶξ
2487 5797 2543 5851 ἐν
2575 5756 3084 5870 λάκκῳέιατωτάτῳ
3105 5756 3159 5849 δέ
3185 5756 3304 5854 τοὺς
3325 5790 3378 5840 ὲν
3405 5774 3561 5833 σκότει
3579 5756 3651 5814 καὶ
