3986 6236
425 432 564 497 396⁷1

1284 433 1344 492 S.
1378 428 1796 491 SOPIIRONII
1838 426 2340 488 PATRIARCHE
2373 427 2778 490 HlEROSOL.

3555 438 3712 501 3968

492 547 822 604 Mirantibus
849 546 1232 602 ascensionem
1263 554 1413 601 tuam
1454 544 1742 614 discipulis
1795 540 2003 596 sanctis

2176 538 2280 593 Σοῦ
2342 539 2441 610 τὴν
2473 539 2624 594 θείαν
2661 540 2848 596 ἄνοδον
2885 539 3272 613 θαυμαζόντων
3325 543 3487 602 θείων
3519 554 3709 628 μαεη-

423 657 547 698 sese
579 639 869 695 oﬂ‘erentes
892 639 1070 709 angeli
1105 639 1414 694 clamabant
1449 637 1655 704 :Quem
1677 635 2002 704 conspicitis

2151 631 2233 697 Iw,
2265 632 2574 704 ἐπέστησαν
2609 634 2867 704 ἐμφανῶς
2901 635 3124 704 ἄγγελοι
3158 637 3376 705 αὐτοῖς,
3441 641 3710 709 βοιῖρντες,

423 741 641 788 euntem
695 733 751 788 in
801 732 1045 799 emlum,‘
1085 731 1176 787 ille
1234 731 1418 787 veniet
1453 745 1578 785 cum
1613 728 1788 799 gloria
1823 734 1880 782 ut
1907 727 2001 798 ju—

423 825 569 884 dicet
597 827 884 880 mundum.

499 916 649 972 llauc
703 932 868 988 quam
921 917 1051 971 oli‘m
1101 916 1303 974 dedisti
1356 914 1643 985 discipulis
1697 928 1910 983 pacem,
1969 925 2018 967 ον

427 1009 667 1073 Christe,
721 1011 848 1064 dttm
891 1009 1214 1064 ascenderes
1272 1010 1325 1063 in
1387 1010 1609 1072 ctelum,
1665 1009 1804 1063 hanc
1850 1005 2006 1060 nobis

427 1103 613 1158 emitte
643 1118 867 1159 servans
894 1119 999 1179 nos
1036 1104 1088 1158 iu
1122 1104 1395 1160 charitate
1433 1103 1625 1167 multa,
1673 1109 1732 1156 ut
1762 1100 2004 1156 unanimi

427 1190 561 1248 voce
591 1203 641 1248 te
675 1195 1122 1251 concelebremus
1156 1195 1516 1250 Salvatorem.

499 1282 638 1339 Vere
655 1285 1036 1353 splendescere
1055 1286 1230 1342 fecisti
1252 1293 1418 1354 sapor
1439 1298 1537 1340 nos
1557 1285 1740 1340 radios
1769 1284 1899 1340 solis
1917 1285 2007 1353 qui

429 1376 948 1440 mentesilluminat,
981 1393 1014 1432 0
1033 1379 1325 1448 purissima
1349 1377 1536 1447 Virgo.
1572 1385 1624 1431 et
1660 1393 1755 1446 per
1772 1391 1930 1445 quem
1945 1377 2006 1428 'in

433 1468 625 1522 umbea
660 1470 854 1522 mortis
890 1470 1146 1524 sedentes
1185 1470 1440 1524 viderunt
1469 1471 1769 1540 agnitionis
1798 1471 2008 1536 lumen,

432 1567 486 1615 te
513 1575 623 1630 prae
655 1562 984 1631 gratitudine
1019 1562 1325 1618 laudantes.

823 1653 946 1708 Non
977 1655 1417 1725 gloriﬁrabuntur
1455 1657 1618 1724 impii.

503 1744 732 1801 Terram
787 1748 1107 1815 relinquens
1165 1749 1230 1802 ad
1279 1749 1476 1804 caelum
1535 1757 1862 1805 reversurus
1919 1748 2011 1805 ubi

2111 725 2209 777 Ὃν
2227 723 2457 795 βλέπετε
2474 725 2696 780 ἀνιόντα
2721 729 2800 792 είς
2839 728 2965 792 τοὺς
2990 729 3274 800 οὐρανοὺς,
3303 725 3461 798 οὗτος
3483 736 3715 792 ἐλεύσε-

2106 835 2196 872 ται
2221 819 2359 888 μετά
2387 819 2544 890 δόξης
2571 822 2758 889 κρῖναι
2787 819 3058 885 ἅπαντας.

2185 913 2309 977 Ἦν,
2345 913 2571 984 Χριστὲ,
2601 913 2904 986 δεδώρησαι
2937 917 3071 985 πρὸς
3100 917 3166 970 τὰ
3191 918 3304 974 άνω
3339 919 3506 975 πάλαι
3531 919 3715 978 ἀνιὼν

2109 1005 2335 1077 εἰρήνην
2371 1007 2484 1070 τοῖς
2539 1006 2840 1076 μαθηταῖς,
2873 1007 3083 1080 ταύτην
3130 1011 3226 1063 καὶ
3262 1014 3393 1083 ἡμῖν
3431 1017 3714 1080 πλουσίως

2110 1099 2468 1171 κατάπεμψον
2487 1101 2544 1156 ἐν
2576 1101 2770 1175 ἀγάπῃ
2811 1102 3021 1166 πάντας
3045 1105 3347 1175 συντηρῶν,
3384 1109 3534 1174 ὅπως
3565 1127 3716 1182 συμρ

2111 1187 2305 1256 φώνως
2343 1207 2402 1242 σε
2423 1192 2514 1244 τὸν
2541 1192 2772 1263 Σωτῆρα
2807 1195 3222 1265 μεγαλύνωμεν.

2180 1282 2498 1354 Φωτοφὸρον
2525 1283 2708 1355 ὄχημα
2739 1285 2834 1338 τοῦ
2866 1288 3016 1357 ὴλῐου
3053 1289 3118 1342 σὺ
3144 1289 3239 1343 τοῦ
3258 1293 3449 1360 νοητοῦ
3476 1294 3716 1366 γεγένη-

2113 1389 2202 1424 σαι
2223 1372 2456 1443 άληθῶς,
2488 1375 2746 1446 ἀχραντε,
2780 1378 2939 1447 ἁγνὴ,
2959 1379 3026 1432 δι’
3053 1373 3116 1436 οὗ
3143 1383 3198 1434 οἱ
3222 1383 3522 1454 καθήμενοι
3545 1388 3715 1458 ἐν’τῷ

2115 1464 2296 1517 σκότει
2323 1465 2554 1536 ἔϐλεψαν
2570 1468 2630 1522 τδ
2672 1471 2788 1539 φῶς
2817 1470 2918 1541 τῆς
2963 1472 3330 1542 ἐπιγνώσεως,
3367 1479 3511 1531 κατά
3544 1481 3714 1552 χρέος

2115 1572 2174 1608 σε
2204 1556 2541 1623 δοξάζοντες.

2384 1652 2648 1719 Ἀσεόεῖς
2677 1655 2792 1710 οὐκ
2823 1654 3085 1724 maereat
3105 1658 3225 1726 τὴν
3249 1660 3458 1724 δόξαν.

2197 1744 2735 1815 Ἀναλαμὸανόμενος
2758 1749 2822 1802 ἐκ
2855 1747 2958 1817 γῆς
2986 1747 3124 1818 πρὸς
3149 1750 3436 1820 οὐρανοὺς,
3470 1753 3568 1816 οὓς
3602 1755 3711 1809 οὐκ

437 1855 562 1895 cum
614 1841 773 1897 Patre
799 1852 853 1897 et
893 1843 1101 1914 Spiritu
1147 1853 1339 1898 sancto
1372 1844 1606 1902 asside‘s.
1645 1853 1864 1899 tuorum
1901 1859 2010 1899 non

2151 1836 2298 1900 λιπες
2325 1837 2401 1907 τῷ
2428 1837 2600 1906 Πατρὶ
2633 1837 2988 1908 συνεδρεύων,
3019 1839 3285 1907 Δέσποτα,
3313 1844 3412 1896 καὶ
3429 1844 3510 1914 τῷ
3535 1847 3720 1900 Πνεύ-

435 1934 641 1989 oblilus
672 1909 1095 2003 discipulorum,
1133 1938 1243 1993 illis
1293 1937 1645 1991 laudantibus
1684 1947 1758 2003 te,
1805 1944 2018 1992 amator

2151 1945 2274 1992 ιατι,
2320 1927 2568 2000 μαθητάς
2601 1928 2902 2000 εὐλόγησας
2950 1932 3328 2004 ἀνυμνοῦντάς
3373 1909 3717 2008 esse”-

435 2030 644 2090 noster,
681 2023 1032 2081 benedixisti.

506 2116 644 2172 Cum
689 2118 1008 2188 angelorum
1047 2113 1587 2190 legiones‘vhl‘erun‘t
1633 2129 1707 2182 te.
1743 2119 1896 2186 Iesu,
1930 2133 2022 2178 ας*-

435 2209 754 2266 cendentem
801 2210 854 2264 in
897 2212 1096 2266 coalun'i
1133 2223 1257 2266 cum
1317 2216 1513 2267 natura
1570 2215 1782 2280 nostra,
1834 2216 2020 2284 stupe-

437 2304 569 2360 πιοιί
606 2305 820 2360 laudem
865 2304 1138 2361 dederunt
1175 2306 1294 2363 'tuie
1333 2323 1464 2380 erga
1505 2309 1756 2366 homines
1805 2309 2021 2365 miseri-

435 2397 656 2453 θοι-ἀίω.

509 2488 683 2552 Quam
726 2504 793 2544 ex
845 2491 1004 2550 nobis
1054 2491 1337 2561 sumpsisti
1396 2490 1662 2545 'nattt‘ram
1719 2491 2022 2548 nobilitans

436 2589 556 2636 eam
614 2596 782 2650 super
824 2583 1084 2638 thronum
1133 2583 1314 2639 Patris
1359 2583 1692 2647 collocasti,
1754 2585 2017 2651 Domine;

439 2681 635 2728 natura
675 2689 801 2728 cum
853 2675 1042 2730 eadem
1087 2683 1353 2732 venturus
1407 2690 1488 2742 es,
1527 2676 1911 2747 omnipotens,
1952 2677 2019 2731 ad

434 2765 795 2836 iudicandum
830 2768 1113 2821 mundum.

509 2855 569 2911 In
606 2857 884 2923 castitate,
945 2857 1162 2927 piisqtte
1193 2866 1452 2915 vacantes
1500 2857 1762 2928 operibus
1812 2858 2021 2912 formo-

436 2931 561 3001 sam
607 2946 773 3001 illiam
810 2946 982 3004 Iacob
1017 2949 1212 3006 devote
1243 2951 1585 3007 celebremus
1625 2961 1682 3007 ut
1720 2953 1814 3008 Dei
1847 2949 2022 3008 nostri

420 3033 694 3092 .llatrem.

934 3122 1200 3185 'Dmuiitm
1242 3130 1513 3188 Salvator.

513 3221 689 3290 Super
709 3221 825 3276 alas
856 3221 1152 3277 Cherubim
1197 3224 1250 3278 in
1284 3227 1456 3294 gloria
1483 3230 1708 3283 evectus
1733 3243 1790 3282 es
1827 3226 2019 3283 v'lilen-

2121 2017 2325 2089 θρωπε.

2185 2094 2526 2182 Δ’.ἀσωμάτων
2537 2111 2718 2178 τάξεις
2745 2129 2804 2168 σε
2834 2112 2911 2178 ὡς
2934 2112 3092 2183 εἶδον,
3118 2116 3321 2189 Ἰησοῦ,
3355 2122 3494 2192 μετὰ
3527 2123 3717 2194 σώμα-

2121 2222 2212 2268 τος
2239 2205 2489 2275 οὐρανοῖς
2527 2204 2810 2273 ἐπιϐάντα,
2844 2208 3128 2279 χαίρουσαι
3162 2214 3594 2286 κατεπλήττοντο
3617 2219 3720 2288 τὴν

2121 2296 2323 2368 πολλὴν
2374 2311 2492 2367 σου,
2552 2297 2749 2370 Κύριε,
2789 2300 2926 2372 πρὸς
2978 2302 3303 2376 ἀνθρώπους
3363 2311 3723 2377 συγκατάσα-

2124 2405 2231 2444 σιν.

2196 2481 2308 2552 Τὴν
2333 2480 2654 2551 ληφθεῖσαν,
2699 2484 2967 2548 Δέσποτα,
3022 2487 3211 2540 οὐσίαν
3243 2488 3302 2554 ἐξ
3329 2490 3488 2559 ἡμῶν
3529 2493 3591 2544 ἐν
3641 2494 3722 2567 τῷ

2123 2574 2297 2644 Θρόνῳ
2325 2574 2403 2645 τῷ
2435 2573 2688 2645 πατρικῷ
2715 2575 3024 2647 ἐνιδρύσας,
3057 2579 3251 2651 Κύριε,
3285 2583 3717 2651 κατεκάλλυνας,

2125 2665 2244 2738 μεθ’
2297 2661 2366 2739 ἧς
2401 2665 2614 2738 μέλλεις
2667 2666 2922 2738 ἔρχεσθαι
2969 2672 3405 2744 κρῖναιιὸσμον,
3444 2678 3720 2731 παντοδύ-

2121 2776 2285 2828 ναμε.

2193 2851 2304 2922 Τὴν
2339 2851 2508 2924 ἁγνὴν
2537 2853 2820 2920 άγνεύοντι
2838 2857 3163 2928 τιμήσωμεν
3197 2857 3294 2922 νο⁴ἰ⁹
3318 2859 3588 2932 καλλονὴν

2135 2941 2332 2996 Ἰακὼϐ
2363 2946 2484 3007 ταῖς
2515 2944 2719 3010 ἐνθέοις
2756 2948 2991 3019 πράξεσι
3026 2949 3432 3022 καλλυνόμενοι,
3471 2954 3723 3022 εὐσεόῶς

2124 3035 2454 3109 ὑμνήσωμεν
2483 3038 2558 3102 ὡς
2591 3039 2827 3113 Μητέρα
2856 3041 2953 3096 τοῦ
2989 3043 3125 3096 Θεοῦ
3147 3043 3324 3115 ἡμῶν.

2549 3134 2830 3203 Δυτρωτά
2855 3135 2963 3190 τοῦ
3007 3139 3254 3204 παντός.

2189 3223 2473 3298 Χερουϐὶμ
2497 3224 2588 3279 ἐπὶ
2617 3224 2782 3297 ὤμων
2807 3227 3104 3298 ὀχούμενος
3135 3229 3445 3303 ἀνελήφθης
3483 3233 3544 3286 ὲν
3564 3234 3722 3310 δόξῃ.

434 3313 588 3367 tibus
608 3319 681 3377 te,
708 3312 953 3379 Domine,
985 3313 1273 3385 discipulis
1289 3291 1410 3372 teis
1434 3315 1487 3371 ei
1509 3315 1884 3374 indesinenter
1906 3319 2018 3372 cla-

2151 3316 2377 3390 πρώντων
2408 3335 2468 3371 σε
2487 3318 2597 3372 τῶν
2633 3319 2893 3388 μαθητῶν
2943 3337 3059 3386 σου,
3097 3321 3292 3392 Κύριε,
3345 3325 3440 3376 καὶ
3467 3323 3725 3394 βοώντων

444 3403 721 3458 mantibus
765 3421 781 3459 :
832 3401 1028 3458 Omnia
1079 3419 1244 3475 opera
1271 3405 1510 3473 Domini,
1549 3410 1857 3468 benedicite
1907 3407 2018 3466 Do-

436 3496 617 3551 'inino.

511 3589 816 3660 'Discipulis
865 3590 982 3646 suis
1011 3591 1349 3649 benedicens
1393 3602 1615 3652 evectus
1655 3591 1740 3654 est
1769 3599 2024 3659 Christus

445 3683 501 3736 in
539 3683 738 3736 caelum
775 3692 832 3736 ut
865 3679 1213 3738 Paracletu‘m
1258 3688 1502 3742 m‘itte‘ret
1540 3691 1620 3746 eis
1651 3690 2024 3762 'psallentibus

438 3773 926 3845 'clamantibusqtte
977 3777 1222 3832 unanimi
1265 3795 1395 3836 voce
1426 3798 1439 3836 :
1473 3779 1670 3838 Omnia
1703 3801 1870 3856 opera
1921 3787 2026 3843 Do-

456 3868 611 3932 mini,
641 3867 944 3923 benedicit'e
988 3865 1234 3926 Domino.

513 3955 830 4012 “Inimicitiae
859 3958 1088 4015 dirbcns
1130 3961 1413 4028 parietem,
1440 3965 1811 4022 reconciliasti
1851 3972 2028 4025 homi-

453 4064 549 4107 nes
578 4055 711 4105 “eum
753 4044 942 4116 Patre,
979 4067 1013 4106 ο
1048 4051 1290 4108 Verbum
1322 4067 1612 4124 aeternum,
1643 4071 1695 4116 et
1723 4065 2027 4120 ascendens

453 4141 506 4194 in
551 4144 785 4210 ctelum,
828 4153 1069 4198 nostram
1123 4162 1304 4216 quam
1344 4164 1722 4222 assumpseras
1772 4164 2026 4212 naturam

451 4234 696 4289 extulisti
722 4251 888 4306 super
917 4239 1141 4306 angelos
1180 4247 1234 4293 et
1275 4251 1596 4309 potestates.
2025 4237 2027 4239 ’

524 4325 601 4382 Te
629 4327 939 4393 laudamus,
967 4328 1286 4398 Deipara,te
1318 4346 1609 4390 commune
1640 4337 1877 4392 fidelium
1904 4356 2030 4412 gau-

456 4419 700 4485 dium,te
727 4420 986 4473 auxilium
1022 4430 1230 4477 certum
1262 4423 1570 4490 hominum,
1602 4439 1652 4482 te
1688 4442 1908 4500 pontctn
1934 4450 2029 4504 per

456 4523 619 4576 quem
661 4524 852 4564 omnes
879 4509 947 4564 ad
979 4510 1298 4569 Creatorem
1335 4531 1499 4573 suum
1545 4520 1894 4594 salutemque
1934 4526 2031 4582 de-

457 4601 704 4656 veniunt.

697 4695 808 4750 Eva
833 4713 926 4752 nos
955 4714 1054 4752 sua
1098 4700 1403 4765 perdiderat
1438 4697 1812 4763 ihobedieittia.

526 4783 710 4842 Nubes
737 4787 881 4843 sicut
909 4788 1141 4846 thronus
1171 4792 1409 4863 suscepit
1437 4801 1490 4850 te
1524 4794 1592 4850 de
1616 4807 1802 4854 monte
1825 4793 2031 4854 'Oliva~

459 4881 606 4943 rum,
643 4880 744 4949 piis
776 4882 1250 4952 conspicientibus
1301 4886 1589 4956 discipulis
1640 4885 2034 4949 clamantibus-

460 4977 569 5040 ιιυε
612 4985 735 5024 cum
771 4973 1041 5027 tremore":
1076 4971 1196 5027 Noli
1235 4975 1546 5046 relinquere
1576 4981 1855 5049 orphanos
1893 4997 2034 5052 quos

461 5061 809 5119 ineﬂ‘abiliter
834 5065 1106 5120 miserans
1139 5065 1406 5121 dilexisti.

531 5156 751 5227 Absque
783 5171 1017 5227 corpore
1057 5157 1200 5227 apud
1240 5163 1342 5214 nes
1393 5159 1746 5230 descendisti,
1782 5180 2036 5224 reversus

461 5264 521 5303 es
553 5257 733 5303 autem
776 5265 902 5304 cum
945 5258 1142 5304 natura
1180 5259 1368 5308 nostra
1399 5256 1563 5323 quam
1608 5259 2032 5329 assumpseras;

463 5349 588 5395 ante
627 5349 679 5394 te
723 5349 1035 5397 reverenter
1064 5357 1126 5397 se
1155 5343 1408 5412 aperiunt
1442 5347 1612 5413 portae
1651 5347 1916 5403 calorum
1957 5351 2038 5404 vi-

463 5417 766 5502 dentesqne
801 5434 978 5506 angeli
1025 5442 1248 5506 stupent
1277 5435 1345 5490 ad
1381 5441 1528 5490 tuam
1579 5453 1708 5508 erga
1745 5455 1846 5497 nos
1874 5442 2039 5498 mise-

465 5525 786 5580 ricordiam.

539 5614 682 5682 Quid
716 5617 874 5673 statis
915 5633 1008 5675 ros
1033 5619 1368 5691 aspicientes
1392 5621 1548 5677 illum
1583 5622 1913 5679 mirabiliter
1947 5639 2041 5680 as-

459 5706 829 5761 cendentem?
853 5709 1112 5768 dicebant
1148 5713 1280 5768 olim
1312 5715 1490 5786 angeli
1527 5715 1736 5770 s'aue‘tis
1758 5718 2041 5786 apostolis.

463 5794 575 5863 'Qui
600 5799 848 5854 ascendit
869 5803 924 5856 in
953 5803 1149 5872 gloria,
1174 5805 1255 5861 sic
1279 5799 1818 5866 rursum'descendet
1845 5808 1900 5865 in
1933 5817 2044 5865 ter-

461 5888 593 5947 ‘ram
627 5904 818 5949 omnes
837 5893 1204 5964 iudicaturus.

2119 3411 2434 3478 ἀπαύστως,
2471 3411 2656 3464 Πάντα
2694 3411 2763 3464 τά
2809 3409 2949 3482 ἔργα
2988 3413 3229 3485 Κυρίου,
3300 3415 3583 3485 εὐλογεῖτε
3632 3418 3725 3474 τὸν

2126 3501 2356 3571 Κύριον.

2196 3592 2449 3660 Εὐλογῶν
2481 3593 2731 3665 μαθητὰς
2759 3595 3058 3667 ἀνεφέρετο
3089 3597 3170 3660 είς
3201 3597 3262 3650 τὸ
3296 3597 3429 3662 ὕψος
3459 3601 3723 3671 Χριστος,

2124 3683 2216 3738 τὸν
2238 3684 2598 3757 ΙΙαράκλητον
2628 3687 2844 3750 τούτοις
2868 3687 3148 3758 ἐκπέμψαι
3175 3688 3436 3758 ψάλλουσι
3467 3693 3564 3744 καὶ
3585 3710 3650 3745 συ
3660 3711 3725 3762 μο

2127 3775 2317 3846 φώνως
2347 3778 2534 3848 βοῶσι,
2563 3779 2746 3834 Πάντα
2776 3779 2846 3833 τὰ
2873 3779 3011 3852 ἔργα
3042 3781 3272 3853 Κυρίου,
3318 3783 3593 3852 εὐλογεῖτε
3633 3787 3726 3839 τὴν

2130 3869 2356 3939 Κύριον.

2203 3959 2464 4016 Καθελὼν
2484 3961 2546 4016 τὸ
2568 3963 2666 4033 τῆς
2697 3963 2899 4034 ἔχθρας
2949 3963 3263 4034 μεσότοιχον
3313 3964 3442 4028 τοὺς
3491 3964 3726 4035 θνητοὺς

2127 4053 2206 4126 τῷ
2236 4053 2410 4125 Πατρί
2439 4070 2534 4109 σου
2561 4055 2922 4127 κατήλλαξας,
2957 4056 3050 4109 καὶ
3088 4055 3326 4110 ἀνελθὼν
3355 4057 3634 4128 ἀνήγαγες
3657 4061 3725 4128 ἦν

2129 4145 2502 4216 προσείληφας
2554 4147 2754 4219 σάρκα,
2813 4147 3016 4218 ἄναρχε
3061 4147 3202 4218 Λόγε
3246 4148 3502 4219 ὑπεράνω
3532 4151 3720 4223 άρχῶν

2133 4235 2228 4290 καὶ
2251 4235 2555 4306 δυνάμεων.
3603 4271 3612 4277 ~

2201 4327 2275 4380 Τὸ
2297 4329 2472 4382 κοινὸν
2493 4329 2602 4384 τῶν
2621 4330 2829 4384 πιστῶν
2859 4331 3190 4404 ἱλαστήριον,
3230 4333 3331 4405 τὴν
3357 4335 3586 4406 ἑτοίμην
3614 4336 3716 4388 ἀν-

2133 4421 2368 4490 θρώπων
2389 4423 2657 4495 βοήθειαν,
2682 4425 2780 4494 τὴν
2810 4426 2946 4498 πρὸς
2973 4427 3064 4481 τὸν
3091 4425 3332 4497 κτίστην
3354 4425 3600 4497 γέφυραν
3623 4427 3724 4498 τὴν

2136 4513 2480 4584 μετάγουσαν
2513 4505 2725 4580 πάντας
2770 4518 2910 4589 πρὸς
2939 4519 3218 4590 σωτηρίαν
3242 4557 3259 4584 ,
3298 4517 3394 4573 τοῦ
3447 4518 3585 4572 Θεοῦ
3621 4521 3724 4592 τὴν

2061 4631 2108 4691 ι)
2137 4607 2366 4680 Μητέρα
2393 4607 2640 4680 δοξάσωμ
2651 4625 2729 4664 εν.

2302 4699 2436 4753 Ἐῦα
2458 4699 2576 4769 μὲν
2617 4699 2696 4766 τῷ
2736 4699 2846 4769 τῆς
2863 4700 3174 4772 παρακοῆς
3205 4702 3530 4773 νοσήματι.

2203 4785 2296 4851 Ἐξ
2311 4787 2489 4860 ὅρους,
2510 4789 2554 4840 Χ
2562 4787 2732 4856 ριστέ,
2743 4788 2860 4842 τῶν
2871 4789 3100 4844 Ἐλαιῶν
3116 4792 3312 4863 νεφέλη
3333 4809 3391 4845 σε
3404 4791 3555 4845 ὥσπε
3563 4809 3593 4862 ρ
3607 4791 3732 4864 θρό-

2135 4883 2224 4942 νος
2271 4879 2640 4944 καθυπέλαϐε,
2709 4879 2925 4936 πάντων
2951 4881 3062 4935 τῶν
3115 4881 3274 4937 θείων
3315 4882 3574 4952 μαθητῶν
3632 4901 3727 4938 σου

2135 4971 2402 5044 ὁρώντων,
2437 4973 2531 5028 καὶ
2559 4975 2618 5027 ὲν
2645 4971 2833 5045 τ’ρόμῳ
2887 4973 3132 5046 βοώντων
3179 4990 3283 5040 σοι,
3315 4973 3407 5045 Μὴ
3435 4974 3600 5048 λίπῃς
3631 4972 3726 5047 dp;

2137 5067 2336 5136 φανοὺς
2368 5067 2463 5131 οὓς
2487 5067 2777 5142 ⁴ἠγάπησας
2809 5071 2876 5123 δι’
2899 5071 3305 5143 εὐσπλαγχνίαν
3335 5071 3656 5143 ἀδιήγητον.

2209 5157 2494 5228 Κατῆλθες
2527 5159 2613 5230 ¹τὸ
2651 5160 2780 5232 πρὶν
2828 5159 2958 5216 ἄνευ
3025 5162 3254 5237 σαρκὸς,
3422 5163 3636 5234 ἀνέρχῃ
3673 5163 3730 5218 δέ

2140 5247 2300 5319 σῶμα
2325 5249 2526 5319 φέρων,
2577 5249 2606 5303 δ
2633 5249 3038 5323 προσείληφας*
3072 5252 3223 5323 φόϐῳ
3261 5253 3318 5307 δὲ
3358 5252 3526 5306 πύλαι
3561 5253 3728 5325 οὐρα-

2139 5339 2246 5396 νῶν
2281 5357 2362 5394 σοι
2386 5339 2725 5409 άνοίγονταν
2762 5342 2858 5397 καὶ
2885 5345 3000 5407 νόες
3029 5343 3272 5414 οὐράνιοι
3301 5343 3535 5414 ὁρῶντες
3560 5361 3732 5399 κατα-

2142 5435 2489 5507 πλήττονται,
2513 5435 2774 5502 Δέσποτα,
2806 5435 2907 5507 τὴν
2938 5434 3004 5488 δι’
3025 5436 3181 5508 ἡμᾶς
3221 5443 3316 5490 σου
3378 5435 3730 5505 συγκατάδα-

2145 5547 2250 5584 σιν.

2213 5624 2280 5678 Τί
2310 5617 2531 5678 ίστασθε
2555 5621 2842 5694 βλέποντες
2871 5607 3028 5693 ὑμεῖς
3056 5621 3154 5694 τὴν
3181 5621 3365 5678 ἄνοδον
3388 5620 3488 5693 τὴν
3517 5622 3731 5693 φρικώο

2141 5718 2238 5788 δη;
2287 5717 2460 5772 πάλαι
2511 5715 2719 5788 ἔφησαν
2776 5716 2998 5786 ἄγγελοι
3048 5714 3214 5780 θείοις
3260 5715 3732 5779 ἀποστόλοιςοὋν

2143 5809 2344 5881 τρόπον
2374 5809 2650 5880 θεωρεῖτε.
2683 5806 2962 5861 ἐλεύσεται
2999 5810 3094 5861 καὶ
3113 5807 3274 5862 πάλιν
3300 5807 3396 5862 ἐπὶ
3420 5806 3525 5878 γῆς
3551 5809 3734 5879 κρῖναι

2148 5901 2412 5967 ἅπαντας,
2437 5902 2469 5957 δ
2503 5899 2640 5973 μετὰ
2673 5899 2830 5970 δόξης
2861 5898 3243 5972 ἀνερχόμενος.
