3986 6236
370 313 503 384 ινιτ
1795 309 2201 372 retentura.
3492 295 3631 367 τοτε

438 437 616 500 Φωτδς
647 434 850 508 δοχεῖον
880 434 1051 502 φαίνει
1083 449 1162 488 σε,
1202 426 1372 502 ἁγνὴ,
1399 431 1507 483 ὀὲκ
1534 427 1627 480 σοῦ
1657 427 1944 495 ἀτρέπτως
1977 436 2012 490 Α

2119 423 2288 478 Lucis
2316 431 2368 478 te
2417 415 2830 492 receptaculum
2879 421 3140 490 ostendit,
3169 435 3202 476 ο
3249 421 3623 486 immaculata,

375 529 676 603 σαρκωθεὶς
703 519 1117 600 ἀρῥὴτωςᾘεός
1144 541 1157 554 ·
1221 523 1282 578 ὲν
1322 519 1542 592 σταυρῷ
1596 518 1820 588 ὑψὼσας
1851 516 1945 571 τοῦ

2051 517 2195 572 Deus
2247 517 2341 588 qui
2401 515 2663 571 iuetTahili
2693 517 2858 572 modo
2893 516 2960 570 de
3009 524 3062 570 te
3115 515 3440 570 incarnatus
3491 523 3625 569 est:

383 623 551 691 Ἀδὰμ
580 621 676 692 τὴν
704 619 914 680 οὐσίαν,
947 616 1042 672 καὶ
1067 619 1122 670 ὲν
1152 618 1366 686 νεκροῖς
1415 603 1759 684 πρωτότοκος
1790 608 1948 678 γενό-

2055 609 2302 664 exaltasti
2363 607 2510 663 enim
2571 606 2622 661 in
2673 623 2838 662 cruce
2899 607 3095 661 vAdami
3155 606 3522 662 substantiam
3575 612 3629 658 et

376 733 554 787 μενος,
578 715 672 767 καὶ
711 714 886 782 μένων
913 695 1050 774 Θεὸς
1079 711 1134 763 ἐν
1175 712 1286 772 τοῖς
1323 706 1590 776 ὑψίστοις,
1622 703 1738 774 ἅμα
1763 699 1950 770 -Πατρί

2055 699 2231 752 fat-tus
2264 713 2324 753 es
2352 699 2749 769 primogenitus
2765 715 2831 755 ex
2860 699 3126 764 mortuis,
3158 697 3456 752 manensin
3489 700 3629 753 cosio

373 823 432 860 τε
467 805 560 859 καὶ
589 803 718 874 θείῳ
751 801 1030 873 Πνεύματι
1059 797 1435 867 δοξαζόμενος.

2057 787 2196 844 Deus
2258 806 2361 844 una
2403 807 2526 844 cum
2589 788 2750 846 Patre
2787 801 2840 845 et
2881 789 3085 861 Spiritu
3120 799 3310 846 sancto
3354 790 3631 860 conglori-

2056 883 2266 936 licatus.

795 979 858 1034 '0
887 968 1228 1046 καθήμενος
1251 973 1322 1028 ἐν
1361 974 1536 1040 δόξῃ.

1530 1014 1536 1028 ι
2597 977 2792 1032 Sedens
2827 977 2881 1031 in
2912 976 3104 1049 gloria.

449 1074 508 1129 Ὀ
541 1069 835 1144 ἀπρόσιτος
857 1069 956 1142 τὴν
991 1069 1176 1138 φύσιν,
1209 1065 1468 1138 προσιτός
1508 1081 1598 1134 μοι
1635 1055 1950 1131 γενόμενος,

2125 1067 2228 1133 Qui
2271 1079 2524 1122 naturam
2553 1069 2720 1125 habet
2759 1070 3236 1135 inaccessibilem,
3285 1069 3414 1122 mihi
3451 1079 3631 1122 tamen

369 1175 446 1233 ὡς
490 1169 587 1239 ἐμὲ
615 1165 872 1236 φορέσας,
899 1163 1028 1232 ὅλην
1060 1178 1164 1231 μου
1192 1159 1292 1230 τὴν
1313 1157 1472 1228 φύσιν
1502 1154 1842 1222 ἐλάμπρυνε,
1859 1148 1943 1239 καῚ

2057 1161 2400 1216 accessibilis
2435 1160 2650 1228 factus,
2683 1176 2750 1217 eo
2781 1161 2926 1232 quod
2959 1161 3262 1232 portaverit
3317 1175 3422 1226 me,
3459 1175 3631 1214 meum

373 1261 440 1330 τῇ
467 1238 636 1313 αὑτοῦ
665 1253 934 1326 ἀναλήψει
963 1249 1290 1306 ἀνεϐίϐασεν
1311 1245 1570 1318 ὑπεράνω
1607 1243 1830 1310 ἀπάσης
1855 1238 1947 1308 ἀρ-

2061 1253 2358 1307 illustravit
2419 1261 2672 1306 naturam
2729 1269 2893 1324 quam
2955 1255 3280 1308 ascensione
3335 1266 3432 1306 sua
3469 1265 3635 1320 supra

376 1353 478 1423 χῆς
515 1351 609 1404 καὶ
630 1347 936 1418 δυνάμεως.

2067 1345 2471 1400 dominationes
2502 1352 2911 1414 potestatesque
2941 1346 3255 1400 collocavit.

451 1441 789 1512 Διφρελάτης
813 1439 842 1492 ό
883 1435 1072 1499 Ἠλίας
1109 1433 1199 1487 τὸν
1237 1430 1430 1502 αἰθέρα
1452 1428 1726 1500 διήρχετο,
1755 1439 1956 1496 προτυσ

2129 1433 2272 1490 Elias
2301 1435 2426 1496 olim
2457 1452 2622 1491 curru
2659 1444 2850 1491 vectus
2881 1445 3027 1490 tuam
3059 1451 3154 1506 per
3211 1449 3334 1490 aera
3371 1434 3640 1506 ﬁguravit,

379 1535 495 1588 πῶν
509 1552 603 1588 σου
630 1531 820 1598 πάλαι,
847 1531 986 1598 Λόγε
1003 1527 1096 1582 τοῦ
1120 1525 1278 1592 Θεοῦ,
1302 1524 1402 1593 τὴν
1424 1519 1692 1590 ἀνάληψιν
1707 1533 1720 1546 ·
1749 1516 1826 1578 ὡς
1849 1514 1953 1586 γὰρ

2061 1524 2296 1581 Verbum
2362 1527 2476 1595 Dei,
2501 1530 2916 1596 ascensionem;
2964 1530 3106 1583 nube
3158 1527 3326 1590 enim,
3360 1529 3629 1591 Salvato',

380 1628 438 1680 ἐν
471 1625 699 1696 ἅρματι,
725 1623 868 1677 Σῶτε
879 1639 930 1694 ρ,
956 1617 1345 1691 ἐποχούμενος,
1377 1617 1443 1686 τῇ
1457 1611 1656 1683 νεφέλῃ
1673 1607 1811 1680 πρὸς
1831 1607 1954 1671 τοὺς

1917 1623 1958 1671 ις
2061 1621 2218 1689 quasi
2258 1636 2422 1677 curru
2449 1633 2634 1680 vectus
2664 1623 2956 1693 pervenisti
2987 1623 3042 1676 in
3082 1624 3261 1678 sinum
3297 1621 3491 1698 Ifatris.

377 1705 680 1790 πατρικοὺς
707 1716 936 1778 κόλπους
969 1712 1232 1782 ἔφθασας.

441 1809 717 1880 Μαθητῶν
756 1804 1113 1870 ἀτενιζόντων
1165 1802 1227 1856 τὸ
1275 1798 1502 1872 φρικτὸν
1551 1796 1652 1868 τῆς
1678 1795 2015 1865 ἐπάρσεωςι

2141 1797 2502 1874 Stupentibus
2533 1799 2824 1868 discipulis
2875 1799 2942 1853 ad
2976 1801 3352 1856 ascensionem
3399 1799 3641 1872 Magistri

377 1901 470 1954 καὶ
493 1897 970 1968 ἐκπληττομένων,
1011 1895 1146 1948 θεῖοι
1189 1888 1668 1962 προσεφθέγγοντο
1697 1883 1951 1954 ἄγγελοιε

2070 1891 2178 1957 sui,
2242 1891 2500 1960 illamque
2575 1891 3058 1947 considerantibus
3135 1891 3394 1946 dixerunt
3467 1891 3644 1962 angeli

381 2008 404 2044 ε
419 1991 644 2060 ’Ἄνδρες
671 1991 826 2056 ὑμεῖς
852 1987 1148 2047 Γαλιλαῖοι,
1179 1983 1361 2045 καθὼς
1381 1981 1630 2052 βλέπετε,
1653 1975 1826 2040 οὕτως
1841 1973 1955 2046 ἥξει

2070 1982 2162 2038 Dei
2191 2003 2202 2037 :
2231 2003 2249 2035 ι
2279 1982 2394 2036 Viri
2427 1983 2656 2049 Galilaai,
2688 1984 2832 2037 sicut
2863 1998 3010 2038 nunc
3046 1984 3430 2038 ascendentem
3464 1983 3641 2046 illum,

379 2082 540 2136 πάλιν
572 2083 600 2134 ό
628 2079 792 2143 αὐτὸς
816 2081 1000 2148 κρῖναι
1033 2077 1302 2138 ἅπαντας.
1338 2092 1356 2124 ι
1675 2073 1682 2080 ⁷

2068 2078 2147 2132 sic
2179 2075 2598 2133 descendentem
2641 2075 2904 2132 videbitis
2941 2074 3008 2131 ad
3045 2090 3236 2131 onmes
3259 2073 3639 2146 judicandosa

465 2171 853 2233 Ἀναπλάττεις
873 2167 1258 2241 συντριϐεῖσαν
1282 2165 1378 2219 καλ¹
1403 2163 1584 2234 φθορᾷ
1608 2158 1965 2229 ὑποκύψασαν

2134 2171 2288 2226 Daus
2315 2170 2422 2226 Deo
2460 2185 2661 2240 corpus
2707 2177 2763 2224 et
2815 2177 3282 2243 supralnaturam
3336 2168 3647 2238 parturiens

381 2263 480 2335 τὴν
517 2262 766 2334 βροτείαν
795 2260 978 2331 φύσιν,
1006 2261 1261 2331 ἄχραντε,
1288 2256 1420 2309 Θεὸν
1443 2251 1846 2324 σωματιῦσασα,
1871 2249 1955 2303 καί

2073 2263 2270 2328 Deum,
2307 2265 2562 2333 innupta,
2598 2263 2892 2317 humanam
2943 2276 3233 2332 regent-ras
3264 2270 3516 2316 naturam
3543 2259 3645 2314 lm-

384 2339 525 2428 ὑπὲρ
555 2355 720 2426 φύσιν
765 2353 1024 2416 τεκοῦσα,
1059 2351 1404 2423 ἀπειρόγαμε
1429 2365 1442 2376 ·
1546 2344 1958 2416 κραυγάζομενι

2071 2357 2332 2410 tniliatam
2363 2355 2588 2424 Iabeque
2611 2353 2868 2408 infectam
2914 2353 3122 2424 peccati
3155 2371 3168 2408 :
3216 2352 3342 2409 huic
3385 2352 3524 2408 Filio
3553 2363 3645 2408 tuo

381 2449 542 2514 Δόξα,
577 2447 798 2520 Χρίστέ.

2073 2449 2392 2511 clamamus,
2423 2444 2606 2500 Gloria
2637 2445 2730 2500 tibi
2771 2446 2864 2509 sit,
2898 2443 3130 2500 Christe.

683 2537 910 2604 Παῖδας
940 2535 1182 2606 εὐαγεῖς
1209 2535 1282 2588 ἐν
1306 2533 1381 2603 τῇ
1419 2535 1670 2604 καμίνῳ.

2286 2533 2510 2590 Sancto:
2547 2533 2826 2588 laudemus
2869 2550 3058 2602 pueros
3083 2535 3140 2589 in
3169 2535 3409 2604 fornace.

465 2629 522 2684 '0
552 2629 867 2702 περιπατῶν
889 2626 1302 2698 ἐπὶ-πτερύγων
1345 2625 1564 2694 ἀνέμων
1609 2623 1806 2693 νεφέλῃ
1868 2622 1970 2674 ἐπ·-

2144 2627 2249 2694 Qui
2297 2627 2544 2681 ambulat
2595 2643 2762 2698 super
2792 2642 3000 2697 pennas
3055 2635 3340 2684 ventorum
3378 2627 3651 2685 nubecula

383 2707 698 2792 οχούμενος,
725 2718 820 2774 νῦν
836 2717 1276 2788 ἀναλαμὸἀνεται
1299 2717 1380 2780 είς
1400 2715 1468 2768 τά
1499 2714 1818 2786 ἐπουράνια,
1841 2711 1957 2765 ένθο

2079 2731 2290 2788 vectus,
2323 2737 2466 2775 nunc
2493 2721 2692 2792 repetit
2731 2721 2929 2776 coelum
2974 2720 3062 2776 ubi
3089 2731 3215 2777 ante
3253 2721 3498 2786 sedebat,
3528 2721 3653 2774 mit-

385 2813 601 2884 ὑπῆρχε
645 2811 948 2882 πρότερον,
1007 2809 1102 2863 καὶ
1141 2809 1232 2861 τὸν
1281 2806 1640 2876 Παράκλητον
1693 2805 1959 2874 ἐκπέμπει

2083 2817 2252 2884 titque
2334 2813 2678 2868 Paracletum
2750 2813 3038 2885 discipulis
3105 2813 3458 2870 laudantibus
3509 2816 3657 2868 σεχ-ιιι

389 2905 658 2979 μαθηταῖς
685 2903 986 2973 ἀνυμνοῦσι
1019 2901 1118 2956 καὶ
1145 2899 1518 2975 ὑπερυψοῦσιν
1549 2897 1714 2952 αὐτὸν
1743 2898 1822 2961 εἰς
1846 2897 1963 2960 τοὺς

1666 2899 1714 2951 ὃν
1743 2898 1822 2961 εἰς
1846 2897 1971 2960 τοὺς
2077 2909 2433 2980 tantibusque
2467 2907 2616 2962 illum
2649 2908 2909 2963 szeculum
2944 2923 3038 2980 per
3060 2923 3240 2964 onme.

385 3001 608 3062 αἰῶνας.
864 3069 867 3071 ἓ

456 3095 592 3146 Σταυ
602 3092 690 3164 ρον
710 3092 804 3144 καὶ
819 3093 997 3160 ταφὴν
1019 3087 1426 3158 καθυπομείνας
1451 3084 1703 3156 βουλήσει
1718 3081 1970 3152 ἀνέστης,
2001 3134 2030 3196 ε

2146 3091 2376 3144 Crucem
2407 3099 2749 3160 mortemque
2776 3089 3086 3145 voluntarie
3118 3101 3314 3160 passus
3343 3087 3654 3152 surrexisti,

387 3185 784 3254 παντοδύναμε,
815 3184 910 3237 καὶ
937 3185 1046 3246 τοῖς
1079 3180 1336 3250 ἀγαπῶσι
1361 3196 1418 3232 σε
1450 3179 1544 3232 ἐπὶ
1563 3175 1961 3242 τεσσαράκοντα

2079 3180 2447 3250 omnipotens,
2473 3190 2528 3236 et
2549 3189 2602 3236 te
2627 3181 2898 3236 visibilem
2923 3180 3653 3251 praebensperquadragima

386 3279 600 3350 ἡμέρας
629 3276 992 3346 ὀπτανόμενος
1031 3272 1374 3346 ὲχαροποίεις
1415 3269 1646 3332 αὑτούς·
1689 3263 1790 3321 εἷθ’
1829 3263 1960 3319 οὖτα

2083 3274 2193 3329 dies
2223 3275 2536 3328 amantibus
2567 3282 2620 3328 te
2652 3273 2958 3345 discipulis,
2987 3272 3272 3330 laetificasti
3303 3289 3420 3340 eos;
3461 3273 3657 3330 deinde

387 3389 444 3422 τε
475 3369 672 3431 αὐτοὺς
691 3366 1026 3438 εὐλογήσας,
1073 3364 1210 3436 πρὸς
1241 3362 1332 3416 τὸν
1375 3361 1466 3415 σὺν
1497 3359 1714 3431 Πατέρα
1746 3357 1961 3428 ἀνῆλθες

2081 3367 2203 3421 data
2271 3366 2378 3420 illis
2437 3366 2838 3435 benedictione,
2911 3381 3034 3422 eum
3087 3367 3261 3437 gloria
3317 3367 3384 3420 ad
3440 3364 3655 3420 Patrem

391 3461 533 3526 μετά
555 3448 735 3532 δόξης,

2081 3467 2230 3511 tuum
2261 3458 2577 3512 ascendisti.

350 3549 368 3560 “
457 3553 690 3624 Μυήσας
717 3550 907 3618 σαφῶς
940 3549 1009 3604 τὰ
1027 3550 1166 3620 ὑπὲρ
1188 3549 1364 3618 λόγον,
1383 3547 1411 3599 ό
1431 3547 1622 3613 Λόγος,
1640 3543 1767 3606 τοὺς
1795 3541 1924 3596 θεολι

2153 3550 2450 3622 Postquam
2486 3566 2548 3606 ea
2587 3567 2706 3622 qua:
2755 3567 2918 3606 omne
2950 3552 3176 3606 verbum
3213 3555 3474 3618 superant
3507 3547 3659 3601 theo-

388 3663 514 3714 γους
544 3644 876 3714 ἀναϐέϐηκε,
909 3643 1130 3712 πέμψας
1157 3643 1233 3704 ὡς
1274 3640 1544 3708 ὑπέσχετο
1591 3636 1684 3689 ἐπὶ
1728 3633 1962 3706 μαθητὰς

2085 3645 2266 3712 logos,
2311 3661 2346 3699 ο
2392 3641 2700 3706 Verbum,‘
2732 3645 2997 3699 edocuisti
3058 3642 3455 3712 discipulisque
3504 3641 3659 3710 juxta

387 3738 550 3790 αὑτοῦ
579 3735 640 3787 τὸ
665 3734 1010 3803 παντουργὸν
1047 3735 1143 3784 καὶ
1188 3731 1481 3800 σύνθρονον
1511 3727 1739 3797 Πνεῦμα
1759 3743 1772 3757 ·
1811 3725 1961 3794 βοών-

2083 3735 2410 3806 promiSSttm
2488 3737 2685 3790 misisti
2737 3735 3006 3807 Spiritum
3058 3743 3310 3792 sanctmn
3371 3743 3550 3791 tecum
3605 3736 3657 3788 in

387 3844 494 3879 των
529 3823 679 3895 αὑτῷ
704 3841 716 3854 ·
749 3824 852 3876 Τὸν
889 3823 1092 3893 Κύριον
1112 3823 1356 3890 ὑμνεῖτε,
1391 3821 1460 3875 τά
1497 3819 1655 3888 ἔργα,
1679 3819 1773 3870 καὶ
1812 3817 1961 3885 ὑπερ

2083 3827 2280 3880 throno
2314 3829 2648 3883 assidentem
2684 3835 2738 3882 et
2775 3843 2868 3896 per
2899 3842 3058 3898 quem
3094 3827 3276 3882 omnia
3315 3826 3454 3882 facta
3506 3837 3657 3889 sunt.

391 3917 610 3988 υφοὺτε.
2083 3917 2448 3974 clamantibus
2479 3920 2606 3982 illis.
2638 3917 2813 3990 Opera
2839 3919 3077 3988 Domini,
3103 3921 3338 3976 exaltate
3369 3918 3659 3974 Dominum

1035 4038 1047 4048 .
2083 4019 2136 4064 et
2165 4010 2472 4067 benedicite
2507 4013 2611 4067 illi.

477 4098 542 4152 Ἦ
575 4097 717 4168 πύλη
748 4093 886 4148 Θεοῦ
913 4096 948 4164 ἡ
977 4091 1363 4162 κεκλεισμένη,
1393 4089 1460 4161 ἦν
1494 4089 1648 4160 μόνος
1690 4085 1980 4178 διώδευσεν

2155 4101 2287 4168 Quae
2312 4111 2467 4174 porta
2492 4120 2552 4161 es
2576 4106 2762 4163 clausa
2797 4122 2890 4176 per
2915 4119 3078 4178 quam
3109 4107 3260 4162 solus
3285 4107 3538 4163 transivit
3568 4108 3658 4162 Al-

387 4193 418 4246 ό
449 4191 736 4262 ’Υψιστος,
773 4187 950 4243 ἴθυνον
987 4185 1125 4257 πρὸς
1162 4183 1379 4255 τρίϐους
1413 4199 1478 4252 με
1519 4181 1689 4245 θείας,
1734 4180 1830 4231 καὶ
1864 4177 1955 4231 διά

2086 4194 2354 4262 tissimus,
2405 4196 2580 4268 dirige
2619 4213 2704 4253 me
2750 4213 2846 4269 per
2885 4200 3109 4255 semitas
3143 4197 3354 4252 Domini
3408 4207 3464 4254 et
3509 4213 3657 4270 apert

391 4289 566 4353 νοιξον
601 4288 700 4356 τῆς
732 4283 1009 4354 σωτηρίας
1041 4281 1216 4343 πύλας
1243 4296 1352 4349 μοι,
1392 4274 1762 4345 Θεοχαρίτωτε
1783 4288 1798 4303 ο
1844 4272 1965 4342 πρὸς

2087 4283 2220 4336 mihi
2248 4284 2478 4352 januam
2543 4287 2774 4353 salutis;
2813 4288 2878 4344 ad
2908 4301 2958 4344 te
2983 4291 3127 4344 enim
3155 4287 3436 4362 confugio.
3473 4291 3659 4362 Virgo,

393 4382 453 4436 σὲ
483 4383 593 4453 γὰρ
623 4377 978 4448 καταφεύγω,
1004 4372 1269 4444 Παρθένε,
1295 4372 1430 4442 μόνη
1454 4367 1864 4440 προστασίατοῦ
1890 4368 1967 4434 γὲι

1623 4367 1864 4422 λασίατοῦ
1890 4368 1982 4434 γέ·
2089 4377 2308 4430 unicum
2349 4381 2568 4450 generis
2607 4379 2830 4434 humani
2863 4381 3197 4451 praesidium.

399 4491 512 4537 κους
535 4473 644 4526 τῶν
673 4469 1000 4542 ἀνθρώπων.
1881 4517 1887 4524 ,
2007 4473 2054 4532 ι)

748 4561 928 4627 Λίθος
965 4559 1394 4628 ἀχειρότμητος
1419 4555 1616 4622 ὄρους.
2225 4555 2322 4627 La;

2225 4555 2388 4627 Lapis
2415 4560 2608 4614 montis
2641 4573 2744 4614 non
2775 4575 2934 4614 manu
2949 4561 3218 4616 hominum
3233 4563 3519 4619 abscissus.

467 4657 614 4718 Ἕως
645 4656 710 4707 ἂν
739 4653 1056 4722 ἐνδύσησθε,
1090 4651 1224 4722 ἔφης
1252 4651 1366 4712 τοῖς
1396 4646 1682 4718 μαθηταῖς,
1708 4643 1892 4708 σθένος
1923 4643 1982 4708 ἐξ

2157 4650 2340 4708 Donec
2375 4653 2679 4708 induamini
2729 4656 2931 4709 virtute
2969 4673 3030 4712 es
3070 4658 3204 4722 alto,
3249 4658 3438 4728 inquis
3490 4659 3659 4714 disci-

393 4749 584 4820 ὕψους,
618 4747 858 4815 κάθησθε
885 4745 1022 4815 ὁμοῦ
1053 4742 1381 4812 συνηγμένοι
1402 4757 1414 4768 ’
1441 4739 1552 4809 ἐγὼ
1582 4740 1688 4810 γὰρ
1722 4738 1824 4810 ἤδη
1848 4739 1967 4790 ἀνα-

2089 4744 2258 4814 pulis,
2287 4744 2474 4800 sedete
2505 4760 2614 4800 una
2640 4749 2951 4818 eongegati;
2979 4763 3107 4804 ecce
3137 4749 3282 4804 enim
3322 4752 3518 4806 ccelum
3571 4767 3659 4810 re-

392 4841 762 4914 λαμὸἀνομαι,
794 4841 888 4894 καὶ
920 4839 1016 4892 τοῦ
1045 4838 1256 4909 Πατρός
1274 4834 1366 4889 τιν
1389 4833 1677 4904 σύνθρονον
1698 4827 1966 4885 ἀποστελᾶ

2087 4846 2212 4906 peto
2246 4846 2301 4891 et
2332 4837 2546 4892 mittam
2571 4839 2728 4894 vobis
2769 4838 3116 4896 Paracletum
3148 4841 3480 4898 assidentem
3511 4841 3660 4898 Patri

394 4934 524 5005 ύμῖν
549 4931 933 5003 Παράκλητον.

2082 4945 2249 5000 super
2273 4930 2524 4986 eumdem
2553 4934 2835 4986 thronum.

464 5025 630 5078 Δεῦτε
671 5014 956 5096 μυστικῶς
985 5023 1330 5084 συνελθόντες
1360 5021 1560 5082 πάντες
1583 5020 1661 5081 είς
1689 5015 1820 5086 ῦψος
1850 5015 1984 5070 θεω-

2153 5023 2394 5094 Agamus
2422 5025 2550 5077 dum
2575 5023 2737 5078 simul
2764 5034 3115 5096 assurgentes
3149 5025 3376 5094 mystice
3399 5027 3450 5079 in
3487 5025 3655 5080 altum

401 5118 545 5188 ρεας,
577 5117 790 5187 ὄμμασι
822 5116 1131 5186 κατίδωμεν
1161 5113 1278 5176 νοὸς
1311 5109 1690 5181 ἀναληφθέντα
1717 5107 1814 5162 καὶ
1845 5109 1975 5162 καθ-

2083 5101 2594 5183 contemplationis,
2629 5115 2831 5169 utentis
2861 5114 3038 5170 oculis
3075 5115 3387 5168 intueamur
3418 5114 3653 5169 Verbum

395 5210 652 5281 εζόμενον
691 5211 756 5262 ἐκ
789 5208 980 5275 δεξιῶν
1016 5208 1092 5271 ὡς
1133 5206 1423 5277 σύνθρονον
1454 5203 1666 5274 Πατρός
1689 5201 1782 5254 τὸν
1809 5201 1969 5268 Λόγοι

2083 5213 2349 5258 wternum
2391 5205 2536 5275 quod
2573 5207 2822 5262 ascendit
2849 5207 3167 5276 assidetque
3210 5206 3392 5264 Patris
3421 5205 3489 5260 ad
3524 5206 3657 5262 dex—

394 5303 486 5356 τὸν
513 5303 702 5356 ἀίδιον.

2083 5306 2277 5352 teram.

469 5396 655 5458 Ἤλιος
685 5397 750 5449 ὲκ
778 5395 952 5466 τάφου
991 5393 1192 5465 ὡραῖος
1221 5390 1567 5458 έξανατείλας
1610 5392 1638 5444 ὁ
1677 5389 1978 5460 Δεσπότης,

2155 5392 2398 5464 Surgens
2431 5393 2736 5448 matutinus
2773 5402 2832 5446 ιιι
2864 5393 2950 5452 sol
2987 5393 3054 5447 de
3094 5391 3326 5457 tumulo,
3356 5391 3528 5470 radiis
3552 5393 3661 5446 tuis

394 5487 584 5559 ὥσπερ
649 5487 1020 5558 σελασφόρους
1081 5488 1306 5548 ἀκτῖνας
1357 5486 1423 5553 τῇ
1477 5483 1770 5552 οἰκουμένῃ
1830 5481 1968 5552 πάσσε

2087 5501 2296 5540 munem
2329 5485 2646 5542 illuminasti
2683 5483 2946 5539 mundum
2975 5499 3071 5553 per
3109 5483 3387 5552 apostolos
3414 5484 3661 5540 veritatis

394 5576 700 5645 ἐξέλαμψεν
724 5577 848 5640 τοὺς
871 5576 1209 5638 ἀποστόλους
1233 5574 1542 5642 φαίνοντας,
1575 5572 1670 5624 καὶ
1687 5572 1782 5642 τὴν
1812 5571 1968 5640 dy}.th

1697 5572 1782 5642 τὴν
1812 5571 1980 5640 ἀχλὺν
2083 5578 2288 5633 iumine
2311 5578 2558 5633 lucentes
2589 5577 2964 5648 pellentesque
2998 5576 3271 5634 tenebras.

307 5673 314 5678 '
395 5664 816 5730 ἅποδιώκοντας.

461 5759 648 5813 Φεῖσαί
672 5777 796 5830 μου,
816 5759 1041 5830 Χριστὲ,
1076 5760 1153 5812 ὅτ’
1179 5759 1244 5812 ἀν
1273 5759 1435 5828 ἔλθῃς
1462 5762 1639 5827 κρῖναι
1662 5759 1748 5810 τὸν
1777 5757 1978 5826 κόσμον

2157 5757 2328 5814 Parce
2362 5757 2516 5824 mihi,
2556 5773 2588 5812 ο
2619 5757 2854 5827 Christe,
2893 5773 3018 5816 cum
3050 5759 3266 5816 veneris
3313 5759 3378 5814 ad
3404 5757 3662 5830 judicans

720 5855 988 5912 ιἈτιιοι..
1025 5855 1141 5911 (in.
1186 5851 1553 5911 LXXXVII.
3180 5851 3294 5914 1Ξὸ
