3986 6236
373 296 521 362 3979

1252 294 1313 355 S.
1352 290 1769 354 SOPHBUNII
1813 260 2765 352 PATRIABClle.HIEROSOL.

3524 284 3667 348 3980

376 416 504 465 dum
554 409 838 476 mundum,
890 424 986 481 per
1021 410 1167 465 illius
1201 424 1392 480 preces
1450 422 1570 478 qua:
1627 415 1680 461 te
1707 406 1962 477 prpe-fil;

2079 405 2212 472 μετὰ
2241 403 2419 474 δόξης.
2451 404 2611 457 λῦσον
2632 404 2733 475 τὴν
2754 402 2920 473 ἀχλὺν
2944 403 3040 472 τῆς
3066 400 3246 471 ψυχῆς
3279 417 3381 471 μου
3408 403 3526 463 ταῖς
3552 404 3667 452 ἑκε-

375 503 506 572 i'uga
555 503 755 557 mentis
805 517 938 556 meae
973 502 1247 564 tenebras,
1294 499 1646 570 cmlestisque
1681 499 1834 568 regni
1891 498 1967 552 tui

391 594 477 648 fac
512 610 599 649 me
625 594 919 650 lueredem.

561 687 647 738 Ad
672 696 720 740 Ic
760 702 914 741 mane
939 685 1188 756 confugio
1219 687 1345 755 quia
1372 685 1672 739 misericors
1707 701 1782 739 es.

458 775 523 831 Vi
555 779 749 833 mortis
779 779 1047 848 dirempta
1079 779 1322 849 potentia
1363 787 1457 832 tua
1507 795 1538 833 e
1581 778 1795 831 tumulo
1838 793 1965 832 sur-

386 872 602 937 rexisti,
636 870 875 932 Christe,
904 878 1026 941 post
1060 879 1174 926 tres
1213 870 1353 934 dies,
1376 880 1429 926 et
1464 887 1586 925 cum
1624 871 1799 939 gloria
1845 886 1960 925 cte-

2075 500 2220 563 σίαις
2241 501 2337 571 τῆς
2374 498 2657 568 κυησάσης
2688 514 2745 550 σε
2767 514 2780 529 ⁸
2815 496 2917 550 κα“ι”
2939 495 3276 566 κληρονόμον
3307 493 3537 565 ποίησον
3563 492 3665 561 τῆς

2069 593 2324 664 οὐρανίου
2366 590 2645 661 βασιλείας
2670 606 2787 642 σου.

2211 686 2365 754 Πρὸς
2394 684 2468 738 σὲ
2495 681 2735 752 ὀρθρίζω
2783 680 2890 735 τὸν
2916 681 2990 735 δι’
3029 680 3517 749 εὐσπλαγχνίαν.

2139 778 2387 832 Θανάτου
2414 774 2611 845 κράτος
2647 773 2765 845 θείᾳ
2788 772 3078 843 δυναστείᾳ
3095 770 3338 825 καθελὼν
3366 772 3665 840 ἐξανέστης

2066 872 2370 942 τριήμερος
2399 906 2415 931 ,
2454 866 2660 940 Χριστέ
2722 884 2847 937 μου,
2909 864 3005 917 καὶ
3055 864 3189 934 πρὸς
3224 862 3488 932 οὐρανοὺς
3524 864 3666 932 μετὰ

386 962 497 1014 lum
561 961 957 1028 conscendisti,
1016 961 1423 1018 celebrantibus
1481 972 1532 1017 te
1580 961 1873 1032 discipulis
1908 973 1965 1016 ut

2079 965 2225 1037 Βόξης
2248 962 2498 1035 ἀνῆλθες,
2530 962 2639 1015 τῶν
2666 960 2776 1014 σῶν
2821 957 3078 1031 μαθητῶν
3111 955 3495 1027 ἁνυμνούντων
3524 956 3660 1008 Θεόν

383 1051 552 1109 Deum
586 1071 712 1125 erga
744 1054 994 1110 homines
1039 1055 1355 1124 benignum.

450 1147 529 1203 Ne
564 1162 661 1201 nos
700 1148 982 1218 relinquas
1032 1148 1329 1217 orphanos,
1368 1164 1399 1202 ο
1430 1148 1583 1202 valde
1619 1146 1956 1209 misericors,
2010 1170 2015 1177 -

378 1238 472 1296 sed
496 1239 638 1293 sicut
659 1236 958 1307 promisisti
988 1237 1140 1291 mitte
1168 1234 1432 1306 Spiritum
1464 1245 1651 1303 tuum;
1683 1237 1764 1289 sic
1790 1234 1857 1288 ad
1887 1244 1959 1299 te,

378 1333 521 1385 bone
550 1328 823 1392 Salvator,
867 1327 1179 1382 clamabant
1227 1327 1482 1397 discipuli
1523 1327 1603 1381 tui
1654 1341 1777 1381 cum
1813 1326 1960 1381 ride-

377 1429 508 1475 runt
555 1429 606 1475 te
633 1419 701 1474 de
727 1428 875 1475 terra
921 1418 979 1472 in
1025 1419 1226 1472 malum
1268 1417 1674 1472 ascendentem.

451 1511 597 1567 Ecce
628 1525 776 1565 nunc
830 1521 1097 1565 venturus
1128 1518 1212 1565 est
1260 1525 1426 1580 super
1473 1517 1672 1563 terram
1718 1506 1956 1578 Spiritus

378 1612 606 1658 sanctus
637 1603 743 1658 sub
776 1602 1068 1671 ignitarum
1100 1601 1283 1671 specie
1344 1601 1654 1671 linguarum
1693 1609 1751 1654 ut
1785 1598 1950 1654 Verbi

379 1692 636 1763 discipuli
669 1706 904 1762 quorum
944 1698 1140 1744 natura
1179 1706 1210 1745 e
1236 1690 1351 1744 luto
1398 1690 1534 1744 facta
1595 1696 1683 1744 est
1715 1689 1820 1742 viri
1857 1703 1955 1759 ap-

2070 1076 2127 1111 σε
2162 1058 2257 1110 καὶ
2285 1055 2692 1127 φιλάνθρωπον.

2150 1151 2328 1221 Ἡμᾶς
2354 1147 2430 1220 μὴ
2459 1148 2621 1220 λίπῃς
2648 1144 3270 1218 ὀρφανοὺς,οίκτίρμονο
3313 1144 3389 1207 ὠς
3424 1143 3661 1215 ὑπέσχου

2062 1240 2118 1294 δὲ
2150 1240 2366 1311 πέμψον
2394 1239 2454 1293 τὸ
2485 1239 2639 1307 ἆγιόν
2670 1256 2765 1292 σου
2798 1237 3046 1308 Πνεῦμα,
3079 1237 3130 1290 οἱ
3158 1237 3242 1290 σοὶ
3268 1236 3531 1307 μαθηταὶ,
3555 1240 3668 1291 Λυ-

2063 1333 2268 1404 τρωτὰ,
2297 1329 2704 1401 προσεφώνουν,
2748 1329 2912 1400 ἡνίκα
2934 1330 3000 1382 ἐκ
3025 1331 3130 1400 γῆς
3153 1327 3519 1400 ἀνερχόμενον
3551 1328 3661 1382 ἴδον

2064 1442 2147 1493 σε,
2182 1425 2554 1496 φιλάνθρωπε.

2147 1519 2281 1572 ἰδοὺ
2308 1519 2369 1572 τὸ
2403 1518 2630 1590 Πνεῦμα
2681 1520 2865 1592 μέλλει
2898 1522 3145 1576 κατιέναι
3199 1520 3294 1575 ἐπὶ
3346 1520 3450 1590 γῆς
3472 1517 3571 1573 νῦν
3604 1520 3661 1572 ἐν

2061 1610 2338 1680 γλώσσαις
2368 1614 2647 1685 πυρίναις,
2679 1614 2828 1678 ὅπως
2848 1613 2997 1686 δείξῃ
3020 1613 3279 1685 πυρίνους
3311 1612 3501 1681 σαφῶς
3532 1613 3663 1675 τοῦς

2063 1702 2322 1774 πηλίνους
2352 1702 2448 1755 τοῦ
2475 1704 2650 1772 Λόγου
2684 1705 2915 1768 σεπτρὺς
2942 1702 3215 1776 μαθητὰς,
3267 1700 3663 1771 καταγγέλλον-

372 1794 604 1857 .pareant
668 1786 822 1857 igniti
873 1784 939 1839 ad
997 1784 1403 1855 praedicandum
1476 1784 1630 1838 illum
1695 1790 1955 1854 tauquam

2079 1813 2157 1860 τας
2187 1796 2375 1851 τοῦτον
2400 1796 2475 1861 ὡς
2503 1796 2912 1869 φιλάνθρωπον.

380 1876 660 1933 hominum
700 1883 999 1932 amantem.

449 1968 512 2025 In
572 1969 903 2025 assumendo
962 1970 1244 2024 hominum
1298 1980 1553 2026 naturam
1603 1986 1671 2026 ex
1720 1984 1785 2024 ea
1838 1984 1961 2041 quas

376 2060 610 2116 nescivit
674 2061 873 2125 virum,
933 2061 1205 2132 impulsus
1267 2060 1669 2127 misericordia,
1739 2061 1956 2117 ﬁrmum

373 2150 577 2206 dedisti
656 2150 972 2225 praesidium
1034 2161 1088 2207 et
1141 2150 1483 2209 defensionis
1532 2170 1750 2209 murum
1796 2154 1956 2211 nobis

373 2242 768 2297 conﬁtentibus
797 2252 852 2298 te
881 2242 1052 2299 Deum
1090 2244 1488 2315 hominumque
1564 2253 1891 2302 amatorem.

552 2334 626 2387 Ob
654 2332 824 2388 zelum
872 2350 969 2401 pro
1002 2336 1201 2404 legibus
1243 2337 1438 2404 patriis
1462 2336 1747 2390 laudandi.

443 2424 522 2481 lis
552 2441 651 2495 per
692 2424 1026 2480 ineﬂ'abilem
1056 2425 1491 2481 misericordiam
1524 2435 1672 2481 tuam
1704 2427 1957 2482 adunatis

372 2534 513 2595 qua;
555 2517 905 2588 disjunxeral
959 2525 1243 2587 peccatum
1306 2526 1363 2572 et
1417 2518 1709 2573 interfevto
1774 2527 1957 2574 morte

369 2625 534 2680 quam
571 2610 624 2663 in
665 2624 834 2663 carne
873 2608 1095 2664 subiisti
1132 2609 1308 2672 hoste,
1353 2624 1479 2664 cum
1511 2611 1686 2681 gloria
1714 2620 1955 2665 reverte-

368 2704 445 2758 ris
474 2702 539 2756 ad
573 2700 787 2755 Patrem
820 2717 927 2755 non
972 2713 1095 2755 ante
1128 2702 1403 2765 relictum,
1446 2705 1812 2761 clamantibus
1838 2705 1955 2761 dis-

367 2796 588 2866 cipulis.
620 2793 794 2864 Opera
825 2794 1064 2859 Domini,
1089 2794 1393 2850 henedieite
1420 2793 1669 2850 Domino.

438 2887 695 2943 Miserius
741 2903 931 2941 eorum
968 2902 1108 2956 quos
1155 2889 1434 2955 amavisti,
1475 2891 1570 2945 sed
1602 2904 1742 2957 quos
1765 2889 1954 2959 pcrdi-

368 2976 525 3032 derat
548 2978 794 3034 crudelis
834 2978 1035 3044 hostis,
1079 2979 1147 3033 de
1179 2990 1367 3035 monte
1416 2978 1699 3035 Olivarutn
1741 2983 1794 3036 in
1840 2998 1956 3038 εω-

350 3070 479 3125 σιιιιῐ)
504 3069 826 3135 ascendisti,
854 3069 1166 3124 videntibus
1187 3069 1473 3139 discipulis
1493 3071 1954 3126 etdemirantibus

368 3176 435 3215 eo
488 3162 631 3230 quod
686 3161 863 3215 nubes
908 3163 1052 3215 sicut
1096 3161 1329 3215 thronus
1380 3160 1675 3216 Cherubim
1724 3171 1776 3216 te
1827 3178 1949 3216 cum

364 3270 601 3325 corpore
627 3263 968 3324 susceperat;
1016 3254 1228 3309 idcirco
1259 3266 1309 3310 te
1355 3252 1697 3310 Salvatorem
1726 3270 1852 3310 cum
1872 3257 1954 3313 eis

367 3348 773 3404 collaudamus;

438 3439 558 3495 Non
599 3458 697 3496 vos
744 3441 1048 3511 relinquam
1097 3441 1375 3511 orphanos
1424 3442 1565 3496 ﬁlios
1610 3452 1664 3497 et
1708 3442 1953 3500 haeredes

368 3534 521 3605 regni
567 3535 696 3601 mei,
736 3532 831 3589 sed
869 3549 996 3587 cum
1036 3533 1105 3586 ad
1142 3533 1343 3588 uelum
1395 3549 1697 3604 pervenero
1739 3538 1952 3591 mittam

368 3626 435 3681 ad
481 3640 578 3682 vos
620 3641 691 3683 ex
742 3627 851 3681 alto
902 3625 1248 3681 Paracletum
1308 3626 1401 3695 qui
1452 3642 1549 3683 vos
1590 3627 1785 3683 doceat
1830 3644 1954 3699 quae

368 3729 583 3778 mentes
646 3728 858 3777 vestras
904 3731 1194 3792 superant,
1259 3721 1460 3791 ignitos
1486 3721 1579 3792 qui
1640 3738 1737 3778 vos
1786 3722 1954 3778 faciat

366 3813 425 3867 in
451 3821 631 3867 vestra
662 3809 847 3880 fragili
875 3822 1094 3880 natura,
1128 3813 1409 3868 clamabas
1454 3811 1776 3884 discipulis,
1806 3814 1952 3869 unde

365 3921 496 3961 eum
524 3905 636 3962 illis
676 3916 727 3961 te
760 3904 812 3959 in
841 3913 1109 3961 aeternum
1136 3905 1445 3961 laudamus.

436 3996 640 4051 Praeter
661 4006 871 4051 naturae
898 3995 1356 4051 consuetudinem
1392 3994 1761 4068 paris,Virgo,
1787 3994 1949 4050 dato-

366 4105 480 4147 rem
529 4089 686 4161 legis,
732 4091 1012 4145 tollentem
1056 4104 1179 4159 quae
1241 4090 1481 4145 obscura
1528 4098 1657 4145 sunt
1707 4091 1762 4143 in
1831 4089 1949 4159 lege

363 4192 422 4240 et
463 4184 872 4255 impertientem
921 4183 1079 4238 nobis
1126 4198 1249 4253 qua:
1277 4182 1552 4237 illuminat
1593 4181 1944 4245 charitatem;

2133 1974 2396 2048 Βροτείαν
2421 1976 2586 2047 φύσιν
2631 1978 2695 2030 ἐκ
2721 1964 2821 2047 τῆς
2850 1976 3219 2045 ἀπειράνδρου
3267 1975 3660 2043 ἐνδυσάμενος,

2060 2067 2224 2136 Λόγε,
2257 2050 2327 2121 διδ
2361 2068 2537 2140 ἄκραν
2570 2066 2998 2138 εύσπλαγχνίαν,
3032 2066 3255 2137 βεϐαίαν
3289 2067 3423 2136 ἡμῖν
3450 2065 3662 2131 ταύτην

2060 2158 2298 2224 δέδωκας
2331 2160 2542 2230 σκέπην
2573 2159 2666 2214 καὶ
2701 2162 2879 2231 τεῖχος
2917 2159 3004 2213 ἀεὶ
3024 2200 3039 2225 ,
3080 2159 3195 2223 τοῖς
3238 2157 3404 2211 εἰδόσι
3435 2156 3567 2211 Θεόν
3599 2173 3663 2210 σε

2060 2252 2156 2305 καὶ
2185 2251 2596 2323 φιλάνθρωπον.

2331 2345 2548 2413 Νόμων
2594 2343 2885 2412 πατρῴων
2912 2346 2969 2399 οἱ
2995 2343 3384 2414 μακαριστοί.

2132 2433 2215 2488 Τὰ
2246 2434 2513 2489 διεστῶτα
2557 2436 2857 2506 ἀγαθότητι
2917 2434 3281 2505 ἐπισυνάψας,
3321 2433 3461 2500 Λόγε
3529 2449 3668 2484 παν-

2061 2527 2401 2598 υπεράγαθε,
2427 2530 2522 2581 καὶ
2551 2527 2800 2590 πατάξας
2830 2526 2921 2579 τὸν
2952 2526 3211 2596 πολέμιον
3254 2523 3333 2594 τῷ
3354 2523 3515 2578 πάθει
3556 2523 3668 2594 τῆς

2060 2620 2265 2690 σαρκός
2301 2636 2415 2681 σου,
2451 2619 2589 2690 πρὸς
2627 2621 2720 2672 τὸν
2750 2619 3004 2690 Πατέρα,
3048 2618 3218 2688 ὅνπερ
3267 2617 3329 2671 ού
3364 2616 3668 2680 κατέλιπές

2058 2728 2213 2773 ποτε,
2237 2710 2377 2782 μετὰ
2406 2711 2563 2781 δόξης
2587 2711 2913 2782 ἁνέδραμες,
2944 2709 3054 2764 τῶν
3085 2708 3346 2780 μαθητῶν
3376 2708 3665 2779 βοώντων,

2058 2804 2163 2858 Τὸν
2194 2803 2398 2874 Κύριον
2432 2805 2673 2875 ὑμνεῖτε,
2704 2803 2774 2857 τὰ
2798 2803 2958 2875 ἔργα.

2131 2896 2482 2967 Κατελεήσας
2512 2893 2607 2957 οὓς
2637 2896 2933 2967 ἠγάπησας
2954 2894 3407 2961 κεκακωμένους,
3439 2893 3662 2962 Σῶτερ,

2058 2987 2256 3060 ἐχθροῦ
2284 2988 2578 3060 δεινότητι,
2598 2985 2826 3041 Ἐλαιῶν
2849 2986 2908 3052 ἐξ
2940 2986 3122 3057 ὅρους,
3140 2988 3406 3051 Δέσποτα,
3438 2985 3671 3055 βλεπόνο

2055 3058 2633 3152 τωνάνελήφθης’τῶν
2668 3079 2928 3150 μαθητῶν
2959 3097 3078 3147 σου,
3096 3078 3215 3144 πῶς
3257 3079 3396 3150 μετὰ
3426 3080 3667 3149 σαρκὸς,

2058 3172 2475 3245 θαυμαζόντων,
2506 3172 2566 3224 σὲ
2588 3171 2786 3242 νεφέλη
2811 3170 3071 3238 ὑπέλαϐε,
3089 3169 3409 3242 χερουὸικδς
3440 3170 3517 3232 ὼς
3538 3169 3669 3242 θρό-

2057 3283 2147 3331 νος
2167 3282 2180 3297 ’
2213 3266 2294 3320 διό
2324 3283 2385 3319 σε
2417 3267 2513 3319 σὺν
2544 3254 2729 3329 αὑτδῖς
2764 3262 3122 3334 εὐλογοῦμεν.

2124 3450 2199 3503 Οὑ
2227 3448 2540 3518 καταλείψω
2568 3448 2842 3518 ὀρφανοὺς
2876 3447 3044 3518 ὑμᾶς,
3071 3446 3177 3499 υίοὶ
3208 3445 3303 3499 καὶ
3322 3444 3665 3516 κληρονόμοι

2052 3544 2155 3614 τῆς
2187 3543 2463 3613 βασιλείας
2488 3559 2591 3611 μου
2611 3559 2624 3573 ⁸
2652 3539 2894 3594 ἀνελθὼν
2915 3539 2974 3592 δὲ
3001 3539 3095 3593 τὸν
3127 3538 3491 3609 Παράκλητον
3513 3538 3664 3591 ἁπο-

2057 3634 2228 3688 στελῶ
2263 3633 2322 3701 ἐξ
2363 3632 2531 3702 ὕψους
2561 3674 2576 3699 ,
2608 3632 2755 3703 ὑμᾶς
2804 3630 3045 3702 μυοῦντα
3076 3631 3147 3683 τὰ
3176 3632 3316 3701 ὑπὲρ
3341 3628 3661 3697 κατάληψιν

2055 3730 2149 3780 καὶ
2171 3726 2319 3788 νοῦν,
2351 3726 2446 3779 καὶ
2468 3724 2729 3794 πυρίνους
2760 3720 3077 3775 δεικνύοντα
3111 3720 3330 3792 μεθέξει
3360 3720 3489 3783 τοὺς
3540 3737 3661 3790 πη-

2053 3818 2252 3883 λίνους,
2278 3816 2441 3880 ἐϐόας
2471 3817 2743 3889 μαθηταῖς
2779 3833 2898 3880 σου,
2920 3815 3207 3885 οίκτίρμον
3230 3828 3244 3842 ο
3275 3811 3397 3866 ὅθεν
3434 3814 3532 3867 σὺν
3559 3814 3663 3867 αὑ·

2051 3912 2166 3974 τοῖς
2189 3928 2249 3963 σε
2280 3911 2309 3963 ὑ
2319 3910 2450 3979 μνοῦ
2459 3927 2558 3980 μεν
2584 3913 2666 3973 είς
2686 3911 2919 3973 αἰῶνας.

2119 4004 2387 4076 Νομίμων
2415 4003 2560 4074 δίχα,
2582 4004 2756 4074 Κόρη,
2780 4004 2996 4072 φύσεων
3017 4000 3109 4055 τὸν
3129 3999 3425 4069 νομοδότην
3446 3999 3660 4061 τίκτεις

2051 4094 2219 4164 νόμου
2256 4093 2545 4163 ἐξαίροντα
2584 4093 2641 4144 τὸ
2677 4091 2931 4155 σκιῶδες,
2958 4090 3052 4142 καὶ
3078 4089 3179 4158 τῆς
3202 4088 3423 4158 χάριτος
3450 4087 3632 4157 δωροῦ
3649 4116 3661 4126 ο

2053 4203 2214 4256 μενον
2247 4185 2310 4238 τὸ
2341 4185 2546 4254 φέγγος
2565 4201 2581 4215 ·
2609 4184 2692 4243 ,διὸ
2721 4183 2800 4254 τῷ
2831 4183 2981 4254 νόμῳ
3008 4180 3089 4251 τῷ
3118 4179 3222 4250 τῆς
3254 4180 3528 4250 ἁμαρτίας
3560 4195 3657 4249 με,

368 4276 487 4332 ideo
527 4291 615 4333 me
661 4277 764 4331 suh
801 4277 919 4347 lege
954 4276 1163 4347 peccati
1198 4277 1478 4347 alligatum
1510 4274 1707 4339 libera,
1751 4292 1784 4327 υ
1818 4272 1944 4328 Vir-

2079 4277 2469 4350 ιγνὴ,χαλεπῶς
2488 4277 2584 4331 νῦν
2604 4294 2632 4329 τ
2640 4277 2975 4349 ροπούμενον
2995 4272 3386 4345 ἐλευθέρωσον,
3401 4270 3655 4343 ψάλλειν,

362 4381 453 4439 go,
482 4378 539 4423 ut
574 4368 799 4438 psallam
828 4384 840 4421 :
880 4364 1058 4437 Opera
1089 4365 1327 4433 Domini,
1362 4366 1667 4421 benedicite
1690 4364 1943 4420 Domino.

852 4542 966 4599 Nec
1017 4546 1209 4617 suﬁcit
1265 4546 1473 4618 lingua.

435 4634 656 4707 Egentis
685 4635 1088 4708 deperditaeque
1115 4639 1374 4695 misertus
1405 4647 1700 4701 creaturae,
1728 4646 1788 4692 ut
1827 4652 1957 4693 vere

363 4727 663 4782 miseratur
696 4730 870 4793 solus,
914 4730 1204 4785 hominum
1258 4729 1489 4785 induisti
1564 4741 1844 4793 naturam,
1900 4736 1956 4784 et

364 4816 435 4873 fui
453 4819 492 4872 ti
540 4835 636 4890 per
681 4818 1001 4878 Passionem
1036 4832 1186 4879 tuam
1245 4822 1490 4892 alligato,
1542 4821 1608 4876 ad
1647 4819 1864 4876 Patrem
1899 4820 1954 4874 in

365 4917 533 4971 altum
563 4917 893 4982 ascendisti,
936 4918 1199 4985 «Christe,
1248 4917 1436 4972 omnia
1490 4916 1712 4987 replens
1774 4915 1953 4987 gloria

363 5018 481 5066 tua.
1205 5066 1211 5073 .

432 5101 576 5168 Quid
618 5101 892 5159 confracti
941 5104 1079 5159 estis
1116 5103 1322 5169 animo,
1363 5105 1497 5174 quid
1553 5112 1779 5176 stupore
1828 5122 1952 5175 per-

363 5193 550 5249 culsi?
579 5196 890 5251 clamabant
945 5195 1213 5266 apostolis
1240 5196 1421 5266 angeli
1468 5203 1680 5251 stantes
1705 5211 1831 5252 cum
1871 5198 1951 5252 eis

362 5300 418 5340 In
471 5295 655 5340 monte
693 5304 706 5340 :
745 5290 833 5342 hic
862 5286 1025 5343 Jesns
1076 5302 1238 5358 quem
1287 5288 1486 5342 videtis
1537 5273 1949 5353 ascendentem,

364 5377 454 5432 ille
506 5376 561 5431 in
608 5379 779 5433 multa
806 5380 981 5451 gloria
1011 5394 1207 5435 rursus
1232 5380 1416 5434 veniet
1454 5380 1521 5433 atl
1578 5380 1946 5450 judicandum

364 5469 633 5526 mundum
669 5480 724 5525 et
752 5472 1228 5543 unicuiquejuxta
1259 5486 1424 5541 opera
1476 5472 1943 5529 distrilmendmn.

435 5560 482 5617 0
538 5564 632 5633 qui
679 5566 889 5622 sanctis
954 5564 1241 5637 discipulis
1292 5566 1402 5619 tuis
1471 5580 1662 5634 pacem
1719 5566 1946 5632 dedisti,

367 5662 635 5721 praestans
668 5656 792 5711 illos
832 5658 1132 5711 emissione
1157 5656 1394 5725 Spiritus
1431 5657 1509 5710 tui
1558 5656 1768 5724 felices,
1813 5657 1945 5712 Ver-

363 5743 490 5798 bum
526 5743 621 5803 Dei
652 5748 990 5814 misericors,
1035 5751 1188 5805 salva
1223 5763 1322 5805 nos
1358 5748 1426 5804 ab
1462 5748 1662 5807 ictibus
1707 5752 1940 5820 inimici,

2048 4373 2151 4426 Τὸν
2169 4372 2375 4443 Κύριον
2401 4373 2645 4441 ὑμνεῖτε,
2682 4369 2750 4422 τὰ
2772 4369 2930 4440 ἔργα.

2490 4550 2721 4620 Ἀπορεῖ
2750 4547 2923 4604 πᾶσα
2945 4547 3219 4618 γλῶσσα.

2139 4643 2525 4716 Ἠπορημένην
2570 4645 2665 4695 καὶ
2689 4641 3086 4712 κεκακωμένην
3135 4640 3238 4709 τὴν
3290 4637 3466 4693 κτίσιν
3513 4656 3655 4693 κατ-

2058 4736 2318 4808 ηλέησας,
2356 4736 2516 4807 μόνος
2541 4734 2617 4799 ὡς
2649 4735 2911 4806 ὑπάρχων
2939 4733 3187 4804 ἐλεήμων
3209 4734 3304 4785 καὶ
3324 4731 3652 4801 οἰκτίρμιυνο

2060 4831 2241 4901 σάρκα
2258 4828 2607 4900 ἀνθρωπίνην
2630 4827 2886 4899 εἴληφας,
2908 4827 3003 4880 καὶ
3029 4825 3121 4878 διὰ
3153 4823 3361 4887 πάθους
3386 4823 3477 4875 τὸν
3502 4826 3657 4892 ἰσχν-

2062 4921 2152 4994 ρὸν
2178 4920 2483 4992 δεσμεύσας
2514 4920 2839 4991 ἁνέδραμες,
2872 4919 2915 4972 Χ
2927 4919 3097 4990 ριστὲ,
3127 4917 3239 4972 ἄνω
3268 4916 3403 4988 πρὸς
3423 4916 3513 4969 τὸν
3546 4918 3655 4969 Πα-

2055 5012 2211 5082 τέρα,
2235 5010 2532 5083 πληρώσας
2565 5010 2721 5081 δόξης
2749 5009 2819 5063 τὰ
2849 5010 3164 5080 σύμπαντα.

2125 5103 2191 5155 Τί
2227 5101 2520 5173 ἁθυμεῖτε;
2549 5100 2602 5154 τί
2634 5099 2689 5153 δὲ
2718 5098 3124 5170 ἐκθαμϐεῖσθες
3163 5096 3334 5150 ἐϐόων
3381 5098 3491 5159 τοῖς
3520 5096 3654 5148 ἀπο-

2058 5196 2268 5258 στόλοις
2317 5194 2543 5263 ἄγγελοι
2592 5193 2873 5263 ἱστάμενοι
2932 5194 3030 5245 σὺν
3058 5190 3268 5254 τούτοις
3303 5191 3360 5242 ἐν
3392 5188 3468 5260 τῷ
3494 5189 3647 5240 6:5:-

2053 5283 2209 5351 οὗτος
2252 5287 2455 5359 Ἰησοῦς
2472 5287 2531 5341 ὃν
2555 5286 2783 5357 βλέπετε
2814 5284 3215 5353 ἀναληφθέντα,
3238 5282 3413 5346 οὕτως
3436 5284 3494 5333 ἐν
3520 5284 3569 5336 δ’
3585 5286 3652 5355 ξε

2056 5380 2219 5435 πάλιν
2249 5378 2527 5433 ἐλεύσεται
2564 5377 2755 5449 πολλῇ,
2784 5378 2970 5447 κρῖναι
3005 5376 3103 5446 τὴν
3146 5372 3499 5445 οἰκουμένην,
3554 5381 3651 5426 καὶ

2056 5474 2192 5526 πᾶσι
2223 5475 2407 5543 νεῖμαι
2435 5471 2503 5525 τὰ
2532 5471 2676 5536 ἄξια.

2138 5561 2196 5614 '0
2219 5561 2319 5631 τὴν
2352 5560 2579 5631 εἰρήνην
2601 5558 2725 5621 δοὺς
2755 5560 2864 5621 τοῖς
2906 5558 3071 5626 ἱεροῖς
3107 5556 3377 5627 μαθηταῖς
3410 5572 3528 5615 anu,
3568 5554 3652 5628 τῷ

2052 5650 2331 5722 Πνεύματί
2346 5668 2439 5703 σου
2461 5651 2666 5711 πάντας
2684 5649 3008 5719 εὐλογήσας,
3024 5647 3305 5719 οἰκτίρμον
3328 5645 3463 5699 Θεοῦ
3481 5645 3652 5711 Aera,

2052 5746 2116 5800 ἐκ
2147 5746 2239 5799 τοῦ
2290 5744 2527 5817 πονηροῦ
2581 5744 2920 5815 σνντήρησον
2959 5740 3153 5814 [ἡμᾶς]
3181 5738 3650 5813 ἁπαρατρώτουςθ
