3986 6236
488 318 637 391 3983

1354 317 1412 375 s.
1456 278 1868 375 serimus”
1918 313 2422 373 erumnam:
2462 316 2862 373 θωρακίου.

3622 320 3736 383 εδει

488 431 721 494 concha,
752 429 1107 499 synthrouus,
1143 440 1300 498 myax
1335 438 1389 482 et
1437 428 1539 481 alia
1572 427 1813 496 ejusdem
1856 430 2070 499 generis

2169 443 2375 496 στηκεν
2412 429 2442 495 ἡ
2482 427 2675 494 κόγχη,
2713 427 2770 477 τὸ
2804 424 3108 495 σύνθρονον,
3158 427 3185 478 6
3214 425 3387 497 μύαξ,
3417 433 3514 483 καὶ
3564 436 3623 488 τά
3648 454 3736 491 τοι·

490 525 746 577 habeant.
784 519 1024 575 Ecclesia
1088 521 1158 574 ita
1216 521 1547 585 nominatur,
1608 522 1836 590 quodin
1893 537 1954 575 ea
1991 537 2074 575 or-

487 614 709 669 thodoxi
765 625 1164 684 congregantur
1207 620 1261 666 et
1305 621 1707 677 Convocantur;
1762 613 2073 681 complexus

485 721 702 777 quoque
743 715 988 769 vocatur,
1030 706 1158 773 quia
1208 704 1477 758 mirabilia
1531 703 1621 758 Dei
1656 707 1706 758 in
1764 720 1821 759 se
1873 704 2068 771 habet;

485 799 713 863 concha,
742 798 894 867 juxta
930 796 1437 852 Bethlehemiticum
1467 797 1735 851 stabulum
1766 805 1817 850 et
1846 796 2069 865 spelun-

400 872 421 885 ’
487 902 607 941 cam
655 888 708 941 iu
761 903 864 956 qua
919 886 1164 955 sepultus
1220 896 1302 941 est
1372 886 1668 952 Dominus;
1737 888 2070 958 synthronus

487 991 649 1051 typus
681 989 761 1034 est
794 980 974 1034 throni
1011 980 1269 1045 etelestis,
1302 981 1353 1033 in
1389 996 1572 1050 quem,
1603 995 1722 1034 cum
1752 995 1915 1033 carne
1946 995 2066 1043 sua,

486 1082 796 1140 assumptus
845 1071 1019 1125 victor
1107 1072 1266 1139 hujus
1325 1074 1509 1126 mundi
1563 1082 1616 1126 et
1676 1089 1783 1142 quo
1850 1072 2064 1126 insedit.

488 1162 830 1233 Syntht‘onus
892 1165 1091 1219 dicitur
1168 1175 1225 1220 et
1277 1182 1383 1220 non
1442 1166 1767 1235 simpliciter
1818 1165 2065 1229 thrOuus,

485 1257 613 1322 quia
654 1255 824 1309 Filius
866 1271 986 1309 cum
1041 1255 1205 1310 Patre
1238 1257 1289 1310 in
1328 1273 1392 1310 eo
1436 1256 1723 1323 consedit;
1760 1258 1937 1310 cacteri
1972 1272 2067 1307 an-

487 1361 592 1402 tem
635 1348 920 1417 synthroui
972 1350 1232 1403 honorem
1298 1349 1561 1413 indicant,
1606 1365 1766 1420 quem
1801 1360 1922 1421 post
1979 1365 2063 1403 re—

400 1455 407 1465 ‘
483 1445 879 1497 surrectiouem
927 1457 1081 1495 suam
1125 1453 1528 1510 consequentur
1549 1442 1679 1511 justi
1705 1442 1856 1513 juxta
1895 1442 2063 1497 illud:

489 1553 507 1582 ς
550 1533 659 1600 ligo
713 1533 847 1595 dixi,
895 1530 973 1584 Dii
1030 1532 1162 1584 estis
1188 1532 1231 1587 ¹.
1275 1549 1294 1581 )
1362 1531 1659 1584 Consident
1722 1531 2062 1596 sacerdotes,

485 1623 710 1690 perinde
732 1638 796 1676 ac
820 1623 862 1677 si
885 1638 1005 1676 cum
1032 1621 1252 1676 Christo
1280 1622 1521 1676 cruciﬁxi
1572 1631 1756 1677 essent
1789 1636 1912 1676 cum
1945 1636 2066 1692 pas-

486 1717 734 1769 siuuihus
774 1714 891 1769 suis
933 1723 987 1768 et
1016 1710 1308 1768 desideriis
1337 1730 1351 1775 ;
1393 1713 1627 1766 ministri
1658 1726 1788 1767 vero
1818 1714 1869 1766 in
1899 1728 2065 1782 ange-

2175 515 2334 568 αῦταο
2375 516 2668 586 Ἐκκλησία
2691 517 2905 584 λέγεται
2922 517 2997 580 ὡς
3019 519 3074 596 έν
3096 518 3266 591 ταύτῃ
3290 528 3737 595 συναγειρομένων

2174 609 2269 662 καὶ
2294 610 2641 679 καλουμένων
2663 611 2769 663 τῶν
2800 609 3114 678 ὀρθοδόξων·
3151 611 3478 682 ὀνομάζεται
3527 618 3582 671 δὲ
3614 637 3737 690 περι.

2173 701 2291 772 οχὴ,
2314 700 2501 771 ὥσπερ
2526 700 2722 770 ἔχουσα
2755 702 2821 754 τὰ
2855 700 2948 752 τοῦ
2975 700 3112 754 θεοῦ
3147 703 3466 773 τεράστεια·
3499 706 3659 778 κόγχη
3692 710 3736 763 δὶ

2174 792 2315 844 κατά
2335 792 2395 843 τὸ
2424 792 2482 843 ὲν
2508 790 2754 860 Βηθλεὲμ
2787 791 3074 861 σπήλαιον,
3108 794 3202 844 καὶ
3235 796 3382 847 κατὰ
3414 795 3474 847 τὸ
3502 800 3737 867 σπήλαιον

2172 882 2303 937 ἔνθα
2350 884 2556 954 ἐτάφη·
2591 884 2650 935 τὸ
2681 882 2966 954 σύνθρονόν
2997 885 3113 937 em
3147 885 3320 949 τύπος
3361 886 3458 940 τοῦ
3507 893 3736 943 Δεσποτιο
3770 948 3773 949 ν

2175 975 2274 1030 κοῦ
2310 977 2524 1048 θρόνον,
2562 980 2620 1030 έν
2737 979 2964 1047 νικήσας
2992 977 3085 1029 τὸν
3126 979 3332 1048 κόσμον
3371 981 3511 1051 μετὰ
3561 987 3734 1054 σαρκός

2171 1069 2468 1140 ἀνελήφθη,
2488 1070 2580 1122 καὶ
2614 1071 2670 1121 ὲν
2703 1068 2850 1138 αὐτῷ
2873 1069 3117 1122 ἐκάθισεο
3144 1070 3439 1142 σύνθρονον
3461 1074 3516 1126 δὲ
3548 1073 3732 1142 λέγεται

2170 1162 2265 1214 καὶ
2285 1161 2344 1213 οὐ
2366 1160 2572 1231 θρόνος,
2591 1160 2678 1213 διὰ
2702 1159 2760 1212 τὸ
2784 1160 3216 1227 συγκαθέζεσθαι
3241 1162 3331 1215 τὸν
3364 1163 3493 1217 Υἱὸν
3519 1167 3731 1235 μετὰτοῦ

2172 1252 2383 1324 Πατρός
2405 1269 2418 1282 °
2444 1252 2511 1305 τὰ
2553 1252 2715 1305 λοιπὰ
2751 1251 3018 1322 σύνθρονα
3074 1252 3297 1323 δηλοῦσι
3346 1254 3446 1326 τὴν
3476 1258 3653 1326 τιμὴν,
3678 1261 3731 1329 ἢν

2174 1346 2316 1415 μετὰ
2344 1347 2442 1416 τὴν
2465 1346 2761 1399 ἀνάστασιν
2791 1345 3098 1414 ὀφείλουσιν
3140 1346 3440 1400 ἀπολαϐεῖν
3464 1350 3512 1400 οἱ
3541 1348 3726 1401 δίκαιοι·

2169 1440 2312 1492 κατὰ
2336 1439 2417 1505 τὸ,
2449 1439 2619 1508 «Ἐγὼ
2642 1436 2774 1493 εἶπα
2791 1454 2804 1469 ·
2832 1439 2956 1492 θεοί
2974 1440 3122 1493 ἐστε’
3149 1458 3167 1491 ι
3192 1441 3614 1509 συγκαθέζονται
3626 1443 3673 1495 δὲ
3689 1446 3728 1497 οι

2171 1534 2335 1604 ἱερεῖς
2351 1535 2426 1599 ὡς
2442 1533 2517 1603 τῷ
2543 1532 2765 1604 Χριστῷ
2783 1522 3291 1603 συνσταυρωθέντες
3317 1532 3420 1587 σὺν
3444 1535 3552 1597 τοῖς
3574 1534 3727 1603 παθὴ-

2128 1628 2131 1629 ⁷
2175 1644 2306 1697 μασι
2338 1629 2432 1679 καὶ
2461 1628 2581 1690 ταῖς
2609 1625 2952 1696 ἐπιθυμίαις,
2993 1626 3103 1679 τῶν
3140 1624 3408 1680 διακόνων
3458 1626 3726 1697 ἱσταμένων
3775 1631 3780 1634 ’

2168 1720 2249 1782 εἰς
2287 1718 2457 1772 τύπον
2496 1718 2602 1771 τῶν
2622 1717 2890 1787 ἀγγέλωνο
2913 1718 3042 1786 ἁγία
3059 1717 3164 1786 τρά
3175 1716 3319 1781 πειτα
3340 1716 3492 1787 δηλοῖ
3516 1717 3574 1771 τὸ
3596 1716 3724 1785 ἅγιον

487 1808 661 1861 lorum
695 1809 912 1861 murium
943 1814 1146 1861 astant.
1204 1805 1388 1859 Mensa
1421 1818 1612 1859 sancta
1645 1814 1892 1860 sanctum
1947 1818 2063 1858 mo-

2169 1811 2454 1880 μνημεῖον,
2513 1812 2571 1863 ὲν
2714 1807 2891 1878 ἐτάφη
2919 1810 2991 1878 ’ἡ
3048 1809 3104 1860 δὲ
3134 1808 3266 1875 ἁγία
3310 1807 3565 1877 πρόθεσις
3590 1808 3616 1858 6
3644 1805 3719 1858 τοῦ

486 1904 805 1949 numentum
882 1896 1073 1959 refert,
1133 1894 1185 1946 in
1238 1908 1344 1962 quo
1391 1893 1635 1960 sepultus
1692 1890 2061 1959 esl;'sancta

480 1986 757 2060 prothesis
779 1982 1071 2039 calvariam
1105 1983 1206 2035 loci
1234 1983 1284 2036 iu
1323 1996 1430 2050 quo
1460 1980 1757 2036 cruciﬁxus
1784 1988 1869 2034 est
1895 1997 1908 2033 :
1942 1979 2065 2034 ideo

478 2083 822 2137 sacriﬁcatur
854 2076 906 2133 in
940 2090 1003 2130 ea
1032 2090 1047 2141 ;
1091 2074 1350 2137 ciborius,
1384 2071 1437 2124 in
1477 2072 1694 2125 modum
1749 2068 2065 2124 Noemitieze

479 2187 619 2228 arca:
654 2170 756 2244 [οἱὸ
821 2184 849 2224 a
886 2169 1069 2224 cihoto
1099 2162 1271 2236 (arca)
1310 2172 1360 2216 ct
1392 2163 1535 2214 crius
1569 2160 1638 2214 ab
1678 2158 1895 2213 horario
1920 2156 2066 2211 ordi-

482 2264 632 2338 nato]
670 2262 1013 2328 desumitur;
1040 2258 1343 2313 cenvoluta:
1375 2265 1555 2309 autem
1584 2252 1847 2308 columna:
1867 2249 2066 2303 adimi-

483 2359 737 2413 tatiouem
812 2364 1046 2426 quatuor
1121 2351 1435 2406 animalium
1507 2344 1834 2416 accipiendae
1914 2352 2062 2407 sunt,

480 2467 601 2522 quze
635 2449 769 2504 vidit
807 2448 1091 2517 propheta.

543 2563 605 2621 ‘5.
660 2565 847 2620 Altare
886 2563 966 2618 sic
994 2560 1338 2624 tioriiinatttr,
1388 2557 1471 2611 vel
1501 2555 1657 2625 juxta
1702 2553 1976 2609 cmlestem
2010 2557 2064 2607 et

481 2658 820 2729 spiritualem
881 2668 1055 2712 aram.
1112 2653 1184 2706 ita
1217 2660 1274 2705 ut
1325 2650 1639 2705 sacerdotes
1673 2645 1875 2700 terreni
1913 2646 2060 2698 hier-

481 2750 700 2806 archias
763 2753 1154 2818 repraesentem
1235 2739 1542 2811 spirituales
1618 2748 1671 2792 et
1735 2736 2064 2790 immateria-

479 2845 580 2911 les,
634 2859 753 2911 qua:
803 2834 951 2894 more
1012 2836 1152 2908 ignis
1203 2833 1463 2887 ardentis
1519 2830 1923 2900 splendescunt,
1978 2828 2062 2881 vel

474 2939 629 3006 juxta
654 2949 868 2990 sacrum
887 2931 1088 2986 Chrisni
1113 2937 1554 2989 monumentum,
1585 2924 1640 2977 iu
1674 2937 1783 2992 quo
1800 2921 1974 2975 Filius
2003 2935 2062 2973 se

481 3029 759 3083 victimam
810 3025 918 3079 Deo
965 3021 1113 3078 Patri
1164 3020 1384 3074 obtulit.
1436 3017 1594 3088 Myax
1635 3015 1854 3088 (volutae
1898 3026 2062 3082 super

2167 1902 2404 1972 Κρανίου
2437 1904 2599 1964 τόπος
2638 1903 2697 1953 ἐν
2724 1893 2768 1966 ᾧ
2801 1898 3118 1971 ἐσταυρώθη
3147 1916 3161 1931 ο
3192 1899 3290 1953 καὶ
3315 1899 3407 1952 διὰ
3437 1897 3587 1950 τοῦτο
3617 1897 3719 1948 θύεν

2177 2009 2267 2045 ται
2298 1996 2355 2045 ἐν
2386 1991 2536 2063 αὐτῷ
2556 2007 2569 2022 ο
2596 1993 2623 2044 6
2653 1988 2925 2061 κυὸὠριός
2962 1992 3109 2042 ἐστιν
3138 1989 3215 2052 εἰς
3246 1986 3420 2041 τύπον
3449 1987 3543 2057 τῆς
3578 1987 3720 2039 κιῆω-

2166 2083 2262 2137 τοῦ
2291 2083 2385 2138 τοῦ
2428 2084 2551 2137 Νῶε
2580 2099 2594 2114 ’
2628 2082 2689 2136 τὸ
2715 2083 2814 2153 μὲν
2836 2083 2944 2151 γὰρ
2971 2080 3071 2134 κὶϐ
3105 2080 3364 2145 κιϐωτὸς,
3413 2080 3474 2133 τὸ
3497 2073 3549 2133 δὲ
3574 2077 3719 2147 ὥριον

2174 2175 2421 2230 τουτέστι
2461 2172 2702 2240 διάταξις
2765 2171 2931 2226 αὐτοῦ
2956 2188 2970 2200 ·
3002 2171 3072 2225 τὰ
3101 2171 3159 2226 δὲ
3227 2172 3557 2243 παρακιόνια
3605 2174 3718 2223 κατὰ

2169 2269 2399 2340 μίμησιν
2425 2266 2531 2320 τῶν
2561 2266 2842 2337 τεσσάρων
2863 2264 3015 2330 ζώων
3057 2262 3165 2318 τῶν
3188 2262 3468 2333 ὀφθέντων
3504 2261 3577 2333 τῷ
3607 2278 3717 2333 προ·

2168 2364 2333 2432 carn-

2235 2587 2269 2640 γ
2289 2611 2301 2625 .
2323 2568 2718 2639 Θυσιαστήριον
2747 2566 2966 2635 λέγεται
2996 2565 3139 2620 κατὰ
3190 2566 3252 2619 τὸ
3277 2564 3590 2637 ἐπουράνιον
3642 2559 3714 2614 καὶ

2164 2662 2358 2735 νοερὸν
2409 2660 2795 2731 θυσιαστήριον
2837 2661 2895 2713 ἐν
2941 2651 2986 2726 ᾧ
3018 2658 3380 2715 ἀντιτυποῦσι
3412 2657 3508 2720 τὰς
3552 2653 3709 2724 νοερᾶς

2163 2756 2258 2808 καὶ
2290 2753 2490 2816 ἀύλους
2543 2751 2830 2823 ἱεραρχίας
2857 2750 2907 2803 οἱ
2950 2748 3127 2802 ένυλοι
3183 2749 3384 2819 ἱερεῖς·
3418 2745 3626 2807 τούτους
3664 2742 3708 2794 δὲ

2162 2845 2304 2903 εἶναι
2335 2846 2409 2909 ὡς
2441 2845 2553 2916 πῦρ
2584 2845 2782 2914 φλέγον
2815 2857 2829 2872 ⁸
2865 2842 3067 2914 ἢκατὰ
3093 2841 3155 2894 τὸ
3197 2843 3358 2910 ἆγιον
3402 2840 3579 2910 μνῆμα
3600 2838 3708 2904 Χρισ

2163 2939 2311 3004 στοῦ,
2336 2930 2460 3006 ὲνῷ
2510 2936 2703 2991 θυσίαν
2734 2935 2923 2989 ἑαυτὸν
2949 2934 3308 3006 προσήγαγεν
3346 2933 3425 3004 τῷ
3478 2929 3589 3001 Θεῷ
3630 2927 3707 2981 καὶ

2164 3032 2336 3098 Πατρὶ
2364 3030 2392 3082 6
2414 3027 2670 3100 Χριστός.
2698 3024 2860 3091 Μύαξ
2894 3026 2923 3077 6
2950 3026 3136 3080 ἐπάνω
3165 3023 3260 3077 τοῦ
3291 3024 3548 3095 βήματος,
3579 3019 3712 3077 τύπος

482 3118 597 3190 ara)
677 3118 913 3185 primum
984 3113 1180 3183 ﬁgurat
1239 3111 1477 3171 malum,
1527 3117 1583 3161 et
1640 3107 1747 3160 alia
1803 3103 2058 3158 Ecclesia).

2169 3124 2253 3177 τοῦ
2296 3122 2515 3193 πρώτου
2550 3119 2782 3192 ούρανοῦ
2812 3135 2826 3149 ·
2859 3120 2920 3172 τὸ
2953 3118 3008 3172 δὲ
3048 3117 3232 3172 λοιπὸν
3264 3118 3454 3182 στέγος
3479 3116 3570 3185 τῆς
3619 3111 3714 3164 Ἐκο

483 3211 757 3266 structura
779 3213 1129 3275 repraesentat
1150 3202 1547 3256 ﬁrmamentum
1583 3197 1820 3262 visibile,
1859 3206 1912 3248 et
1942 3210 2059 3264 quae

486 3303 623 3359 infra
679 3314 941 3356 succensa
973 3306 1099 3353 sunt
1150 3293 1474 3351 candelabra
1525 3293 1788 3347 rationein
1826 3289 2063 3342 siderum

483 3398 716 3461 habent;
759 3394 957 3463 gradus
984 3389 1259 3445 caelestem
1309 3386 1588 3441 imitantur
1637 3397 1811 3445 aram,
1844 3391 1899 3434 et
1920 3380 2064 3434 sicut

482 3474 683 3547 ibidem
725 3486 1039 3541 ministrant
1069 3481 1247 3552 angeli
1282 3478 1401 3542 Dei,
1432 3479 1512 3533 sic
1552 3485 1607 3530 et
1637 3473 1845 3529 terreni
1874 3487 2064 3528 sacer-

482 3584 636 3637 dotes
678 3581 731 3633 in
783 3577 1044 3649 gradibus
1078 3583 1255 3629 astant
1306 3578 1362 3626 et
1388 3569 1614 3625 Domino
1661 3568 1866 3622 cultum
1915 3563 2065 3619 debi—

484 3686 597 3728 tum
627 3686 842 3741 semper
868 3668 1130 3722 tribuunt.
1175 3663 1381 3720 Idcirco
1420 3659 1677 3716 cenvcnit
1725 3655 2063 3711 sacerdotem

482 3783 606 3824 esse
632 3766 813 3835 ignem
854 3764 1158 3824 ardentem,
1217 3751 1779 3826 irrcpreltcnsibilem,
1810 3748 1879 3802 ab
1916 3746 2063 3800 omni

487 3858 698 3913 macula
735 3867 789 3910 et
818 3852 1211 3923 improbatione
1260 3848 1484 3902 liberum
1513 3862 1527 3911 ;
1582 3841 1892 3898 sacerdotes
1919 3838 2064 3892 enim

484 3949 937 4019 archangclorum
994 3945 1168 3998 vicem
1213 3946 1425 4012 gerunt,
1496 3948 1553 3991 et
1610 3931 2065 4004 quemadmodum

486 4041 773 4110 Seraphim
825 4038 1118 4093 carbonem
1178 4033 1423 4102 suscepit
1470 4038 1527 4084 et
1554 4026 1778 4081 tradidit
1840 4019 2066 4084 lsaiae’,

484 4140 564 4196 sic
598 4134 916 4205 sacerdotes
946 4138 1168 4184 sumunt
1198 4141 1411 4196 panem,
1443 4125 1492 4178 id
1524 4133 1607 4176 est
1629 4132 1822 4187 corpus
1855 4112 2067 4169 Domini

485 4243 541 4289 et
604 4233 734 4286 dant
767 4224 985 4298 populo.
1018 4222 1096 4277 Ne
1126 4220 1247 4290 quis
1294 4219 1460 4290 igitur
1479 4214 1735 4284 opinetur
1766 4211 1964 4280 ﬁguras
1993 4220 2071 4258 re-

485 4322 900 4395 prarsentatiras
957 4324 1167 4370 tantum
1230 4325 1352 4367 esse
1409 4318 1629 4363 sanctas
1708 4300 1954 4371 corporis
2014 4303 2071 4350 et

485 4414 770 4487 sanguinis
803 4408 1044 4476 Christi;
1075 4415 1161 4461 ast
1190 4404 1377 4459 credat
1406 4402 1635 4470 quisque
1674 4409 1866 4465 panem
1901 4401 1953 4443 et
1988 4404 2069 4441 νι-

2164 3216 2394 3288 κλησίας
2425 3216 2504 3278 εἰς
2528 3213 2696 3268 τύπον
2725 3211 2820 3266 τοῦ
2850 3211 3178 3282 φαινομένου
3205 3210 3462 3282 ούρανοῦ,
3481 3210 3572 3270 τὰς
3595 3222 3705 3258 καν-

2162 3309 2323 3379 δήλας
2371 3305 2736 3378 ὑφαπτούσας
2777 3303 3022 3359 κάτωθεν
3054 3305 3176 3373 ἔχον
3204 3304 3330 3357 ἀντὶ
3360 3302 3467 3356 τῶν
3488 3298 3710 3369 ἀστέρωνο

2164 3401 2224 3454 τὸ
2251 3401 2309 3453 δὲ
2351 3397 2502 3471 βῆμά
2536 3399 2656 3451 ὲστι
2703 3396 2847 3451 κατὰ
2878 3397 3110 3466 μίμησιν
3143 3394 3237 3448 τοῦ
3290 3391 3601 3464 ἐπουρανίου
3639 3387 3709 3437 θυ-

2168 3488 2509 3558 σιαστηρίουο
2551 3489 2647 3541 καὶ
2691 3487 2882 3559 ὥσπερ
2926 3486 3339 3557 λειτουργοῦσιν
3393 3483 3597 3553 ἄγγελοι
3635 3475 3708 3529 τοῦ

2159 3580 2323 3646 Θεοῦ,
2371 3581 2545 3644 οὕτως
2592 3583 2651 3635 ὲν
2696 3580 2775 3651 τῷ
2811 3574 2951 3653 άγίῳ
3002 3582 3208 3652 βήματι
3270 3580 3512 3634 ἵστανται
3562 3573 3641 3627 καὶ
3672 3568 3709 3621 οἱ

2165 3674 2339 3728 ένυλοι
2371 3675 2536 3745 ἱερεῖς
2566 3674 2918 3745 παρεστῶτες
2955 3674 3052 3727 καὶ
3080 3671 3432 3744 λατρεύοντες
3454 3671 3522 3740 τῷ
3562 3662 3710 3735 Κυρίφ

2164 3767 2486 3830 διαπαντός·
2510 3766 2715 3821 καῖ’διὰ
2751 3766 2909 3820 τοῦτο
2931 3766 3160 3837 ἁρμόζει
3190 3766 3284 3818 τὸν
3343 3765 3507 3836 ἱερέα,
3528 3762 3595 3824 ὡς
3623 3756 3708 3823 πῦρ

2167 3861 2364 3930 φλέγον
2392 3857 2559 3923 εἶναι,
2595 3859 2848 3929 καθάπερ
2873 3875 2932 3910 τε
2973 3860 3069 3911 καὶ
3098 3858 3389 3928 ἄμεμπτον
3425 3856 3525 3910 ἀπὸ
3549 3847 3708 3908 παντὸς

2178 3948 2352 4020 ῥύπου
2386 3949 2479 4000 καὶ
2508 3947 2724 4018 μώμου·
2759 3948 2808 4000 οἱ
2839 3948 3004 4018 ἱερεῖς
3025 3946 3342 4016 ὁμοιοῦνται
3374 3940 3705 4016 ἀρχαγγέλοις⁸

2168 4039 2201 4111 ἢ
2227 4038 2332 4112 γὰρ
2348 4039 2536 4110 ὥσπερ
2565 4039 2813 4109 Σεραφὶμ
2838 4037 2997 4090 ἔλασε
3018 4038 3110 4089 τὸν
3148 4036 3398 4106 ἄνθρακα
3423 4038 3512 4089 καὶ
3543 4030 3707 4084 δέδωκε

2169 4133 2249 4205 τῷ
2292 4131 2512 4203 Ἡσαΐᾳ,
2543 4130 2717 4192 οὔτως
2751 4130 2847 4184 καὶ
2877 4129 2928 4184 οἱ
2961 4131 3124 4200 ἱερεῖς
3167 4128 3502 4198 λαμϐάνουσι
3526 4124 3605 4177 τὸν
3630 4119 3707 4188 ἄρ·

2170 4242 2260 4277 τον
2306 4224 2427 4295 ἤτοι
2460 4224 2522 4276 τὸ
2560 4223 2888 4277 Δεσποτικὺν
2926 4223 3088 4292 σῶμα
3145 4224 3237 4275 καὶ
3290 4222 3487 4275 διδόασι
3518 4216 3584 4286 τῷ
3603 4210 3705 4278 λαῷ.

2170 4317 2375 4386 Μηδεὶς
2423 4316 2517 4369 οῦν
2581 4315 2808 4369 δοκείτω
2860 4315 3126 4369 ἀντίτυπα
3194 4310 3339 4368 εἶναι
3399 4314 3462 4367 τά
3503 4311 3614 4376 ἅγια
3636 4299 3706 4355 τοῦ

2174 4408 2426 4478 σώματος
2462 4407 2557 4461 καὶ
2593 4408 2828 4477 αἵματος
2869 4406 2962 4459 τοῦ
2992 4406 3254 4477 Χριστοῦ,
3312 4406 3447 4460 ἀλλὰ
3470 4404 3553 4457 τὸν
3578 4401 3707 4467 ἄρτον

488 4526 619 4565 num
632 4506 876 4562 oblatum
893 4499 1140 4557 converti
1160 4499 1213 4553 in
1233 4510 1428 4567 corpus
1442 4503 1498 4549 et
1512 4490 1827 4558 sanguinem
1847 4479 2069 4538 Christi.

2177 4500 2386 4553 καὶτὸν
2420 4496 2562 4553 οἶνον
2613 4499 2916 4552 πιστευέτω
2949 4480 3397 4569 προσφερόμενον
3429 4488 3708 4568 μεταϐάλλε-

491 4602 610 4656 Alia
645 4595 962 4668 explicatio.
1019 4591 1233 4648 Gradus
1283 4588 1523 4659 (podiqu
1580 4581 1789 4637 scilicet
1827 4570 2064 4643 sacrum)

459 4702 574 4776 ‘est
630 4667 874 4746 elevatus
936 4693 991 4741 et
1041 4685 1141 4740 sub
1208 4681 1435 4751 pedibus
1509 4676 1705 4739 locus;
1771 4667 2065 4725 secundum

489 4784 693 4843 Christi
741 4782 944 4838 indicat
979 4775 1350 4850 praasentiam,
1379 4770 1471 4841 qui
1516 4766 1761 4822 insidens
1799 4759 2065 4832 iudicabit

492 4882 646 4936 vivos
678 4886 732 4933 et
762 4884 1023 4932 mortuos.
1116 4944 1121 4949 Ι

561 4971 615 5026 4.
654 4968 896 5025 Ornatus
941 4945 1173 5030 ﬁtjuxta
1203 4970 1416 5013 sacrum
1461 4962 1515 5008 et
1559 4950 1786 5021 legalem
1821 4945 2062 5013 cultum;

488 5063 693 5121 Christi
719 5057 965 5115 cruciﬁxi
1004 5063 1231 5107 mortem
1251 5049 1304 5101 iu
1321 5060 1483 5101 cruce
1508 5051 1826 5097 exornatam
1849 5038 2075 5094 (ierimus

491 5156 777 5220 strat,sive
800 5146 1082 5205 velaminis
1101 5142 1326 5196 formam
1345 5136 1528 5202 refert;
1548 5133 1772 5187 cancelli
1793 5132 1856 5186 ad
1871 5144 2074 5185 morem

492 5247 862 5304 cancellorum
889 5232 1305 5305 suntscpulcri;
1338 5243 1502 5299 Opera
1521 5239 1671 5280 aenea
1712 5239 1832 5293 quae
1866 5223 2065 5291 simpli-

493 5356 610 5395 cem
626 5340 930 5405 iugressum
950 5330 1216 5390 adimunt,
1239 5318 1692 5378 locumorationis
1716 5316 1975 5380 indicant,
2007 5316 2073 5369 ab

493 5433 720 5486 introitu
793 5426 1046 5495 populum
1119 5417 1447 5475 exteriorem
1498 5411 1773 5471 cohibent,
1841 5409 2071 5463 interius

546 5609 567 5641 ²
601 5609 737 5661 Pani.
795 5623 976 5668 nam,
1005 5605 1057 5660 6.
1119 5605 1139 5636 ³
1174 5605 1278 5659 lsa.
1313 5619 1387 5668 vr,
1421 5602 1475 5657 6.

2173 4593 2296 4645 σθαι
2348 4594 2428 4657 εἰς
2461 4593 2618 4663 σῶμα
2655 4592 2751 4646 καὶ
2787 4586 2925 4661 αἷμα
2973 4593 3210 4663 Χριστοῦ
3242 4592 3343 4662 tl).
3403 4587 3610 4645 Ἄλλως·
3652 4576 3709 4629 Τὸ

2173 4681 2321 4752 βῆμα
2352 4682 2467 4734 ἐστὶ
2493 4681 2656 4744 τόπος
2692 4680 3021 4750 ὗπόδᾱθρος·
3055 4681 3397 4735 ύποδεικνύει
3430 4676 3591 4743 δὲτὴν
3617 4670 3707 4721 δευ-

2171 4775 2337 4846 τέραν
2387 4774 2697 4847 παρουσίαν
2723 4815 2738 4840 ,
2769 4775 2859 4828 διὰ
2893 4775 2952 4827 τὸ
2998 4775 3236 4829 καθέντα
3281 4777 3340 4828 ἐν
3366 4774 3495 4840 αὐτῇ
3540 4763 3707 4837 μέλλειν

2173 4869 2351 4938 κρῖναι
2366 4866 2573 4932 ζῶντας
2589 4867 2684 4920 καὶ
2705 4868 2951 4938 νεκρούς.

2242 4957 2304 5012 δ’.
2336 4958 2632 5029 Κοσμητὴς
2699 4958 2818 5010 ἐστὶ
2860 4960 3005 5011 κατὰ
3055 4958 3116 5011 τὸ
3174 4957 3394 5026 νομικὸν
3445 4952 3531 5005 καὶ
3583 4946 3702 5013 ἄτιον

2185 5050 2436 5121 κόσμιον,
2488 5053 2752 5122 ἐμφαῖνον
2809 5051 2903 5104 τοῦ
2950 5051 3354 5118 σταυρωθέντος
3404 5040 3618 5117 Χριστοῦ
3662 5032 3707 5085 τὸ

2183 5141 2574 5211 ὲκδφράγισμα
2608 5142 2692 5197 διὰ
2722 5143 2956 5213 σταυροῦ
2992 5143 3393 5214 κοσμούμενον,
3421 5140 3450 5209 ἦ
3476 5138 3549 5198 εἰς
3572 5130 3705 5183 τύπον

2181 5235 2209 5286 ὁ
2234 5235 2518 5304 κοσμητὴς
2543 5233 2637 5287 τοῦ
2660 5235 3152 5305 καταπετάσματος
3181 5251 3195 5263 ·
3226 5230 3562 5302 τὰκάγκελλα
3588 5215 3705 5276 ἀντί-

2180 5340 2325 5376 τυπα
2384 5325 2491 5377 τῶν
2551 5325 2644 5377 τοῦ
2699 5325 2873 5395 τάφου
2913 5326 3249 5395 καγκέλλωψ
3292 5323 3462 5396 χαλκᾶ
3488 5318 3537 5372 δὲ
3566 5310 3640 5367 διὰ
3660 5304 3705 5356 τὸ

2182 5414 2257 5483 μὴ
2305 5414 2647 5485 εἰσέρχεσθαί
2678 5433 2799 5470 τινα
2832 5416 3017 5480 ἁπλῶς
3051 5434 3065 5450 ο
3099 5415 3317 5487 δηλοῦσι
3348 5414 3402 5468 δὲ
3447 5409 3533 5465 καὶ
3575 5400 3706 5456 τόπον

597 5762 671 5822 tt)
707 5735 1088 5816 Animadverte
1117 5761 1435 5830 praeclarum
1478 5758 1540 5813 de
1566 5754 1669 5811 SS.
1706 5753 2044 5808 Eurharistia
2087 5755 2475 5811 testimonium.
