3986 6236
356 364 499 434 3985

1423 355 2030 419 COMMENTARIUS
2076 354 2566 416 LI'l‘URGlCUS.

3483 346 3624 410 3986

359 473 685 550 προσευχῆς,
723 473 778 526 ἐν
803 464 848 542 ᾧ
875 469 1122 541 σημαίνει
1169 463 1277 538 τὴν
1313 467 1412 539 μὲν
1443 467 1642 536 ἔξωθεν
1673 466 1763 550 τού
1813 465 1940 519 λαοῦ
1968 515 1973 523 ,

2081 477 2244 522 nancta
2277 479 2592 525 sanctorum
2627 464 2890 520 deﬁniunt
2923 477 2972 520 et
3007 464 3135 520 solis
3163 462 3492 536 presbyteris
3530 477 3627 518 ac-

367 567 590 632 εῐσοδον,
619 565 718 636 τὴν
747 563 804 618 δέ
835 562 1038 619 ἔσωθεν
1079 560 1148 616 τὰ
1176 557 1354 628 Ἅγια
1391 558 1500 613 τῶν
1534 559 1706 626 ἀγίων
1761 556 1940 627 ὑπάρ-

359 676 584 731 χουσαν,
619 657 715 712 καὶ
771 657 954 728 μόνοις
979 656 1094 719 τοῖς
1140 651 1348 722 ἱερεῦσι
1403 651 1593 722 βατήν.
1649 650 1716 703 Ἦ
1747 648 1944 702 σωλεία

361 752 442 814 είς
471 748 640 804 τύπον
690 748 784 802 τοῦ
815 745 1064 819 ποταμοῦ
1114 741 1217 799 ’τού
1245 744 1415 816 πυρὸς
1457 742 1552 798 τοῦ
1617 741 1944 814 χωρίζοντος

361 841 488 903 τοὺς
513 837 877 909 ἁμαρτωλοὺς
901 838 966 890 ἐκ
990 835 1100 890 τῶν
1125 835 1371 898 δικαίων,
1405 832 1547 888 κατὰ
1595 831 1687 886 τὸν
1730 821 1945 886 Παῦλον

363 930 612 998 λέγοντα·
653 949 671 980 ι
693 929 953 983 Ἐκάστου
977 929 1038 981 τὸ
1063 927 1222 999 ἔργον
1251 926 1311 980 τὸ
1343 925 1455 996 πῦρ
1475 924 1782 994 δοκιμάσει.
1819 942 1837 976 ι
1887 922 1947 977 '0

365 1022 556 1092 ἄμϐων
593 1020 842 1090 ἐκφαίνει
883 1019 944 1072 τὸ
1002 1021 1190 1089 σχῆμα
1221 1015 1315 1070 τοῦ
1369 1016 1542 1080 λίθου,
1575 1015 1634 1069 ὃν
1667 1014 1892 1077 κυλίσας
1920 1013 1948 1066 ὁ

365 1113 600 1182 ἄγγελος
629 1113 867 1183 ἐκάθητο
913 1113 1114 1168 ἐπάνω
1147 1109 1332 1176 αὐτοῦ,
1383 1109 1610 1181 πλησίον
1639 1108 1740 1180 τῆς
1779 1107 1948 1178 θύρας

365 1206 460 1258 τοῦ
493 1207 796 1278 μνήματος,
839 1204 1086 1260 ἀναϐοῶν
1106 1206 1229 1267 ταῖς
1283 1201 1614 1274 μυροφόροις
1659 1201 1760 1273 τὴν
1813 1201 1950 1255 ἀνά-

371 1313 581 1352 στασινο
631 1297 688 1350 αἱ
720 1297 978 1368 βαθμίδες
1023 1296 1121 1350 τοῦ
1171 1294 1426 1365 ἀμϐωνος
1467 1291 1686 1363 δηλοῦσι
1724 1293 1823 1364 τὴν
1853 1292 1947 1346 τοῦ

382 1387 577 1442 Ἰακὼϐ
627 1388 894 1456 κλίμακα.
940 1387 1006 1442 Ἥ
1034 1388 1412 1457 γυναικωνῖτις
1459 1385 1682 1455 γέγονεν
1705 1385 1792 1438 ἵνα
1814 1385 1952 1438 διαι-

377 1481 576 1549 ρῶνται
608 1482 660 1534 αἱ
689 1483 948 1548 γυναῖκες
971 1481 1080 1535 ἀπὸ
1107 1478 1216 1533 τῶν
1247 1478 1476 1548 ἀνδρῶν·
1519 1476 1702 1538 καθὼς
1749 1478 1804 1529 at!
1838 1494 1948 1547 μυ·-

374 1572 595 1644 ροφόροι
624 1574 725 1626 οὐκ
755 1571 1006 1642 εἰσῆλθον
1031 1573 1110 1636 είς
1154 1571 1245 1624 τὸν
1265 1569 1434 1638 τάφον
1461 1570 1599 1640 μετὰ
1634 1569 1830 1639 Ἰωσὴφ
1859 1569 1953 1622 καὶ

374 1664 686 1735 Νικοδήμου
709 1705 723 1728 ,
754 1663 870 1717 ἀλλ’
923 1663 1206 1734 ἱστάμεναι
1237 1661 1340 1727 ἔξω
1397 1660 1684 1734 ἐθρήνουν.
1729 1659 1956 1732 Νάρθηξ

374 1757 492 1808 ἐστὶ
527 1757 616 1810 διὰ
644 1758 704 1809 τὺ
749 1756 974 1811 ἑστάναι
1003 1757 1094 1812 τὸν
1131 1757 1258 1810 λαὸν
1289 1757 1394 1824 ἔξω
1424 1759 1480 1810 ἐν
1513 1760 1578 1828 τῇ
1612 1755 1705 1810 τοῦ
1760 1755 1956 1826 θυμιά-

2048 579 2260 620 cessum
2321 563 2582 634 praebent.
2627 560 2799 615 Solma
2852 543 2912 614 in.
2940 560 3156 612 modum
3185 557 3425 612 llurninis
3471 555 3627 624 igniti

2049 667 2369 724 peccatores
2406 672 2435 710 a
2465 655 2631 726 justis
2679 663 2924 724 separat,
2974 651 3147 726 juxta
3174 649 3357 703 divum
3401 647 3627 702 Paulum

2051 749 2323 804 dicentem
2357 767 2371 803 :
2409 766 2428 800 ι
2450 724 2726 816 Cujusqae
2753 760 2888 815 opus
2916 759 3010 812 per
3041 724 3219 810 ignem
3243 737 3502 808 probatur
3530 736 3569 791 ⁸.
3607 756 3624 788 ι

2051 843 2226 896 Ambo
2260 852 2427 910 petra:
2473 841 2700 895 formam
2751 838 2945 901 induit,
2999 849 3106 904 qua
3142 828 3633 895 revolutajusedit

2054 935 2276 1006 angelus
2309 935 2374 989 ad
2401 935 2597 989 ostium
2637 929 2995 994 monumenti,
3021 937 3076 981 et
3107 925 3448 989 mulieribus,
3482 937 3632 991 myr-

2057 1027 2209 1082 rham
2275 1026 2675 1088 deferentibus,
2740 1021 3196 1094 resurrectionem
3249 1015 3631 1078 annuntiavit;

2055 1121 2254 1192 gradus
2310 1110 2492 1174 autem
2542 1117 2790 1172 ambonis
2833 1114 3034 1170 scalam
3079 1111 3266 1168 Jacobi
3307 1123 3636 1166 commemo-

2058 1223 2197 1268 rant.
2257 1211 2540 1266 Mulierum
2589 1226 2718 1264 vero
2778 1207 2942 1264 statio
3009 1205 3245 1271 exsistit,
3297 1213 3359 1259 ut
3423 1201 3638 1257 femina

2058 1309 2128 1362 ab
2165 1305 2478 1361 hominibus
2526 1312 2888 1371 separentur;
2922 1301 3061 1355 sicut
3109 1297 3363 1351 mulieres
3391 1307 3640 1362 unguen-

2060 1408 2171 1453 tum
2204 1397 2533 1461 deferentes,
2575 1409 2696 1450 eum
2741 1391 2982 1460 Josepho
3026 1400 3080 1446 et
3123 1387 3414 1442 Nicodcmo
3458 1385 3510 1438 in
3557 1397 3644 1435 se-

2061 1490 2304 1561 pulcrum
2359 1490 2619 1560 ingressa
2676 1502 2780 1542 non
2827 1493 2974 1541 sunt.
3027 1492 3114 1536 ast
3170 1486 3440 1534 steterunt
3497 1475 3643 1527 foras

2061 1593 2115 1639 et
2169 1583 2451 1637 ﬂeverunt.
2505 1581 2600 1634 Est
2639 1579 2890 1642 narthex,
2933 1583 2988 1629 ut
3014 1573 3241 1643 populus
3275 1566 3646 1640 thymiamatis

2065 1683 2192 1734 hura
2228 1677 2358 1731 foris
2377 1683 2536 1730 astet.
2573 1672 3094 1728 Cateclmmenorum
3129 1664 3320 1719 divisio
3346 1664 3394 1716 in
3428 1659 3644 1715 modum

2065 1771 2380 1843 angelorum
2425 1775 2528 1830 est,
2564 1767 2655 1837 qui
2697 1782 2802 1818 non
2841 1766 2890 1818 in
2923 1770 3122 1816 terram
3151 1754 3509 1816 descendunt,
3551 1748 3647 1804 sed

378 1865 546 1916 ματος
579 1848 718 1921 ὥρᾳ.
748 1849 830 1903 Τά
867 1849 1251 1921 κατηχούμενα
1283 1851 1364 1913 εἰς
1386 1849 1556 1902 τύπον
1583 1847 1690 1900 τῶν
1724 1846 1798 1917 μὴ
1821 1863 1960 1900 κατ-

2081 1867 2137 1918 ile
2179 1861 2333 1916 noxiis
2377 1857 2574 1912 effusas
2621 1855 2674 1909 in
2715 1863 2857 1908 terra
2908 1865 3100 1919 preces
3150 1845 3526 1918 perspiciunt;
3569 1839 3650 1892 vel

374 1942 683 2012 ερχομένων
728 1943 979 2013 ἀγγέλων
1040 1942 1134 1996 ἐπὶ
1161 1941 1263 2010 τῆς
1288 1945 1412 2012 γῆς,
1437 1941 1550 1994 ἀλλ’
1579 1943 1641 1994 ἐκ
1665 1939 1772 1992 τῶν
1801 1939 1969 2008 ούρα-

375 2033 481 2085 νὼν
533 2033 880 2088 σκοπούντων
926 2035 1025 2096 τὰς
1054 2035 1112 2087 ἐν
1137 2035 1209 2104 γῇ
1253 2031 1644 2102 ίεροτελεστίις
1672 2047 1683 2058 ⁸
1719 2031 1751 2102 ἦ
1783 2029 1872 2083 διὰ
1912 2029 1972 2083 τὸ

375 2120 554 2190 λέγειν
583 2127 684 2194 τὴν
710 2125 956 2196 Γραφὴν,
986 2144 1003 2178 ι
1053 2125 1260 2196 ’Ἄρατε
1298 2125 1492 2187 πύλας.
1523 2143 1542 2175 ι

447 2221 508 2268 ε’.
543 2215 616 2269 Τὸ
671 2219 1040 2288 σημαντήριον
1090 2216 1390 2272 αἰνίττεται
1419 2217 1520 2282 τὰς
1563 2217 1669 2271 τῶν
1721 2215 1969 2284 ἀγγέλων

381 2307 784 2376 σάλπιγγας-,ἐν
801 2301 886 2372 αἷς
922 2309 972 2362 οἱ
995 2307 1214 2378 ἄγγελοι
1265 2307 1551 2378 μέλλουσιν
1603 2309 1888 2362 σαλπίσειν
1915 2310 1973 2362 ἐν

382 2399 588 2472 ἐσχάτῃ
624 2400 806 2472 ἡμέρᾳ
827 2403 923 2456 καὶ
943 2401 1233 2466 ἐξυπνίσαι
1255 2403 1434 2456 πάντα
1449 2403 1518 2455 τά
1539 2403 1690 2474 ἔθνη.
1709 2405 1768 2458 Ἡ
1793 2405 1978 2480 ἐνδοτὴ

383 2489 662 2566 [ἐνδυτὴῖ]
683 2494 710 2546 ὁ
733 2493 929 2560 κόλπος
949 2496 1048 2568 τῆς
1070 2495 1356 2552 Θεοτόκου.
1375 2496 1448 2550 Τὸ
1465 2497 1660 2552 είλιτὺν
1680 2498 1954 2571 [είλητὺνῖ

381 2583 416 2652 ἠ
455 2565 664 2653 σινδόντγ
695 2584 813 2654 μεθ’
847 2579 913 2656 ἧς
961 2565 1348 2656 ἐνεταφιάσθη.
1403 2588 1461 2640 ὐ
1510 2565 1700 2652 δίσκος
1748 2565 1982 2662 νεφέλης

384 2673 554 2728 τύπον
595 2676 784 2748 ἐπέχει
817 2679 874 2730 ἐν
934 2681 1108 2750 μικρᾷ
1165 2681 1505 2753 περιγραφῇ.
1569 2681 1642 2734 Τὸ
1679 2684 1938 2754 ποτήριον
1963 2725 1980 2750 ,

386 2766 515 2835 περὶ
544 2757 604 2818 οὗ
633 2761 753 2818 εἷπε
775 2781 789 2796 ι
829 2787 850 2820 ι
887 2767 1044 2822 Πίετε
1099 2771 1319 2834 πάντες.
1363 2789 1381 2822 ι
1440 2771 1506 2824 Ἡ
1538 2771 1692 2835 λαϐὶς
1725 2774 1865 2828 κατὰ
1893 2774 1995 2828 τὸν.

388 2858 671 2930 προφήτην
689 2859 912 2914 Ἡσαΐαν
944 2861 1192 2930 λέγονταο
1233 2881 1252 2916 ι
1305 2864 1614 2936 Ἀπεστάλη
1645 2867 1780 2938 πρός
1809 2884 1876 2938 με
1927 2867 1986 2922 ἓν

387 2947 496 3001 τῶν
523 2949 794 3022 Σεραφίμ·
835 2972 852 3004 ο
891 2955 1148 3024 σημαίνει
1197 2956 1254 3009 δέ
1287 2957 1381 3010 καὶ
1411 2956 1510 3028 τὴν
1535 2957 1831 3030 Παρθένον,
1881 2959 1986 3030 βα-

394 3038 696 3104 στάζουσαν
741 3043 838 3096 καὶ
867 3043 1029 3097 αὑτὸν
1079 3045 1169 3100 τὸν
1203 3045 1453 3114 οὐράνιον
1495 3049 1682 3119 ἄρτον.
1747 3049 1992 3122 Ἀστερί.

2068 1959 2219 2029 juxta
2253 1956 2383 2010 illud
2419 1951 2712 2021 Scriptura:
2749 1964 2764 2002 :
2803 1967 2818 1997 ι
2865 1945 3111 1999 Attollite
3145 1950 3326 2010 portas
3351 1939 3390 1990 ⁸.
3428 1955 3446 1988 ›

2148 2234 2200 2289 5.
2234 2225 2580 2299 Siguaculum
2607 2219 2918 2290 angi-lorbm
2957 2213 3112 2267 tubas
3137 2211 3510 2278 reprzeseutat,
3535 2203 3659 2271 qni-

2079 2329 2180 2384 bus
2213 2321 2386 2394 angeli
2431 2319 2484 2374 in
2533 2313 2722 2370 ultima
2767 2311 2854 2366 die
2901 2315 3100 2364 canent
3142 2312 3196 2358 et
3239 2313 3433 2354 οιιιιιεε
3467 2307 3658 2365 gentes

2082 2438 2110 2475 e.
2133 2389 2324 2474 somno
2353 2410 2708 2468 suscitabunl.
2736 2402 2920 2459 Sacra:
2941 2395 3445 2454 meuszeiustratum
3479 2389 3656 2440 simnu

2084 2512 2176 2568 Dei
2198 2506 2490 2566 Genitricis
2506 2500 2808 2573 signiﬁcat;
2833 2490 3115 2563 corporale
3139 2487 3419 2544 sindonem
3446 2497 3552 2553 qua
3579 2495 3664 2534 se-

2084 2606 2264 2678 pultus
2282 2612 2384 2656 est.
2408 2598 2598 2654 Discus
2622 2595 2677 2648 in
2699 2604 2868 2662 parvo
2891 2579 3312 2648 circuitu,nubls
3333 2577 3560 2632 formam
3582 2585 3664 2625 rc-

2087 2661 2212 2752 l'ert.
2233 2691 2408 2756 Calix,
2427 2690 2492 2743 de
2515 2699 2620 2756 quo
2635 2661 2838 2738 dictum
2866 2676 2968 2731 fuit
2995 2693 3009 2730 :
3047 2692 3064 2726 ι
3089 2671 3464 2731 Bibiteomnes
3477 2665 3519 2718 ⁸.
3546 2682 3565 2716 ι
3589 2661 3688 2717 La-

2085 2789 2192 2854 bis,
2217 2785 2366 2852 iuxta
2392 2780 2522 2834 illud
2564 2767 3032 2846 prophetaalsaiaa:
3069 2783 3088 2816 ι
3114 2762 3262 2817 Misit
3295 2759 3360 2814 ad
3393 2773 3479 2812 me
3497 2771 3662 2831 unum

2087 2842 2154 2934 ex
2178 2842 2466 2940 'S'eraphim
2492 2868 2534 2936 ",
2631 2863 2906 2932 Virginem
2945 2854 3254 2927 signiﬁcat,
3303 2864 3422 2918 qua:
3472 2842 3769 2916 panem"—

2093 2977 2159 3029 de
2192 2969 2346 3025 cwlis
2373 2963 2642 3035 portabat.
2673 2956 2839 3012 Sidus
2877 2961 2932 3007 et
2967 2958 3205 3019 quatuor
3245 2943 3524 3003 animalia.
3548 2953 3670 3008 qua:

2092 3066 2216 3123 cmli
2252 3033 2514 3130 fulgorem
2557 3055 2843 3128 obtegunt,
2887 3042 3200 3116 signiﬁcant
3237 3035 3566 3107 margaritas
3614 3033 3670 3088 in

395 3149 522 3196 σκος
548 3134 730 3228 καθὼς
759 3136 827 3190 τὰ
855 3140 1098 3209 τέσσαρα
1127 3139 1243 3202 ζῶα
1279 3141 1640 3196 ἐπικαλύπτει
1678 3142 1772 3196 τὸν
1807 3145 1967 3216 οὐρά·

2081 3161 2301 3218 adversa
2333 3126 2470 3206 disci
2513 3126 2653 3202 facie
2685 3156 2788 3196 non
2825 3151 2948 3194 esse
2973 3130 3450 3206 conglutinandas.
3483 3126 3670 3182 Colunt

397 3242 507 3280 νιον
533 3225 802 3298 ἀνθρακαο
839 3229 985 3284 ἐστιν
1014 3231 1070 3284 δὲ
1100 3232 1192 3285 καὶ
1226 3232 1313 3286 διά
1341 3233 1402 3286 τὸ
1433 3234 1507 3306 μὴ
1537 3233 1827 3290 κολλᾶσθαι
1845 3239 1972 3302 τοὺς

399 3319 742 3389 μαργαρίτας
772 3322 830 3374 ἐν
873 3321 950 3393 τῷ
985 3323 1486 3396 δισκοκαλύμματι.
1549 3327 1754 3398 Ἢθμὺς
1803 3329 1890 3384 διὰ
1913 3329 1975 3383 τὸ

401 3411 474 3480 μή
495 3427 546 3464 τι
576 3412 752 3466 κοινὸν
781 3415 1042 3484 ἐμπεσεῖν
1071 3417 1151 3480 εἰς
1177 3416 1268 3471 τὸν
1294 3417 1438 3471 θεῖον
1465 3419 1743 3490 κρατῆρα.
1763 3422 1830 3473 Αἱ
1855 3439 1978 3476 καν-

396 3499 551 3570 δῆλαι
586 3502 678 3556 καὶ
709 3505 758 3556 oi.
789 3507 949 3575 κηροὶ
981 3506 1151 3571 τύπος
1183 3508 1294 3561 εἰσὶ
1348 3509 1446 3564 τοῦ
1509 3512 1732 3568 αἰωνίου
1773 3515 1974 3582 φωτὸςο

397 3589 698 3648 δεικνύουσι
714 3594 770 3650 δέ
791 3599 886 3651 καὶ
899 3599 961 3652 τὸ
985 3599 1098 3668 φῶς
1119 3601 1257 3671 ὅπερ
1274 3601 1650 3675 ἐκλάμψουσιν
1685 3605 1732 3658 οἱ
1753 3603 1978 3662 δίκαιοι.

399 3681 652 3756 Κυριακὴ
682 3687 900 3755 λέγεται
952 3688 1041 3742 διὰ
1077 3689 1138 3742 τὸ
1183 3691 1277 3743 τὸν
1307 3691 1544 3762 Χριστὸν
1573 3695 1632 3746 ἐν
1664 3695 1800 3766 αὐτῇ
1829 3697 1985 3767 ἐγερ-

401 3774 577 3842 θῆναιο
615 3777 870 3846 σημαίνει
896 3778 952 3830 δὲ
979 3779 1112 3842 ἄκος
1143 3779 1292 3847 παρά
1321 3781 1525 3852 Κυρίου
1552 3799 1564 3814 ⁸
1622 3785 1681 3836 ἐν
1710 3785 1846 3857 αὐτῇ
1875 3786 1984 3858 γὰρ

400 3862 771 3934 ἐθεράπευσεν
803 3867 864 3919 τὸ
903 3866 1219 3940 Ἀδαμιαῖον
1263 3871 1457 3935 πάθος*
1523 3872 1585 3924 οὺ
1650 3874 1904 3945 κλίνομεν
1929 3877 1987 3930 δὲ

402 3955 531 4024 γόνυ
567 3958 623 4008 ἐν
651 3958 810 4028 αὐτῇ,
839 3958 972 4013 διότι
1025 3961 1096 4014 τά
1145 3961 1381 4026 πίστεως
1411 3964 1712 4036 ἀνωρθώθη
1743 3966 1833 4020 διὰ
1883 3958 1985 4036 τῆς

403 4049 754 4113 ἀναστάσεως
809 4050 902 4104 τοῦ
941 4053 1200 4124 Χριστοῦ⁶
1232 4055 1294 4109 οὐ
1325 4055 1582 4127 κλίνομεν
1623 4059 1753 4126 γόνυ
1813 4051 1978 4130 μέχρι

401 4141 504 4210 τῆς
535 4143 820 4212 Κυριακῆς
875 4143 974 4214 τῆς
1015 4146 1416 4219 Πεντηκοστῆς,
1453 4148 1542 4202 διά.
1572 4165 1632 4202 τε
1690 4149 1790 4214 τὰς
1839 4151 1982 4206 ἐπτά

405 4233 618 4302 ἡμέρας
650 4234 788 4304 μετά
814 4233 875 4287 τὸ
904 4235 1058 4303 ἅγιον
1103 4238 1290 4308 Πάσχα
1345 4241 1795 4310 ἐπταπλωμένως
1843 4259 1982 4312 κρα-

405 4325 538 4377 τεῖν·
582 4324 750 4394 ἠγουν
790 4327 930 4380 ἐπτά
970 4328 1064 4381 ἐπὶ
1095 4329 1232 4384 ἐπτᾶ
1275 4331 1362 4402 μθ¹
1397 4333 1492 4386 καὶ
1539 4333 1572 4402 ἡ
1615 4333 1870 4406 Κυριακὴ
1915 4341 1980 4400 ν’,

407 4415 528 4486 ἥτις
557 4415 726 4480 τύπος
763 4417 847 4470 τοῦ
887 4415 1169 4486 μέλλοντος
1191 4420 1406 4482 αἰῶνος·
1443 4421 1713 4490 εὐχόμεθα
1743 4422 1799 4475 δέ
1841 4425 1981 4479 κατά

2072 3258 2247 3318 adest,
2280 3258 2339 3302 ut
2374 3243 2504 3300 nihil
2537 3235 2734 3306 impuri
2775 3234 2826 3288 in
2869 3237 3116 3286 sanctum
3172 3224 3396 3280 calicem
3448 3219 3672 3274 incidat.

2071 3311 2407 3404 Candelabra
2441 3344 2495 3390 et
2539 3332 2682 3387 cerei
2737 3337 2994 3380 mternam
3047 3320 3222 3374 lucem
3271 3315 3542 3386 ﬁgurant;
3595 3311 3676 3364 in-

2075 3444 2244 3493 nuunt
2293 3431 2492 3502 justus,
2547 3421 2686 3478 lucis
2735 3431 2906 3482 more,
2955 3411 3354 3484 splendescere.
3400 3403 3676 3460 Dominiea

2076 3492 2154 3580 sic
2191 3492 2438 3584 vocatur,
2468 3492 2610 3584 Quod
2647 3523 2710 3563 ea
2749 3507 2835 3560 die
2879 3503 3132 3558 Christus
3172 3492 3502 3552 resurrexit;
3557 3503 3679 3542 me-

2089 3617 2260 3670 delam
2293 3606 2503 3666 Domini
2559 3599 2850 3672 signiﬁcat,
2889 3595 3014 3665 quia
3065 3588 3256 3644 Adami
3317 3584 3560 3639 morbum
3613 3595 3679 3634 eo

2086 3708 2173 3760 die
2211 3701 2445 3758 sanavit.
2505 3671 2790 3749 Dominica
2837 3702 2943 3740 non
2999 3682 3267 3736 flectimus
3315 3671 3453 3746 genu
3497 3691 3512 3727 ε
3549 3671 3680 3726 ﬁdrs

2085 3793 2227 3847 enim
2255 3805 2350 3861 per
2390 3781 2842 3842 resurrectionem
2880 3772 3091 3828 Domini
3119 3767 3396 3838 exsurgit;
3439 3765 3502 3818 ad
3538 3764 3680 3819 Pen-

2087 3857 2326 3938 tecosten
2369 3891 2539 3946 usque
2575 3887 2714 3944 genu
2745 3884 2850 3924 non
2881 3863 3169 3928 flectimus,
3221 3867 3279 3914 ut
3313 3857 3678 3927 septenarium

2085 3973 2289 4043 septies
2317 3943 2601 4025 numerum
2633 3959 2922 4018 ell‘eramus
2949 3973 2967 4022 ;
2997 3963 3200 4024 septem
3223 3967 3318 4023 per
3339 3959 3542 4019 septem
3563 3943 3681 4020 [49]

2078 4073 2133 4117 et
2152 4041 2434 4116 Dominica
2464 4045 2516 4122 l,
2542 4051 2787 4110 cilicium
2811 4049 2900 4112 50,
2927 4045 3066 4116 quod
3108 4042 3274 4096 futuri
3297 4041 3480 4097 saeculi
3513 4041 3681 4108 ﬁgura

2079 4164 2182 4208 est.
2218 4153 2272 4207 Si
2319 4151 2384 4205 ad
2425 4149 2690 4203 orientem
2715 4141 2965 4198 conversi
2998 4146 3214 4193 nostras
3241 4149 3427 4206 preces
3448 4133 3678 4188 effundi-

2081 4261 2224 4308 mus,
2274 4245 2399 4297 haec
2432 4242 2574 4294 inter
2619 4235 2755 4290 alias
2805 4233 2944 4288 ratio
3003 4229 3306 4300 p0tissima,
3366 4228 3508 4297 quod
3567 4226 3685 4279 fru-

2079 4347 2224 4397 ctum
2275 4350 2342 4390 ex
2395 4332 2538 4386 Eden
2589 4340 2814 4398 carpere
2839 4337 3121 4395 speramus
3151 4360 3168 4388 ,
3220 4320 3312 4390 qui
3335 4329 3412 4374 ὀι
3475 4319 3684 4372 oriente

2095 4428 2362 4499 provenit.

410 4509 670 4581 ἀνατολὴν
713 4511 808 4563 καὶ
835 4510 903 4563 δι’
944 4511 1078 4566 ἄλλα
1129 4513 1248 4583 μὲν,
1281 4513 1517 4584 μάλιστα
1563 4511 1662 4585 ΙδέΙ
1688 4515 1820 4569 διότι
1851 4517 2142 4590 ἐλπίζομεν
2166 4519 2261 4592 τὴν
2291 4519 2524 4590 ἐνἘδέμ
2555 4511 2961 4584 ἀπολαμϐάνειν
2990 4507 3195 4580 τροφὴν
3227 4507 3324 4578 τὴν
3351 4503 3496 4559 κατὰ
3525 4505 3712 4556 ἀνατει-

407 4597 504 4668 λὴν
535 4597 970 4668 πεφυτευμένην.

483 4696 557 4754 ς’.
588 4689 905 4761 ’Λρχιερεὺς
941 4689 1112 4756 τύπος
1159 4693 1278 4746 ἐστὶ
1318 4694 1414 4748 τοῦ
1446 4697 1749 4750 Δεσπῦτου·
1797 4698 1973 4772 ὥσπερ

2081 4775 2094 4784 '
2162 4704 2214 4760 6.
2259 4703 2506 4759 Pontifex
2540 4703 2713 4756 locum
2752 4698 2960 4752 Damiui
2989 4705 3133 4752 tenet
3168 4713 3181 4748 :
3225 4694 3685 4763 quemadmodum

414 4782 520 4850 γὰρ
567 4781 595 4832 ὁ
639 4781 920 4851 Δεσπότης
989 4783 1306 4840 ἀποστέλλει
1363 4789 1502 4852 τοὺς·
1551 4791 1819 4858 ἀγγέλους

1851 4834 1864 4856 ,
1915 4792 2016 4844 οὓ-

2115 4799 2258 4852 enim
2311 4795 2570 4848 Dominus
2619 4807 2745 4846 suos
2789 4789 3010 4858 angelus
3059 4787 3247 4848 mittit,
3287 4787 3358 4838 ita
3404 4787 3690 4853 episcopus

412 4889 518 4935 τως
572 4874 665 4925 καὶ
706 4874 734 4926 ὁ
789 4875 1088 4940 ἐπίσκοπος
1139 4880 1268 4942 τοὺς
1340 4882 1527 4952 ἱερεῖς.
1585 4883 1800 4954 Λευκὴν
1888 4903 1973 4938 στρ

2113 4887 2444 4941 sacerdotes.
2472 4884 2618 4938 Stola
2651 4883 2770 4936 alha
2797 4882 3039 4934 induitur
3066 4880 3342 4940 sacerdos,
3371 4876 3422 4928 in
3456 4876 3685 4928 formam

413 4964 508 5032 λὴν
583 4964 976 5038 περιϐέϐληται
1031 4969 1062 5022 ὁ
1111 4969 1415 5036 ἐπίσκοπος
1471 4971 1562 5025 διά
1607 4975 1708 5043 τὴν
1777 4978 2002 5046 μορφὴν

414 5056 522 5107 τῶν
547 5055 658 5109 ἄνω
688 5057 987 5128 δυνάμεων,
1021 5064 1269 5116 τουτέστι
1315 5063 1410 5118 τοῦ
1452 5065 1728 5118 Δεσπότου
1763 5083 1776 5095 ⁶
1823 5067 2004 5130 καθὼς

415 5149 511 5201 καὶ
557 5150 811 5220 Ἰωάννης
853 5154 980 5221 περὶ
1005 5153 1168 5207 αὑτοῦ
1203 5155 1348 5224 λέγει
1377 5171 1390 5186 ο
1429 5175 1448 5207 ι
1483 5157 1555 5210 Τὸ
1597 5157 1799 5229 ἔνδυμα
1834 5159 2000 5212 αὑτοῦ

419 5239 610 5294 λευκὸν
631 5242 764 5296 ὡσεὶ
796 5245 950 5314 χιών.
991 5266 1008 5295 ι
1043 5248 1318 5318 Τριπλοῦν
1340 5250 1399 5302 τὸ
1429 5243 1742 5322 ὠμοφόριον
1775 5229 2000 5324 περιϐε-

421 5335 634 5404 6>.ηται,
662 5336 918 5408 διότιτὴν
955 5337 1160 5410 Τριάόα
1195 5343 1438 5411 ὑφίεται.
1485 5344 1549 5397 Ἦ
1584 5347 1641 5397 ἐν
1689 5349 1755 5416 τῇ
1785 5347 1992 5418 κεφαλῇ

421 5425 512 5478 τοῦ
546 5427 738 5495 ἱερέως
795 5432 1098 5501 στρογγύλη
1135 5435 1306 5504 κουρά
1328 5476 1342 5500 ,
1379 5436 1526 5507 δηλοῖ
1570 5437 1660 5489 τὸν
1710 5439 2000 5492 ἀκάνθινον

425 5518 706 5586 στέφανον,
735 5522 826 5573 καὶ
857 5522 939 5574 ὅτι
986 5524 1013 5574 ὀ
1047 5525 1266 5589 διπλοῦς
1312 5529 1577 5596 στέφανος
1638 5531 1699 5582 ἐκ
1757 5532 1852 5599 τῆς
1891 5531 1999 5584 τῶν

451 5625 625 5681 ριχων
678 5613 1048 5685 σημειώσεως,
1107 5621 1360 5684 είκονίζει
1411 5623 1508 5693 τὴν
1551 5624 1644 5675 τοῦ
1701 5625 1998 5694 κορυφαίου

487 5789 508 5815 ⁸
563 5788 734 5847 lCor.
773 5811 853 5860 Ill,
903 5797 980 5846 l3.
1045 5800 1060 5822 "'1
1096 5799 1233 5850 I‘sel.
1275 5817 1424 5861 nm,
1465 5801 1510 5850 7.

1621 5805 1638 5822 ‘
1671 5801 1831 5853 Mitti.
1877 5802 2117 5852 nit-27.

2110 4978 2410 5035 cwlestium
2461 4985 2812 5046 potestatum,
2863 4972 3111 5026 videlicet
3171 4967 3424 5034 Domini;
3467 4967 3533 5020 de
3586 4965 3687 5016 huc

2109 5071 2256 5127 enim
2312 5069 2447 5124 dicit
2502 5066 2783 5121 Joannes:
2828 5083 2848 5115 ι
2890 5062 3288 5118 Vestimeutum
3336 5059 3453 5126 ejus
3504 5056 3684 5108 album

2107 5162 2249 5216 sicut
2283 5159 2432 5214 nix".
2465 5177 2482 5210 ι
2517 5157 2740 5226 'l‘riplici
2770 5151 3096 5226 (Humerali)
3129 5151 3514 5214 circmudatur,
3543 5147 3687 5200 idco-

2106 5266 2214 5322 que
2263 5249 2588 5304 Trinitatem
2647 5247 2838 5301 induit.
2883 5245 2940 5297 In
2982 5241 3282 5297 sacerdotis
3335 5239 3512 5306 capite
3577 5238 3688 5290 cir-

2108 5348 2289 5400 cinata
2346 5353 2562 5399 tonsura
2619 5341 2863 5410 spineam
2913 5350 3168 5390 coronam
3217 5331 3524 5401 significat;
3588 5332 3680 5382 du-

2109 5443 2231 5509 plex
2261 5449 2442 5492 autent
2479 5449 2679 5490 corona
2731 5447 2852 5500 quae
2901 5447 2966 5482 ex
3019 5427 3336 5496 capillormn
3371 5423 3539 5478 forma
3569 5423 3685 5476 etii-

2109 5533 2290 5594 citttr,
2341 5529 2708 5581 venerandum
2773 5520 3043 5589 corypbmi
3106 5516 3333 5586 apostoli
3392 5523 3554 5584 caput
3619 5512 3684 5566 nil

2113 5624 2288 5674 rivum
2331 5617 2602 5688 exprimit,
2639 5631 2758 5668 rum
2811 5613 3000 5666 l’etrus
3035 5621 3319 5679 pertonsns
3367 5611 3432 5660 ab
3469 5608 3686 5662 iambis

2201 5802 2216 5828 ⁷
2257 5799 2354 5851 lea.
2391 5813 2461 5860 vr,
2498 5798 2548 5849 6.
2631 5795 2648 5821 ⁸
2683 5792 2866 5846 Matth.
2904 5809 3028 5856 xm,
3063 5794 3116 5844 ’2.
