3986 6236
344 303 492 368 39ῗ9

1224 294 1284 354 s.
1323 281 1741 353 somnum
1785 249 2736 344 PATRIARClLE.HIEROSOL.

3494 262 3638 327 3.980

347 423 476 471 dum
525 413 809 479 mundum,
862 427 959 484 per
993 410 1139 465 illius
1174 422 1365 479 preces
1423 419 1543 475 qua:
1599 410 1652 458 te
1679 400 1935 473 peperit;

2075 396 2184 450 ιετά
2212 394 2390 464 δόξης,
2422 392 2583 445 λῦσον
2603 391 2704 462 τὴν
2725 388 2891 459 ἀχλὺν
2915 387 3012 456 τῆς
3038 384 3217 454 ψυχῆς
3250 398 3352 452 μου
3378 382 3498 441 ταῖς
3522 382 3640 430 ἱκε-

348 510 478 579 fuga
528 507 728 561 mentis
778 520 911 559 mea:
946 503 1221 563 tenebras.
1267 497 1619 567 caelestiaque
1654 493 1807 563 regni
1865 491 1940 546 tui

365 602 451 655 fac
486 616 573 655 me
600 597 893 654 lueredem.

535 692 621 744 Ad
646 700 694 744 te
735 705 889 744 mane
915 685 1162 756 confugio
1194 686 1321 755 quia
1347 682 1646 737 misericors
1682 696 1757 734 es.

433 781 499 839 Vi
530 784 724 838 mortis
755 782 1023 850 dirempta
1055 778 1296 850 potentia
1339 785 1433 830 tua
1484 793 1513 830 e
1556 773 1771 827 tumqu
1814 787 1941 826 sur-

362 878 578 943 rexisti,
612 875 851 935 Christe.
880 880 1002 943 post
1037 880 1151 927 tres
1190 869 1329 932 dies,
1353 879 1406 924 et
1440 884 1563 922 cum
1601 866 1775 936 gloria
1822 879 1936 918 caa-

363 969 474 1021 lum
538 965 935 1029 conscendisti,
993 962 1400 1018 celebrantibus
1458 969 1509 1015 te
1557 957 1850 1028 discipulis
1886 965 1942 1009 ut

361 1058 530 1115 Deum
564 1075 691 1130 erga
721 1058 972 1113 homines
1016 1055 1334 1124 benignum.

429 1153 508 1210 Ne
542 1169 641 1206 nos
680 1152 960 1221 relinquas
1011 1149 1309 1218 orpltanos,
1347 1162 1378 1200 ο
1409 1145 1562 1199 valde
1599 1141 1935 1204 misericors,
1988 1163 1995 1169 ’

357 1245 452 1302 sed
475 1245 617 1299 sicut
638 1239 938 1311 promisisti
968 1238 1119 1291 mitte
1147 1234 1412 1306 Spiritum
1444 1241 1630 1298 tuum;
1663 1233 1744 1285 sic
1770 1228 1837 1282 ad
1866 1238 1938 1292 te,

359 1339 501 1393 bone
530 1333 803 1395 SalVator,
847 1328 1160 1385 clamabant
1207 1325 1462 1395 discipuli
1504 1323 1584 1378 tui
1635 1336 1758 1377 cum
1793 1320 1940 1375 vide-

359 1434 490 1482 runt
537 1434 588 1480 te
614 1423 683 1478 de
708 1432 856 1478 terra
902 1420 960 1474 in
1006 1419 1208 1473 caelum
1250 1415 1656 1471 ascendentem.

432 1517 580 1573 Ecce
610 1529 758 1569 nunc
812 1523 1079 1568 venturus
1109 1517 1194 1564 est
1242 1522 1409 1578 super
1456 1514 1655 1559 terram
1700 1500 1939 1572 Spiritus

361 1618 589 1664 sanctus
620 1607 726 1662 sub
759 1604 1050 1674 ignitarum
1083 1600 1266 1671 specie
1326 1599 1637 1669 linguarum
1675 1604 1734 1648 ttt
1766 1591 1933 1648 Verbi

362 1697 620 1768 discipuli
653 1709 888 1766 quorum
928 1699 1123 1746 natura
1163 1706 1194 1745 e
1219 1690 1335 1743 luto
1382 1687 1518 1741 facta
1579 1691 1667 1739 est
1699 1683 1805 1736 viri
1841 1697 1939 1752 ap-

2048 492 2193 554 σίαις
2215 492 2310 561 τῆς
2346 486 2629 556 κυησάσηίς
2660 501 2718 537 σε
2738 500 2752 515 ’
2786 481 2890 536 καῖ’
2910 477 3248 550 κληρονόμον
3279 473 3507 545 ποίησον
3534 469 3638 539 τῆς

2043 583 2297 655 οὐρανίου
2339 579 2618 650 βασιλείας
2643 594 2760 630 σου.

2186 676 2339 744 Πρὸς
2368 673 2443 727 σὲ
2470 668 2708 740 ὀρθρίζω
2756 666 2862 722 τὸν
2889 666 2963 720 δι’
3001 661 3490 730 εὐσπλαγχνίαν.

2115 768 2362 823 Θανάτου
2389 763 2586 834 κράτος
2622 759 2738 831 θείᾳ
2763 755 3052 827 δυναστείᾳ
3070 752 3312 808 καθελὼν
3340 751 3641 818 ἐξανέστης

2043 863 2346 932 τριήμερος
2375 894 2391 919 ,
2430 853 2635 928 Χριστέ
2698 869 2822 923 μου,
2885 848 2979 902 καὶ
3029 846 3164 917 πρὸς
3199 842 3462 913 οὐρανοὺς
3498 841 3642 910 μετά

2042 957 2201 1028 δόξης
2226 952 2476 1024 ἀνῆλθες,
2507 950 2615 1002 τῶν
2642 946 2752 1000 σῶν
2797 941 3054 1016 μαθητῶν
3088 936 3471 1009 ἀνυμνούντων
3500 934 3636 987 Θεόν

2048 1067 2106 1103 σε
2140 1048 2235 1101 καὶ
2264 1044 2669 1115 φιλάνθρωπον.

2128 1141 2307 1212 Ἠμᾶς
2333 1136 2408 1209 μὴ
2437 1136 2600 1207 λίπῃς
2626 1127 3247 1205 όρφανοὺς,οίκτίρμον’
3290 1124 3366 1188 ὡς
3401 1122 3640 1193 ὑπέσχου

2041 1232 2098 1287 δὲ
2130 1231 2345 1302 πέμψον
2374 1229 2434 1282 τὸ
2464 1226 2618 1295 ἀγιόν
2650 1242 2744 1279 σου
2777 1221 3024 1292 Πνεῦμα,
3058 1220 3108 1273 οἱ
3136 1218 3220 1272 σοὶ
3246 1216 3510 1289 μαθηταὶ,
3535 1217 3648 1270 Λυ-

2043 1324 2248 1396 τρωτὰ,
2277 1318 2684 1391 προσεφώνουν,
2727 1314 2892 1385 ἡνίκα
2913 1314 2979 1366 ἐκ
3004 1313 3109 1383 γῆς
3133 1308 3499 1381 ἀνερχόμενον
3530 1307 3642 1360 ἴδον

2045 1434 2128 1485 σε,
2163 1415 2353 1487 φιλάνθ
2363 1431 2535 1485 ρωπε.

2129 1510 2263 1563 Ἰδοὺ
2290 1509 2350 1562 τὸ
2385 1506 2611 1578 Πνεῦμα
2662 1506 2846 1578 μέλλει
2878 1505 3126 1561 κατιέναι
3180 1502 3275 1557 ἐπὶ
3327 1501 3431 1570 γῆς
3453 1497 3552 1553 νῦν
3587 1500 3646 1552 ἐν

2044 1601 2321 1673 γλώσσαις
2351 1602 2629 1673 πυρίναις,
2660 1600 2809 1663 ὅπως
2830 1597 2979 1670 δείξῃ
3002 1596 3261 1669 πυρίνους
3293 1592 3483 1662 σαφῶς
3514 1592 3649 1654 τοὺς

2047 1693 2305 1765 πηλίνους
2335 1691 2431 1745 τοῦ
2458 1692 2632 1759 Λόγου
2666 1691 2896 1752 semei);
2926 1686 3197 1759 μαθητὰς,
3250 1679 3651 1752 καταγγέλλονο

354 1757 589 1864 pareant
651 1757 807 1861 igniti
858 1786 924 1841 ad
978 1783 1388 1856 praedicandum
1460 1781 1614 1834 illum
1681 1786 1940 1847 tauquam

2081 1804 2141 1851 ας
2171 1785 2359 1841 τοῦτον
2383 1785 2459 1849 ὡς
2487 1783 2895 1855 φιλάνθρωπον.

366 1882 645 1939 hominum
686 1886 984 1934 amantem.

435 1975 498 2031 lu
558 1971 890 2029 assumenda
948 1970 1230 2025 hominum
1284 1977 1540 2023 naturam
1589 1982 1657 2022 ex
1707 1979 1772 2019 ea
1824 1977 1946 2034 quas

363 2065 597 2122 nescivit
660 2065 860 2128 virum,
919 2063 1191 2133 impulsus
1254 2057 1657 2123 misericordia,
1725 2056 1943 2111 firmum

361 2155 565 2213 dedisti
643 2153 960 2228 praesidium
1021 2161 1075 2206 et
1128 2150 1471 2207 delensionis
1520 2164 1738 2206 murum
1783 2148 1944 2205 nobis

362 2247 756 2304 conﬁtentibus
786 2254 840 2300 te
870 2245 1041 2300 Deum
1079 2244 1477 2313 hominumque
1553 2249 1880 2296 amatorem.

541 2339 615 2392 0b
642 2336 814 2392 zelum
862 2351 958 2404 pro
991 2336 1190 2405 legibus
1233 2336 1427 2404 patriis
1451 2331 1736 2387 laudandi.

434 2430 512 2487 lis
542 2446 641 2501 per
683 2427 1016 2484 ineﬂ‘abilem
1046 2426 1481 2481 misericordiam
1514 2433 1663 2478 tuam
1694 2420 1948 2477 adunatis

363 2540 505 2601 quae
546 2522 896 2593 disjunxerat
948 2526 1234 2589 peccatum
1297 2524 1353 2571 et
1407 2516 1699 2570 interfecto
1766 2520 1948 2568 morte

361 2631 526 2687 quam
563 2615 617 2668 in
657 2628 826 2667 carne
865 2609 1088 2667 subiisti
1124 2608 1300 2672 hoste,
1345 2623 1471 2663 cum
1502 2607 1677 2678 gloria
1706 2614 1947 2660 reverte-

361 2710 438 2765 ris
467 2708 532 2762 ad
565 2706 780 2760 Patrem
813 2720 920 2758 non
965 2714 1088 2756 ante
1121 2702 1395 2763 relictum,
1439 2701 1805 2756 clamantibus
1831 2699 1947 2756 dis-

361 2801 583 2872 cipulis.
614 2798 788 2868 Opera
819 2795 1058 2860 Domini,
1082 2795 1386 2850 benedicite
1414 2792 1662 2848 Domino.

388 2924 397 2925 ί
432 2893 690 2949 Miserius
735 2906 926 2945 eorum
963 2903 1102 2958 quos
1150 2887 1429 2954 amovisti,
1469 2889 1563 2942 sed
1596 2899 1737 2953 quos
1759 2883 1948 2954 perdi-

363 2984 520 3038 derat
543 2982 790 3039 crudelis
829 2981 1031 3045 hostis,
1074 2979 1142 3034 de
1174 2989 1362 3033 monte
1412 2976 1695 3033 Olivarum
1736 2978 1789 3030 in
1835 2992 1951 3031 cre-

346 3077 475 3132 dum
500 3072 823 3138 ascendisti,
849 3070 1162 3126 videntibus
1183 3067 1468 3137 discipulis
1488 3066 1950 3123 etdemirantibus

365 3184 432 3222 eo
485 3167 628 3236 quod
684 3164 860 3218 nubes
905 3164 1049 3218 sicut
1093 3162 1325 3214 thronus
1376 3157 1671 3214 Clierubim
1720 3166 1773 3211 te
1823 3172 1945 3211 cum

360 3277 598 3332 corpore
624 3266 965 3328 susceperat;
1013 3255 1225 3309 idcirco
1256 3265 1305 3310 te
1351 3250 1694 3307 Salvatorem
1724 3265 1849 3305 cum
1869 3250 1951 3307 eis

366 3354 772 3411 collaudamns;

437 3446 556 3502 Non
598 3462 697 3501 vos
743 3444 1047 3513 relinquam
1096 3440 1374 3511 orphanos
1423 3440 1563 3494 ﬁlios
1609 3448 1662 3494 et
1706 3437 1952 3493 hacredes

367 3540 521 3612 regni
567 3540 696 3605 mei,
736 3535 831 3593 sed
869 3551 996 3590 cum
1037 3534 1105 3587 ad
1143 3533 1343 3588 caelum
1395 3546 1697 3602 pervenero
1739 3533 1952 3585 mittam

368 3633 435 3688 ad
481 3646 579 3689 vos
621 3646 690 3688 ex
743 3631 852 3684 alto
902 3627 1249 3683 Paracletum
1308 3624 1401 3694 qui
1452 3640 1549 3681 vos
1590 3624 1785 3678 doceat
1831 3639 1955 3693 qua:

369 3735 584 3784 mentes
647 3733 860 3781 vestras
906 3731 1196 3794 superant,
1260 3721 1461 3790 ignitos
1487 3718 1581 3789 qui
1642 3734 1738 3773 vos
1789 3717 1955 3772 faciat

368 3819 427 3874 in
452 3814 851 3884 vestral'ragili
878 3825 1097 3881 natura,
1131 3813 1411 3867 clamabas
1456 3809 1778 3880 discipulis,
1808 3808 1954 3863 unde

368 3927 499 3967 eum
527 3911 640 3966 illis
679 3921 731 3965 te
763 3909 816 3963 in
845 3915 1112 3964 internum
1140 3905 1448 3960 laudamus.

440 4003 644 4058 Praeter
666 4010 875 4055 natura:
903 3996 1360 4053 consuetudinem
1395 3991 1765 4064 paris,Virgo,
1791 3988 1952 4045 dato-

372 4112 485 4153 rem
533 4095 690 4166 legis,
737 4094 1017 4148 tollentem
1061 4104 1184 4160 quas
1245 4089 1486 4144 obscura
1532 4094 1662 4141 sunt
1712 4086 1767 4139 in
1835 4083 1953 4153 lege

368 4198 428 4246 et
470 4188 878 4260 impertientem
927 4185 1085 4240 nobis
1132 4198 1254 4253 qua:
1282 4180 1558 4236 illuminat
1598 4177 1949 4238 cbaritatem;

375 4283 495 4338 ideo
533 4297 622 4337 me
668 4281 771 4335 sub
808 4280 925 4350 lege
962 4277 1169 4348 peccati
1204 4276 1484 4346 alligatum
1516 4271 1713 4334 libera,
1757 4286 1790 4321 υ
1825 4265 1950 4321 Vir-

2118 1964 2382 2038 Βροτείαν
2407 1964 2571 2036 φύσιν
2617 1964 2681 2016 ἐκ
2706 1950 2807 2033 τῆς
2837 1959 3204 2028 ἀπειράνδρου
3253 1955 3648 2023 ἐνδυσάμενος,

2047 2059 2211 2127 Λόγε,
2243 2040 2313 2111 διἱ
2347 2057 2523 2128 ἄκραν
2557 2052 2985 2123 εὐσπλαγχνίαν,
3019 2048 3241 2121 βεϐαίαν
3274 2048 3409 2117 ἡμῖν
3436 2045 3651 2110 ταύτην

2048 2149 2285 2213 δέδωκας
2318 2149 2529 2218 σκέπην
2560 2146 2654 2201 καὶ
2689 2147 2866 2217 τεῖχος
2905 2142 2991 2197 ἀεὶ
3011 2183 3026 2208 ,
3067 2142 3182 2205 τοῖς
3224 2138 3391 2193 είδόσι
3421 2136 3554 2191 Θεόν
3586 2152 3652 2188 σε

2049 2243 2145 2297 καὶ
2174 2241 2584 2312 φιλάνθρωπον,

2320 2334 2537 2402 Νόμων
2583 2328 2874 2399 πατρῴων
2901 2330 2957 2383 oi
2984 2324 3373 2398 μακαριστοί.

2123 2423 2205 2479 Τὰ
2236 2424 2503 2479 διεστῶτα
2547 2422 2848 2492 ἀγαθότητι
2907 2417 3271 2487 ἐπισυνάψας,
3311 2414 3450 2481 Λόγε
3519 2428 3658 2464 παν-

2052 2517 2392 2589 υπεράγαθε,
2418 2518 2513 2569 καὶ
2542 2513 2791 2576 πατάξας
2822 2510 2912 2565 τὸν
2942 2509 3201 2579 πολέμιον
3244 2505 3323 2576 τῷ
3344 2503 3505 2559 πάθει
3545 2502 3657 2573 τῆς

2052 2611 2257 2682 σαρκός
2292 2626 2406 2671 σουι
2443 2608 2580 2679 πρὸς
2619 2608 2712 2659 τδν
2742 2604 2996 2675 Πατέρα,
3040 2602 3209 2671 ὅνπερ
3259 2599 3321 2653 οὐ
3355 2596 3657 2658 κατέλιπες

2051 2720 2205 2765 ποτε,
2230 2699 2370 2772 μετά
2399 2700 2555 2769 δόξης
2580 2698 2906 2769 ἀνέδραμες,
2938 2694 3046 2748 τῶν
3078 2690 3337 2763 μαθητῶν
3369 2689 3655 2760 βοώντων,

2050 2796 2156 2850 Τὸν
2187 2793 2391 2865 Κύριον
2425 2793 2667 2864 ὑμνεῖτε,
2697 2790 2767 2844 τὰ
2792 2788 2951 2860 ἔργα.

2124 2886 2476 2957 Κατελεήσας
2506 2881 2601 2945 οῦς
2631 2882 2927 2953 ἠγάπησας
2949 2876 3400 2943 κεκακωμένους,
3432 2872 3654 2941 Σῶτερ,

2053 2978 2251 3051 ἐχθροῦ
2278 2977 2574 3051 δεινότητι,
2593 2971 2821 3028 Ἐλαιῶν
2844 2971 2903 3037 ἐξ
2935 2970 3118 3041 ὅρους,
3136 2970 3401 3030 Δέσποτα,
3433 2964 3663 3035 βλεπόν-

2051 3046 2629 3142 των-ἀνελήφθηίτῶν
2664 3064 2924 3135 μαθητῶν
2954 3081 3074 3129 σου,
3091 3061 3209 3125 πῶς
3253 3059 3392 3132 μετά
3421 3058 3660 3129 σαρκδς,

2054 3162 2471 3235 θαυμαζόντων,
2502 3159 2562 3213 σὲ
2584 3157 2782 3227 νεφέλη
2808 3153 3067 3221 ὑπέλαϐε,
3086 3149 3405 3224 χερουὸικδς
3437 3149 3513 3212 ὡς
3534 3148 3664 3220 θρόο

2054 3275 2145 3322 νος
2164 3274 2177 3287 ·
2211 3256 2291 3310 διό
2321 3272 2382 3308 σε
2414 3255 2511 3308 σὺν
2541 3241 2726 3315 αὖτὸῖς
2761 3246 3119 3318 εὐλογοῦμεν.

2122 3441 2197 3495 Οὐ
2226 3436 2539 3507 καταλείψω
2567 3433 2841 3506 ὀρφανοὺς
2875 3432 3044 3502 ὑμᾶς,
3070 3428 3176 3482 υίοὶ
3208 3426 3302 3481 καὶ
3321 3423 3661 3496 κληρονόμοι

2052 3535 2155 3606 τῆς
2188 3526 2463 3605 βασιλείας
2489 3547 2590 3600 μου
2611 3547 2623 3560 ·
2652 3524 2894 3581 ἀνελθὼν
2915 3524 2974 3577 δὲ
3001 3523 3095 3577 τὸν
3126 3519 3491 3592 Παράκλητον
3512 3517 3662 3570 ἀστο-

2058 3624 2228 3680 στελῶ
2264 3623 2323 3691 eg
2365 3621 2532 3691 ὕψους
2561 3662 2576 3687 ,
2608 3619 2755 3689 ὑμᾶς
2805 3615 3046 3688 μυοῦντα
3077 3614 3149 3667 τὰ
3177 3613 3316 3682 ὑπὲρ
3342 3607 3660 3677 κατάληψιν

2055 3722 2150 3772 καὶ
2172 3717 2321 3779 νοῦν,
2352 3715 2447 3769 καὶ
2470 3712 2731 3783 πυρίνους
2762 3705 3078 3762 δεικνύοντα
3112 3702 3331 3776 μεθέξει
3361 3700 3490 3763 τοὺς
3542 3716 3661 3770 πη.

2054 3810 2255 3874 λίνους,
2281 3806 2443 3870 ἐϐόας
2473 3805 2745 3876 μαθηταῖς
2782 3819 2900 3865 σου,
2923 3799 3209 3868 οίκτίρμον
3232 3810 3246 3824 ’
3277 3793 3398 3848 ὃθεν
3436 3793 3535 3846 σὺν
3560 3793 3662 3846 αὖ·

2054 3904 2169 3965 τοῖς
2192 3919 2252 3955 σε
2282 3899 2560 3970 ὑμνοῦμεν
2588 3900 2669 3960 εἰς
2689 3898 2922 3958 αἰῶνας.

2122 3995 2391 4067 Νομίμων
2419 3993 2565 4062 δίχα,
2584 3991 2759 4061 Κόρη,
2784 3990 3000 4059 φύσεων
3020 3983 3113 4038 τὸν
3133 3981 3429 4052 νομοδότην
3450 3979 3662 4040 τίκτεις

2057 4065 2223 4156 νόμου
2261 4082 2550 4153 ἐξαίροντα
2588 4080 2646 4132 τὸ
2682 4077 2935 4140 σκιῶδες,
2962 4074 3057 4126 καὶ
3083 4072 3183 4141 τῆς
3207 4070 3427 4140 χάριτος
3453 4065 3664 4136 δωρού-

2059 4194 2220 4249 μενον
2253 4175 2315 4229 τὺ
2346 4174 2551 4243 φέγγος
2570 4189 2585 4204 ο
2614 4171 2697 4230 διὸ
2727 4169 2805 4239 τῷ
2836 4168 2986 4238 νόμῳ
3013 4163 3094 4235 τῷ
3123 4162 3226 4233 τῆς
3259 4159 3534 4231 ἁμαρτίας
3564 4174 3661 4228 με,

2054 4265 2475 4341 ἁγνὴ,χαλεπῶς
2495 4265 2590 4319 νῦν
2610 4262 2811 4335 τροπού
2820 4277 2981 4330 μενον
3002 4255 3392 4327 ἐλευθέρωσον,
3408 4249 3660 4324 ψάλλειν.

370 4388 461 4446 go,
489 4383 547 4428 ut
582 4372 806 4443 psallam
836 4387 847 4423 :
888 4367 1065 4439 Opera
1097 4365 1334 4431 Domini,
1369 4361 1674 4419 benedicite
1697 4359 1950 4414 Domino.

2075 4364 2157 4418 Γὸν
2176 4362 2382 4433 Κύριον
2408 4360 2652 4430 ὑμνεῖτε,
2688 4355 2757 4409 τὰ
2779 4355 2937 4425 ἔργα.

861 4544 974 4601 Nec
1025 4546 1217 4618 suﬁicit
1274 4545 1482 4615 lingua.

384 4715 387 4718 Ι
444 4640 666 4712 Egentis
695 4638 1097 4710 deperditaulue
1124 4639 1383 4693 misertus
1415 4642 1709 4695 creaturae,
1737 4640 1798 4686 ιιι
1836 4644 1967 4686 vere

374 4733 673 4788 miserator
706 4733 881 4796 solus,
925 4731 1214 4786 hominum
1268 4727 1500 4783 induisti
1574 4736 1854 4787 naturam,
1911 4728 1966 4776 et

375 4823 446 4880 ﬁn
465 4824 504 4878 ti
552 4840 648 4895 per
692 4822 1012 4880 Passionem
1048 4832 1197 4879 tuam
1256 4821 1502 4890 alligato,
1552 4817 1620 4872 ad
1658 4813 1876 4870 Patrem
1910 4813 1965 4867 in

377 4924 546 4978 altum
576 4920 905 4985 ascendisti,
946 4920 1210 4985 -Christe,
1259 4915 1448 4971 omnia
1503 4912 1724 4983 replens
1786 4909 1965 4981 gloria

375 5026 494 5072 tua.
1217 5066 1223 5072 .

445 5107 589 5174 Quid
631 5105 906 5165 confracti
954 5105 1092 5161 estis
1130 5104 1335 5169 animo,
1376 5102 1511 5173 quid
1567 5108 1793 5172 stupore
1841 5114 1966 5168 per-

377 5199 564 5257 culsi?
593 5202 904 5256 clamabant
959 5195 1227 5268 apostolis
1254 5194 1435 5265 angeli
1481 5201 1694 5249 stantes
1719 5206 1845 5246 cum
1885 5191 1965 5244 eis

376 5294 433 5347 in
486 5301 669 5346 monte
709 5311 721 5346 :
760 5294 849 5345 hic
878 5289 1040 5346 Jesus
1091 5302 1252 5359 quem
1302 5287 1501 5342 videtis
1552 5268 1964 5346 ascendentem,

380 5385 469 5439 ille
521 5383 576 5438 itt
623 5384 795 5439 multa
823 5382 996 5453 gloria
1027 5395 1222 5437 rursus
1248 5379 1431 5435 veniet.
1470 5377 1536 5431 a-l
1594 5374 1962 5447 judicandnm

381 5476 649 5534 mundum
685 5484 740 5531 et
768 5474 1244 5546 unicuiquejnxta
1275 5487 1440 5542 opera
1492 5466 1961 5524 distrilmendum.

452 5567 498 5624 Ο
554 5571 649 5640 qui
695 5569 905 5626 sanctis
971 5569 1257 5639 discipulis
1309 5566 1418 5620 tuis
1487 5578 1679 5634 pacem
1735 5560 1964 5625 dedisti,

385 5670 652 5728 praestans
685 5661 810 5715 illos
850 5662 1149 5716 emissione
1175 5659 1410 5728 Spiritus
1448 5657 1527 5709 tui
1576 5654 1787 5719 felices,
1831 5651 1962 5706 Ver-

382 5750 508 5806 bum
544 5751 638 5810 Dei
671 5754 1007 5820 misericors,
1052 5755 1206 5811 salva
1241 5766 1340 5807 nos
1376 5749 1444 5805 ab
1479 5747 1682 5804 ictibus
1725 5747 1960 5813 inimici,

2252 4609 2256 4613 θ
2498 4537 2730 4608 Ἀπορεῐ
2759 4533 2931 4590 πᾶσα
2954 4530 3227 4604 γλῶσσα.

2149 4630 2535 4705 Ἦπορημένην
2580 4631 2674 4682 καὶ
2698 4625 3094 4697 κεκακωμένην
3144 4623 3247 4691 τὴν
3299 4618 3474 4674 κτίσιν
3521 4635 3661 4672 κατ-

2069 4727 2329 4799 ηλέησας,
2366 4725 2526 4796 μόνος
2551 4722 2627 4786 ὡς
2659 4721 2920 4792 ὑπάρχων
2949 4717 3197 4787 ἐλεήμων
3218 4714 3314 4767 καὶ
3335 4711 3659 4781 οἰκτίρμωνο

2071 4821 2253 4892 σάρκα
2270 4816 2618 4888 ἀνθρωπίνην
2642 4813 2898 4884 εἴληφας,
2920 4811 3013 4864 καὶ
3040 4808 3132 4861 διὰ
3163 4805 3373 4868 πάθους
3396 4804 3486 4856 τὸν
3513 4806 3663 4871 ἰσχυ-

2074 4912 2164 4985 ρὸν
2190 4908 2496 4982 δεσμεύσας
2526 4907 2851 4977 ἀνέδραμες,
2883 4902 3108 4974 Χριστὲ,
3138 4899 3250 4954 ἄνω
3279 4897 3415 4969 πρὸς
3434 4896 3524 4949 τὸν
3556 4897 3663 4948 Πα-

2068 5003 2224 5074 τέρα,
2248 4999 2545 5072 πληρώσας
2578 4997 2733 5067 δόξης
2761 4994 2832 5048 τά
2862 4995 3176 5064 σύμπαντα.

2138 5094 2204 5146 Τί
2241 5091 2534 5161 ἀθυμεῖτε;
2563 5087 2615 5141 τί
2647 5087 2703 5139 δὲ
2731 5080 3137 5155 ὲκθαμὸεῖσθε;
3177 5078 3348 5132 ἐϐόων
3394 5079 3504 5139 τοῖς
3534 5076 3663 5127 ἁπο-

2072 5186 2283 5249 στόλοις
2332 5182 2557 5252 ἄγγελοι
2607 5179 2887 5249 ἱστάμενοι
2946 5178 3044 5229 σὺν
3072 5172 3282 5235 τούτοις
3317 5173 3373 5224 ἐν
3406 5169 3482 5240 τῷ
3508 5168 3622 5219 ius:
3645 5185 3658 5199 ·

2069 5274 2224 5342 οὗτος
2267 5276 2470 5348 Ἰησοῦς
2487 5275 2546 5328 ὃν
2571 5274 2798 5345 βλέπετε
2829 5267 3229 5337 ἀναληφθέντα,
3252 5263 3428 5326 οὕτως
3452 5264 3509 5314 ἐν
3536 5264 3663 5334 orig;

2072 5370 2235 5426 πάλιν
2265 5367 2543 5423 ἐλεύσεται
2580 5363 2771 5435 πολλῇ,
2800 5363 2985 5432 κρῖναι
3020 5359 3119 5429 τὴν
3162 5353 3514 5427 οἰκουμένην,
3568 5357 3663 5404 mi.

2074 5465 2209 5517 πᾶσι
2240 5465 2424 5532 νεῖμαι
2452 5459 2519 5511 τὰ
2548 5458 2693 5523 ἄξια.

2155 5551 2213 5604 '0
2370 5520 2742 5619 elpﬁquvﬁobc
2772 5545 2882 5607 τοῖς
2923 5542 3089 5611 ἱεροῖς
3126 5538 3394 5610 μαθηταῖς
3428 5552 3544 5595 σου,
3582 5520 3697 5606 θεῷ’

2070 5639 2349 5712 Πνεῦματί
2364 5657 2456 5693 σου
2479 5639 2685 5698 πάντας
2702 5634 3026 5705 εὐλογήσας,
3042 5629 3323 5701 οίκτίρμον
3346 5625 3481 5680 Θεοῦ
3498 5623 3667 5690 Λόγε,

2071 5738 2135 5791 ἐκ
2166 5736 2259 5789 τοῦ
2308 5732 2546 5806 πονηροῦ
2600 5730 2938 5801 συντήρησον
2977 5722 3173 5798 [ἡμᾶς]
3200 5717 3665 5794 ἀπαρατρώτουςο
