3986 6236
408 311 556 384 3θ83

1272 309 1330 367 s.
1375 270 1787 367 somnum
1838 305 2340 366 anulariam:
2380 307 2781 365 ιιῑέςληυηιμμ.

3548 309 3697 373 εοει

407 423 639 486 concha,
671 421 1025 491 synthronus,
1061 432 1218 490 myax
1253 429 1308 474 et
1356 420 1457 473 alia
1490 418 1731 488 ejusdem
1774 422 1989 491 generis

2098 434 2294 487 στηκεν
2331 420 2361 487 ἡ
2401 418 2594 487 κόγχη,
2631 419 2689 468 τὸ
2722 415 3028 487 σύνθρονον,
3076 419 3103 470 ὁ
3133 417 3304 489 μύεξ,
3333 423 3429 474 καὶ
3482 428 3547 477 τὰ
3579 443 3695 480 τοι-

408 517 665 569 haheant.
703 512 943 568 Ecclesia
1006 513 1077 566 ita
1134 512 1466 577 nominatur,
1526 513 1754 582 quodin
1811 529 1873 567 ea
1910 528 1993 568 or-

406 605 628 661 thodoxi
683 616 1082 675 congregantur
1125 612 1179 658 el.
1224 613 1626 669 convocantur;
1681 605 1992 673 complexus

404 714 621 769 quoque
662 707 907 761 vocatur,
949 698 1075 765 quia
1127 696 1396 750 mirabilia
1448 695 1539 750 Dei
1574 698 1624 751 in
1682 712 1740 750 sc
1792 696 1988 762 habet;

404 791 632 855 concha,
660 790 812 860 juxta
847 789 1356 844 Bethlehemiticnm
1385 788 1653 843 stabulum
1685 796 1736 841 et
1765 788 1988 856 spelun-

320 864 340 877 ’
406 894 525 933 eam
574 880 627 933 in
680 896 783 949 qua
838 878 1082 947 sepultus
1139 888 1219 933 est
1290 878 1587 943 Dominus;
1656 879 1990 949 synthronus

408 982 568 1043 typus
600 982 679 1026 cst
713 972 892 1026 throni
929 972 1188 1036 emlestis,
1221 973 1271 1025 in
1308 987 1490 1041 quem,
1522 987 1641 1026 cum
1671 987 1835 1025 carne
1864 987 1985 1034 sua,

404 1074 716 1132 assumptus
763 1063 938 1117 victor
1026 1064 1185 1131 hujus
1244 1065 1428 1118 nmndi
1482 1073 1535 1118 et
1596 1081 1702 1134 quo
1770 1065 1984 1119 insedit.

407 1154 749 1224 Synthrouus
811 1157 1009 1211 dicitur
1086 1168 1144 1212 et
1196 1174 1302 1211 non
1360 1158 1686 1226 simpliciter
1737 1157 1984 1221 throitus,

404 1248 532 1314 quia
574 1247 743 1300 Filius
784 1263 905 1301 cum
960 1247 1124 1301 Patre
1156 1249 1208 1302 in
1247 1265 1310 1302 eo
1355 1249 1642 1315 consedit;
1679 1250 1856 1303 caeteri
1892 1264 1987 1299 nn-

407 1353 512 1394 tvtn
555 1341 839 1408 synthroni
892 1342 1151 1395 honorem
1218 1341 1481 1405 indicant,
1525 1357 1685 1412 quem
1721 1353 1842 1412 post
1898 1357 1983 1395 re-

320 1447 327 1455 ‘
402 1437 799 1489 surrectiouem
847 1449 1000 1487 suam
1044 1434 1598 1504 eonsequeuturjusti
1625 1435 1775 1504 juxta
1814 1434 1982 1489 illud:

409 1545 427 1573 ι
469 1525 579 1592 ligo
633 1525 767 1588 dixi,
814 1522 892 1576 Dii
949 1523 1150 1578 estis’.
1194 1541 1213 1573 ›
1281 1523 1578 1577 Considant
1641 1523 1981 1587 sacerdotes,

404 1615 629 1682 perinde
652 1630 715 1668 ac
739 1615 782 1669 si
805 1630 925 1668 cum
952 1613 1172 1668 Christo
1199 1614 1441 1668 cruciﬁxi
1492 1623 1677 1668 essent
1709 1629 1832 1668 cum
1864 1629 1986 1684 pas—

405 1709 652 1761 sionibus
694 1707 810 1761 suis
852 1715 907 1760 et
935 1701 1227 1761 desideriis
1257 1722 1270 1768 ;
1313 1705 1547 1758 ministri
1578 1718 1707 1759 vero
1737 1705 1788 1758 in
1818 1720 1984 1774 ange-

2093 507 2253 560 αὕτα’
2293 508 2587 577 Ἐκκλησία
2609 509 2824 575 λέγεται
2841 509 2917 571 ώς
2939 511 2994 560 ἐν
3016 510 3186 582 ταύτῃ
3211 518 3694 585 συναγειρομένων

2093 600 2188 654 καὶ
2213 602 2559 670 καλουμένων
2581 603 2689 655 τῶν
2719 601 3033 670 όρθοδόξων·
3069 603 3393 674 ὀνομάζεται
3443 609 3501 661 δὲ
3536 628 3692 681 περι-

2092 693 2210 763 οχὴ,
2232 692 2419 764 ὥσπερ
2445 692 2641 762 ἔχουσα
2674 692 2740 746 τὰ
2774 692 2867 745 τοῦ
2894 692 3031 745 Θεοῦ
3066 694 3380 764 τεράστεια·
3414 697 3589 767 κόγχη
3631 701 3689 753 δξ

2094 784 2234 836 κατὰ
2254 784 2314 835 τὸ
2343 783 2401 834 ἐν
2428 783 2673 852 Βηθλεὲμ
2706 782 2993 852 σπήλαιον,
3027 785 3121 836 καὶ
3154 787 3298 838 κατὰ
3330 786 3389 838 τὸ
3418 790 3691 857 σπήλαιον

2091 873 2222 928 ἔνθα
2269 876 2475 946 ἐτάφη·
2510 876 2570 927 τὸ
2599 874 2885 945 σύνθρονόν
2915 877 3033 929 ἐλστι
3066 876 3239 939 τύπος
3278 876 3372 931 τοῦ
3422 883 3689 934 Δεσποτι-

2094 966 2193 1022 κοῦ
2230 968 2443 1040 θρόνον,
2480 971 2539 1022 ὲν
2656 971 2883 1038 νικήσας
2910 969 3004 1022 τὸν
3045 971 3250 1039 κόσμον
3287 972 3426 1042 μετὰ
3478 978 3688 1044 σαρκός

2091 1061 2387 1132 ἀνελήφθη,
2407 1061 2499 1114 καὶ
2533 1063 2589 1113 ἐν
2621 1060 2768 1129 αὐτῷ
2791 1061 3035 1113 ἐκάθισε·
3062 1061 3354 1133 σύνθρονον
3376 1064 3432 1117 δὲ
3464 1065 3685 1133 λέγεται

2090 1154 2184 1206 καὶ
2204 1152 2263 1205 οὐ
2286 1151 2491 1223 θρόνος,
2511 1151 2597 1204 διὰ
2621 1151 2679 1203 τὸ
2703 1151 3136 1219 συγκαθέζεσθαι
3160 1153 3249 1206 τὸν
3281 1154 3408 1207 Υἱὺν
3434 1159 3570 1226 μετὰ
3584 1157 3685 1209 τοῦ

2091 1244 2303 1315 Πατρός
2324 1260 2338 1273 ⁸
2364 1244 2431 1297 τὰ
2472 1243 2634 1297 λοιπὰ
2670 1242 2937 1313 σύνθρονα
2993 1243 3216 1315 δηλοῦσι
3261 1245 3361 1317 τὴν
3391 1249 3581 1318 τιμὴν,
3614 1252 3685 1320 ἢν

2094 1338 2235 1407 μετὰ
2263 1338 2361 1407 τὴν
2384 1337 2681 1390 ἀνάστασιν
2710 1336 3017 1405 ὀφείλουσιν
3059 1337 3355 1391 ἀπολαϐεῖν
3380 1341 3427 1391 οἱ
3457 1340 3679 1393 δίκαιοι·

2088 1431 2231 1485 κατὰ
2255 1430 2337 1496 τὸ,
2368 1430 2539 1500 «Ἐγὼ
2561 1427 2693 1485 εἶπα
2710 1445 2723 1460 ο
2751 1430 2874 1484 θεοί
2894 1431 3041 1484 ἐστε·
3068 1449 3086 1482 ι
3111 1432 3535 1500 συγκαθέζονται
3551 1435 3609 1487 δὲ
3629 1438 3685 1490 οἱ

2090 1526 2254 1596 ἱερεῖς
2270 1526 2345 1590 ὡς
2361 1525 2436 1594 τῷ
2462 1524 2684 1595 Χριστῷ
2702 1513 3210 1594 συνσταυρωθέντες
3234 1523 3334 1578 σὺν
3360 1527 3471 1588 τοῖς
3494 1526 3685 1596 παθή-

2047 1618 2051 1622 ’
2094 1636 2226 1688 μασι
2257 1620 2351 1671 καὶ
2380 1620 2501 1682 ταῖς
2529 1617 2871 1687 ἐπιθυμίαις,
2912 1617 3023 1670 τών
3059 1616 3323 1671 διακόνων
3373 1617 3684 1688 ἱσταμένων
3763 1625 3769 1628 ’

2087 1712 2167 1774 είς
2206 1710 2376 1763 τύπον
2415 1710 2521 1763 τῶν
2542 1709 2810 1778 ἀγγέλωνο
2832 1709 2961 1778 ἁγία
2979 1707 3236 1778 τράπεζα
3255 1708 3409 1778 δηλοῖ
3433 1708 3494 1763 τὸ
3517 1709 3686 1778 ἅγιον

407 1800 580 1854 lorum
615 1801 831 1852 modum
864 1792 1066 1853 astant.
1124 1797 1308 1851 Mensa
1341 1809 1531 1851 sancta
1565 1806 1812 1851 sanctum
1867 1810 1982 1850 mo-

2093 1804 2373 1872 μνημεῖον,
2433 1803 2490 1855 ἐν
2537 1794 2584 1869 ᾧ
2634 1799 2811 1870 ἐτάφη
2839 1801 2911 1870 ’ἡ
2968 1801 3023 1852 δὲ
3054 1799 3185 1867 ἁγία
3227 1799 3485 1868 πρόθεσις
3512 1800 3540 1851 ό
3577 1799 3676 1852 τοῦ

406 1897 725 1942 numentum
802 1888 992 1951 refert,
1052 1885 1105 1938 in
1157 1901 1264 1954 quo
1311 1885 1555 1952 sepultus
1612 1881 1981 1951 est;‘sancta

400 1978 676 2052 prethesis
698 1975 991 2031 calvariam
1025 1975 1126 2027 loci
1153 1974 1204 2028 in
1242 1988 1350 2042 quo
1380 1972 1677 2028 cruciﬁxus
1704 1979 1788 2026 est
1814 1988 1828 2024 :
1862 1971 1984 2025 ideo

399 2075 742 2129 sacrificatur
773 2069 825 2125 in
860 2082 922 2122 ea
951 2082 967 2133 ;
1010 2066 1270 2130 ciborius,
1304 2063 1356 2116 in
1398 2063 1613 2117 modum
1668 2060 1985 2116 Noemitieae

399 2180 539 2221 arca:
573 2163 676 2236 [tib
740 2177 768 2215 a
805 2161 989 2216 eihoto
1018 2154 1190 2229 (arca)
1230 2164 1279 2209 et
1312 2156 1455 2206 orius
1488 2152 1557 2207 ab
1598 2150 1815 2205 horario
1839 2148 1986 2203 ordi-

401 2257 552 2331 nato]
590 2254 894 2312 desumitur
918 2269 933 2321 ;
960 2250 1263 2305 convoluta:
1295 2257 1474 2301 autent
1504 2243 1767 2299 columna:
1786 2241 1986 2295 adimi-

402 2352 657 2405 tatiOuem
732 2356 966 2419 quatuor
1041 2343 1355 2398 animalium
1427 2336 1754 2408 accipiendae
1834 2344 1982 2399 sunt,

400 2460 520 2515 qttze
555 2441 689 2496 vidit.
727 2441 1011 2510 pmpheta.

462 2556 525 2614 ’5.
580 2556 766 2612 Altare
806 2556 886 2611 sic
913 2552 1258 2616 nominatur,
1308 2548 1391 2604 vel
1421 2547 1578 2617 juxta
1622 2545 1896 2601 cmlestem
1930 2550 1984 2598 et

401 2649 740 2722 spiritualem
801 2660 975 2704 aram,
1032 2645 1104 2697 ita
1137 2653 1194 2697 ut
1245 2642 1560 2697 sacerdotes
1593 2638 1795 2692 terreni
1833 2638 1980 2690 hier-

401 2742 620 2799 archias
683 2745 1074 2809 repraesentem
1155 2732 1463 2803 Spirituales
1539 2741 1592 2784 et
1656 2728 1984 2782 immateria-

398 2837 500 2902 les,
554 2851 673 2903 qth
723 2845 871 2886 more
932 2828 1072 2900 ignis
1123 2826 1366 2880 ardentis
1440 2822 1843 2892 splendescunt,
1898 2820 1983 2873 vel

394 2930 549 2998 juxta
574 2941 787 2983 sacrum
807 2920 1008 2979 Christi
1033 2929 1475 2981 monumentum,
1507 2916 1561 2968 in
1594 2929 1704 2984 quo
1722 2913 1894 2967 Filius
1923 2927 1983 2965 se

400 3022 680 3074 victimam
730 3016 838 3071 Deo
884 3013 1034 3073 Patri
1084 3011 1305 3066 obtulit.
1357 3009 1515 3079 Myax
1556 3006 1774 3079 (volutae
1818 3018 1983 3073 super

2087 1893 2324 1964 Κρανίου
2357 1896 2518 1956 τόπος
2558 1894 2616 1945 ἐν
2644 1885 2689 1958 ᾧ
2721 1890 3037 1963 ἐσταυρώθη
3067 1909 3080 1922 ο
3111 1891 3209 1944 καὶ
3232 1890 3321 1943 διὰ
3352 1889 3510 1942 τοῦτο
3545 1890 3681 1942 θύε-

2096 2000 2187 2036 ται
2217 1987 2275 2037 ἐν
2306 1983 2456 2055 αὐτῷ
2475 1999 2489 2014 ο
2515 1984 2543 2036 ό
2573 1980 2845 2053 κυὸώριός
2883 1983 3029 2033 ἐστιν
3058 1981 3134 2044 εἰς
3165 1978 3335 2033 τύπον
3364 1979 3462 2049 τῆς
3502 1980 3682 2033 κιῆω-

2085 2075 2182 2129 τοῦ
2211 2075 2304 2130 τοῦ
2347 2076 2471 2129 Νῶε
2501 2092 2514 2106 ·
2548 2075 2609 2128 τὸ
2635 2074 2733 2145 μὲν
2755 2075 2863 2143 γὰρ
2890 2072 2991 2126 κίϐ
3025 2071 3279 2136 κιϐωτὸς,
3328 2072 3390 2125 τὸ
3413 2066 3469 2125 δὲ
3496 2070 3684 2140 ὥριον

2094 2167 2341 2223 τουτέστι
2382 2164 2623 2232 διάταξις
2685 2163 2851 2219 αὐτοῦ
2875 2181 2890 2193 ’
2921 2162 2992 2217 τά
3021 2163 3079 2217 δὲ
3147 2164 3478 2234 παρακιόνια
3531 2169 3683 2217 κατὰ

2089 2260 2319 2331 μίμησιν
2344 2258 2451 2312 τῶν
2481 2258 2762 2329 τεσσάρων
2783 2255 2935 2322 ζώων
2976 2254 3084 2310 τῶν
3108 2253 3384 2325 ὀφθέντων
3421 2254 3501 2326 τῷ
3535 2272 3685 2328 προ-

2088 2356 2254 2425 φῆτε-

2155 2578 2189 2631 γ
2210 2604 2221 2617 .
2244 2560 2638 2631 Θυσιαστήριον
2668 2558 2886 2627 λέγεται
2910 2549 3060 2611 ’κατὰ
3110 2557 3172 2611 τὸ
3197 2555 3518 2628 ἐπουράνιον
3584 2556 3683 2610 καὶ

2084 2654 2278 2727 νοερὸν
2329 2652 2715 2723 θυσιαστήριον
2756 2653 2815 2705 ἐν
2861 2642 2905 2718 ᾧ
2938 2649 3296 2705 ἀντιτυποῠσι
3328 2649 3428 2712 τὰς
3476 2650 3677 2720 νοερᾶς

2084 2749 2177 2800 καὶ
2210 2745 2410 2809 ἀύλους
2463 2743 2749 2815 ἱεραρχίας
2776 2743 2826 2795 οἱ
2870 2741 3047 2794 ἐνυλοι
3103 2741 3300 2811 ἱερεῖς·
3334 2738 3564 2803 τούτους
3616 2741 3676 2792 δὲ

2082 2837 2225 2894 εἶναι
2255 2839 2329 2902 ὡς
2362 2837 2473 2908 πῦρ
2504 2836 2702 2905 φλέγον
2734 2849 2749 2864 '
2785 2834 2987 2906 ἧκατὰ
3013 2833 3074 2886 τὸ
3117 2835 3273 2900 ἆγιον
3317 2833 3508 2902 μνῆμα
3533 2834 3678 2902 Χρι-

2083 2932 2231 2996 στοῦ,
2256 2933 2313 2984 ἐν
2336 2923 2379 2998 ᾧ
2430 2929 2622 2982 θυσίαν
2653 2927 2842 2980 ἐαυτὸν
2869 2927 3224 2998 προσήγαγεν
3262 2924 3341 2995 τῷ
3396 2924 3520 2995 Θεῷ
3573 2925 3677 2978 καὶ

2084 3023 2257 3090 Πατρὶ
2285 3022 2313 3073 ὁ
2334 3019 2590 3092 Χριστός.
2619 3017 2780 3083 Μύαξ
2814 3018 2843 3069 ὁ
2869 3017 3056 3071 ἐπάνω
3084 3015 3179 3069 τοῦ
3210 3014 3473 3086 βήματος,
3509 3016 3688 3078 τύπος

402 3111 517 3181 ara)
597 3110 833 3177 primum
904 3105 1100 3174 ﬁgurat
1160 3103 1397 3163 malum,
1448 3110 1503 3153 et
1561 3098 1668 3151 alia
1724 3095 1978 3150 Ecclesiae

2093 3116 2174 3169 τοῦ
2216 3113 2434 3184 πρώτου
2471 3111 2703 3185 ούρανοῦ
2732 3127 2746 3141 ·
2778 3112 2840 3164 τὸ
2872 3110 2928 3163 δὲ
2967 3109 3153 3163 λοιπὸν
3184 3109 3373 3174 στέγος
3398 3109 3499 3179 τῆς
3560 3109 3690 3162 Ἐκ-

402 3203 677 3258 structura
700 3206 1049 3267 repraesentat
1071 3194 1468 3247 ﬁrmamentmn
1504 3189 1740 3254 visibile,
1780 3197 1833 3240 et
1863 3201 1980 3256 (piae

405 3295 543 3351 infra
599 3307 861 3349 succensa
893 3298 1019 3345 sunt
1070 3285 1395 3342 candelabra
1446 3284 1709 3338 rationem
1748 3281 1984 3334 siderum

403 3390 636 3453 habent;
679 3386 877 3454 gradus
904 3381 1179 3437 emlestem
1229 3378 1508 3433 imitantur
1557 3388 1732 3437 arani,
1765 3382 1819 3426 et
1841 3372 1984 3426 sicut

402 3466 603 3539 ibidem
645 3478 960 3533 ministrant.
989 3472 1167 3543 angeli
1204 3470 1321 3534 Dei,
1353 3470 1433 3524 sic
1473 3476 1527 3523 et
1557 3465 1767 3520 terreni
1795 3479 1984 3519 saccr~

402 3576 556 3629 dotes
598 3573 651 3625 in
703 3569 964 3641 gradibus
999 3574 1176 3620 astant
1227 3570 1282 3618 et
1309 3562 1535 3616 Domino
1582 3559 1787 3614 cultum
1836 3554 1986 3610 debi-

404 3677 517 3720 tum
548 3678 762 3734 semper
789 3659 1051 3714 tribuunt.
1096 3654 1302 3711 Idcirco
1341 3650 1598 3708 convenit
1646 3647 1983 3703 sacerdotem

403 3775 527 3816 esse
552 3758 733 3827 ignem
773 3756 1079 3815 ardentem,
1138 3742 1700 3817 irreprehensibilem,
1730 3740 1799 3794 ab
1837 3737 1984 3792 omni

408 3850 619 3906 macula
655 3860 710 3903 et
738 3843 1132 3914 improbatione
1180 3840 1406 3894 liberum
1434 3854 1448 3902 ;
1503 3833 1813 3890 sacerdotes
1839 3830 1985 3883 enim

404 3941 858 4011 archangelorum
914 3936 1088 3989 vicem
1134 3937 1346 4003 gerunt,
1418 3939 1474 3982 et
1531 3922 1985 3995 quemadmodum

406 4032 693 4103 Seraphin:
745 4029 1039 4085 carbonem
1099 4025 1344 4092 suscepit
1392 4030 1448 4075 et.
1475 4017 1699 4072 tradidit
1759 4012 1914 4068 Isaiae
1942 4010 1986 4076 ³,

404 4132 484 4187 sic
518 4126 836 4186 sacerdotes
867 4129 1088 4176 sumunt
1119 4132 1332 4187 panem,
1363 4116 1414 4169 id
1445 4124 1528 4167 εει
1551 4124 1743 4178 corpus
1775 4104 1989 4161 Domini

405 4236 461 4281 et
524 4225 656 4278 dant
686 4195 905 4290 populo.
939 4214 1017 4269 Nc
1046 4212 1167 4282 quis
1215 4211 1381 4281 igitur
1400 4206 1655 4276 opinetur
1687 4201 1885 4271 ﬁguras
1914 4210 1992 4249 re-

406 4314 820 4388 praisentativas
877 4316 1089 4362 tantum
1150 4317 1273 4358 esse
1330 4309 1550 4355 sanctas
1629 4292 1875 4362 corporis
1935 4294 1992 4391 et.

406 4406 690 4479 sanguinis
723 4400 965 4469 Christi;
996 4406 1081 4453 ast.
1111 4396 1299 4450 credat
1328 4393 1556 4463 quisque.
1595 4400 1787 4456 panem
1812 4391 1875 4479 ct
1909 4395 1990 4479 vt-

2084 3207 2313 3279 κλησίας
2345 3208 2424 3270 εἰς
2447 3205 2616 3260 τύπον
2645 3203 2740 3258 τοῦ
2769 3202 3098 3274 φαινομένου
3125 3202 3381 3274 οὐρανοῦ,
3401 3204 3503 3265 τὰς
3531 3221 3678 3256 καν-

2083 3300 2244 3371 δήλας
2290 3297 2655 3369 ὑφαπτούσας
2697 3295 2941 3351 κάτωθεν
2973 3297 3096 3365 ἕχον
3124 3295 3246 3349 ἀντὶ
3276 3294 3387 3349 τῶν
3409 3295 3689 3366 ἀστέρωνο

2085 3393 2145 3446 τὸ
2172 3392 2229 3445 δὲ
2272 3389 2423 3462 βῆμά
2457 3390 2576 3442 ἐστι
2623 3387 2766 3442 κατὰ
2799 3389 3031 3457 μίμησιν
3064 3386 3158 3440 τοῦ
3209 3386 3537 3457 ἐπουρανίου
3590 3386 3686 3439 Ou-

2088 3480 2428 3550 σιαστηρίου·
2471 3480 2567 3532 καὶ
2612 3479 2802 3550 ὥσπερ
2846 3478 3255 3548 λειτουργοῦσιν
3309 3478 3533 3547 ἄγγελοι
3585 3479 3685 3531 τοῦ

2080 3572 2244 3638 Θεοῦ,
2291 3572 2465 3636 οὕτως
2512 3574 2571 3626 ἐν
2616 3572 2695 3642 τῷ
2732 3566 2872 3644 ἁγίῳ
2922 3574 3128 3643 βήματι
3190 3572 3436 3626 ἵστανται
3494 3573 3592 3625 καὶ
3635 3574 3688 3624 oi

2086 3665 2259 3720 ἓνυλοι
2292 3667 2456 3737 ἱερεῖς
2486 3665 2838 3737 παρεστῶτες
2876 3665 2973 3718 καὶ
3001 3663 3351 3735 λατρεύοντες
3373 3664 3448 3735 τῷ
3493 3665 3690 3736 Κυρίῳ

2085 3758 2406 3821 διαπαντός·
2431 3758 2636 3813 καὶ·διὰ
2671 3757 2830 3811 τοῦτο
2852 3757 3081 3828 ἁρμόζει
3111 3758 3204 3809 τὸν
3260 3757 3431 3828 ἱερέα,
3455 3757 3531 3822 ὡς
3570 3760 3687 3829 πῦρ

2088 3852 2284 3921 φλέγον
2312 3849 2480 3915 εἶναι,
2516 3850 2769 3921 καθάπερ
2793 3867 2852 3902 τε
2893 3851 2990 3902 καὶ
3019 3848 3306 3919 ἄμεμπτον
3344 3849 3453 3902 ἀπὸ
3480 3851 3688 3914 παντὸς

2099 3940 2273 4012 ῥύπου
2306 3941 2400 3993 καὶ
2429 3938 2643 4009 μώμου·
2679 3940 2728 3992 οἱ
2760 3939 2925 4010 ἱερεῖς
2946 3938 3260 4008 όμοιοῦνται
3293 3937 3683 4009 ἀρχαγγέλοιςο

2089 4031 2122 4102 ἢ
2147 4031 2252 4104 γὰρ
2268 4031 2456 4101 ὥσπερ
2485 4032 2734 4101 Σεραιρὶμ
2758 4028 2917 4081 ἔλαϐε
2938 4030 3030 4081 τὸν
3068 4027 3317 4098 ἄνθρακα
3343 4031 3439 4082 καὶ
3475 4030 3686 4083 δέδωκε

2089 4124 2169 4196 τῷ
2212 4123 2433 4194 Ἠσαίᾳ,
2463 4122 2637 4185 οὕτως
2671 4122 2768 4175 καὶ
2798 4121 2848 4175 οἱ
2882 4122 3045 4192 ἱερεῖς
3088 4119 3429 4190 λαμϐάνουσι
3457 4123 3549 4175 τὸν
3582 4122 3685 4195 ἆρ-

2092 4234 2181 4269 τον
2227 4216 2348 4287 ἤτοι
2381 4215 2442 4268 τὸ
2481 4214 2809 4268 Δεσποτικὸν
2846 4214 3008 4283 σῶμα
3065 4216 3158 4267 καὶ
3210 4214 3413 4268 διδόασι
3447 4215 3525 4285 τῷ
3546 4216 3684 4286 λαῷ.

2091 4309 2296 4378 Μηδεὶς
2344 4308 2437 4361 οὖν
2502 4307 2728 4361 δοκείτω
2781 4307 3047 4360 ἀντίτυπα
3115 4302 3257 4359 εἷναι
3319 4308 3386 4361 τὰ
3430 4308 3562 4375 ἅγια
3591 4309 3684 4362 τοῦ

2095 4400 2347 4470 σώματος
2383 4399 2477 4453 καὶ
2513 4400 2749 4469 αἵματος
2790 4398 2883 4451 τοῦ
2912 4397 3176 4469 Χριστοῦ,
3232 4399 3371 4452 ἀλλὰ
3395 4400 3489 4454 τὸν
3519 4403 3687 4471 ἄρτον

407 4471 540 4558 num
553 4498 796 4554 oblatum
813 4491 1060 4549 converti
1080 4490 1133 4544 in
1154 4502 1348 4558 corpus
1363 4494 1419 4540 et
1433 4481 1749 4549 sanguinem
1768 4471 1990 4529 Christi.

2098 4492 2307 4545 καὶτὸν
2341 4488 2483 4544 οἶνον
2534 4490 2837 4543 πιστευέτω
2870 4492 3319 4560 προσφερόμενον
3352 4492 3687 4562 μεταϐάλλε-

411 4594 531 4648 Alia
566 4587 882 4660 explicatio.
939 4582 1154 4641 Gradus
1203 4579 1444 4650 (podiqu
1501 4572 1710 4628 scilicet
1747 4562 1986 4635 sacrum)

409 4694 495 4740 est
550 4659 794 4738 elevatus
857 4685 912 4733 et
961 4676 1061 4732 sub
1128 4672 1356 4743 pedibus
1430 4667 1626 4730 locus;
1692 4659 1986 4717 secundam

380 4745 613 4835 ‘Christi
661 4775 864 4830 indicat
899 4766 1271 4842 prmsentiam,
1300 4761 1393 4832 qui
1437 4758 1682 4815 insidens
1721 4750 1987 4824 iudicabit

412 4874 567 4928 vivos
598 4879 652 4924 et
682 4876 943 4923 mortuos.
1038 4936 1041 4941 γ

481 4963 536 5018 4.
574 4960 816 5017 Ornatus
861 4938 1093 5022 ﬁtjuxta
1125 4962 1338 5005 sacrum
1382 4955 1436 4999 et
1479 4942 1707 5013 legalem
1743 4938 1983 5005 cultum;

408 5056 614 5114 Christi
640 5049 885 5108 cruciﬁxi
924 5054 1152 5099 mortem
1172 5040 1225 5093 in
1242 5052 1403 5093 cruce
1429 5043 1747 5090 exornatam
1771 5030 1996 5086 demon-

411 5149 697 5212 strat,sive
720 5138 1003 5198 Velaminis
1021 5135 1247 5188 lormam
1266 5129 1449 5195 refert;
1469 5125 1694 5179 cancelli
1714 5124 1777 5178 ad
1792 5136 1996 5178 morem

413 5240 782 5296 cancellorum
810 5224 1227 5296 suntsepuleri;
1260 5235 1422 5291 Opera
1442 5231 1592 5273 aenea
1634 5231 1753 5286 qua:
1787 5215 1987 5283 simpli-

414 5333 851 5398 cemingressum
870 5321 1137 5382 adimunt,
1161 5310 1613 5370 locumorationis
1638 5309 1897 5372 indicant,
1928 5308 1995 5361 ah

413 5425 640 5479 introitu
712 5418 967 5488 populum
1040 5408 1368 5466 exteriorem
1419 5404 1695 5465 cohibent,
1762 5402 1993 5455 interius

466 5602 488 5634 ²
522 5601 659 5654 Psal.
715 5616 897 5663 mm,
926 5598 977 5654 6.
1040 5598 1059 5629 ³
1094 5597 1199 5652 lsa.
1234 5611 1308 5661 Vl,
1343 5595 1396 5650 6.

2094 4583 2216 4637 σθαι
2269 4585 2348 4648 εἰς
2382 4585 2539 4655 σῶμα
2576 4584 2671 4638 καὶ¹
2708 4578 2846 4653 αἷμα
2894 4583 3131 4655 Χριστοῦ
3164 4584 3263 4653 tl).
3326 4584 3558 4647 Ἀλλως·
3614 4587 3690 4639 Τὸ

2095 4672 2243 4744 βῆμα
2272 4673 2388 4725 ἐστὶ
2414 4673 2577 4737 τόπος
2613 4672 2942 4743 ὺπόϐαθρος’
2977 4673 3320 4727 ύποδεικνύει
3355 4673 3535 4744 δὲτὴν
3568 4675 3687 4728 δευ-

2092 4767 2258 4838 τέραν
2308 4766 2617 4839 παρουσίαν
2644 4806 2658 4831 ,
2690 4766 2780 4819 διὰ
2814 4767 2874 4820 τὸ
2919 4767 3157 4821 καθέντα
3202 4769 3261 4820 ἐν
3289 4768 3425 4837 αὐτῇ
3476 4769 3689 4837 μέλλειν

2094 4861 2273 4930 κρῖναι
2287 4858 2493 4924 ζῶντας
2510 4858 2604 4912 καὶ
2626 4860 2873 4930 νεκρούς.

2162 4949 2225 5003 δ’.
2257 4950 2553 5021 Κοσμητὴς
2620 4951 2739 5003 ἐστὶ
2782 4951 2926 5003 κατὰ
2977 4950 3038 5002 τὸ
3095 4949 3319 5017 νομικὸν
3372 4951 3467 5003 καὶ
3528 4952 3682 5021 ἅγιον

2107 5043 2358 5113 κόσμιον,
2410 5045 2673 5113 ἐμφαῖνον
2730 5042 2824 5096 τοῦ
2872 5042 3277 5110 σταυρωθέντος
3330 5045 3572 5114 Χριστοῦ
3628 5048 3688 5099 τὸ

2104 5134 2494 5203 ὲκσφράγισμα
2529 5135 2613 5188 διὰ
2643 5135 2877 5205 σταυροῦ
2913 5134 3319 5205 κοσμούμενον,
3347 5136 3379 5205 ῆ
3408 5138 3490 5200 είς
3516 5138 3689 5191 τύπον

2103 5226 2131 5277 ὁ
2156 5227 2440 5296 κοσμητὴς
2464 5225 2557 5279 τοῦ
2581 5227 3072 5297 καταπετάσματος
3102 5244 3117 5256 ο
3147 5227 3504 5296 τάκάγκελλα
3534 5230 3687 5283 ἀντί-

2101 5332 2245 5368 τυπα
2305 5316 2412 5369 τῶν
2472 5317 2565 5369 τοῦ
2620 5317 2794 5387 τάφου
2834 5317 3171 5386 καγκέλλωνο
3214 5319 3393 5388 χαλκᾶ
3422 5319 3479 5372 δὲ
3511 5320 3602 5373 διὰ
3628 5321 3689 5373 τὸ

2104 5406 2179 5475 μὴ
2226 5405 2569 5477 εἰσέρχεσθαί
2599 5425 2720 5461 τινα
2753 5408 2939 5472 ἁπλῶς
2973 5426 2986 5442 ο
3020 5407 3240 5479 δηλοῦσι
3272 5408 3329 5462 δὲ
3377 5410 3473 5465 καὶ
3522 5411 3691 5466 τόπον

517 5756 591 5817 tl)
626 5728 1007 5812 .‘lnimadvene
1038 5755 1356 5826 praeclarum
1400 5752 1461 5807 de
1488 5748 1589 5805 SS.
1628 5748 1965 5803 Eut-ltaristia
2008 5747 2396 5803 testimonium.
