3986 6236
235 5405 261 5414 ς

364 360 507 430 3985

1429 350 2038 415 COMMENTARIUS
2083 349 2570 410 Ll'l‘URGlCUS.

3505 345 3644 407 3986

367 469 694 546 προσευχῆς.
731 469 786 522 ἐν
810 461 854 538 ᾧ
882 465 1128 537 σημαίνει
1173 457 1278 532 τὴν
1315 463 1420 533 μὲν
1451 464 1650 532 ἔξωθεν
1681 463 1770 548 τού
1821 461 1948 516 λαοῦ
1977 511 1981 519 ,

2089 472 2253 517 uncta
2285 475 2599 520 sanctorum
2636 447 2918 517 definiunt
2951 475 2998 516 et
3031 463 3158 518 solis
3183 459 3508 532 presbyteris
3545 475 3642 514 ac-

375 563 598 627 ιῐσοδον,
627 561 726 632 τὴν
754 559 811 614 δέ
843 558 1042 614 ἔσωθεν
1083 556 1152 612 τὰ
1181 554 1360 624 ’Ἀγια
1400 555 1508 610 τῶν
1542 556 1712 623 ἁγίων
1769 553 1947 624 ὑπάρ-

369 672 592 726 χουσαν,
627 653 724 708 καὶ
780 653 962 723 μόνοις
987 652 1101 714 τοῖς
1145 645 1356 718 ἱερεῦσι
1413 648 1600 720 βατήν.
1657 647 1724 701 Ἡ
1755 645 1951 700 σωλεία

369 748 450 810 είς
480 743 649 800 τύπον
699 743 792 798 τοῦ
823 741 1072 814 ποταμοῦ
1130 740 1225 795 τοῦ
1253 741 1424 812 πυρὸς
1466 740 1560 794 τοῦ
1627 738 1952 810 χωρίζοντος

369 837 496 898 τοὺς
521 833 886 904 ἁμαρτωλοὺς
909 834 974 886 ἐκ
999 831 1108 886 τῶν
1133 831 1380 894 δικαίων,
1413 829 1557 884 κατά
1603 829 1696 882 τὸν
1738 827 1953 882 Παῦλον

371 926 620 994 λέγονταο
661 945 679 976 ι
700 924 962 978 Ἐκάστου
985 925 1046 976 τὺ
1072 923 1231 995 ἔργον
1260 921 1320 975 τὸ
1352 921 1464 992 πῦρ
1485 920 1790 989 δοκιμάσει.
1827 939 1846 971 ι
1895 919 1955 972 '0

373 1017 564 1087 ᾰμόων
600 1015 850 1084 ἐκφαίνει
892 1013 953 1068 τδ
1011 1017 1198 1084 σχῆμα
1229 1011 1324 1066 τοῦ
1378 1012 1551 1076 λίθου,
1584 1011 1644 1065 ὃν
1676 1009 1902 1072 κυλίσας
1929 1010 1957 1062 ό

374 1109 608 1178 ἄγγελος
637 1108 876 1178 ἐκάθητο
921 1108 1122 1163 ἐπάνω
1156 1105 1340 1172 αὐτοῦ,
1392 1105 1620 1176 πλησίον
1649 1103 1749 1176 τῆς
1787 1103 1957 1174 θύρας

373 1202 468 1254 τοῦ
501 1202 805 1272 μνήματος,
847 1199 1094 1256 ἀναϐοῶν
1115 1202 1237 1264 ταῖς
1291 1197 1624 1270 μυροφὸροις
1669 1196 1768 1269 τὴν
1822 1197 1959 1252 ἀνά-

378 1308 589 1347 στασιν’
640 1293 697 1346 αἱ
729 1293 986 1364 βαθμίδες
1031 1291 1129 1346 τοῦ
1179 1291 1435 1360 ἄμϐωνος
1476 1287 1695 1358 δηλοῦσι
1733 1289 1832 1358 τὴν
1862 1288 1956 1342 τοῦ

390 1383 585 1438 Ἰακὼϐ
636 1383 902 1451 κλίμακα.
947 1383 1015 1437 Ἥ
1041 1383 1421 1452 γυναικωνῖτις
1468 1380 1690 1451 γέγονεν
1713 1381 1801 1434 ἴνα
1823 1381 1961 1434 διαι-

385 1477 584 1544 ρῶνται
616 1477 669 1530 αἱ
697 1478 956 1543 γυναῖκες
979 1477 1088 1530 ἀπὸ
1115 1475 1224 1528 τῶν
1255 1474 1486 1544 ἀνδρῶν’
1529 1471 1710 1533 καθὼς
1758 1473 1812 1526 αί
1847 1490 1956 1543 μυ·-

383 1567 603 1639 ροφόροι
631 1570 733 1620 οὐκ
764 1567 1014 1637 εἰσῆλθον
1039 1569 1118 1631 εἰς
1161 1567 1254 1620 τὸν
1273 1566 1443 1634 τάφον
1471 1565 1608 1636 μετὰ⁹
1643 1566 1838 1634 Ἰωσὴφ
1867 1565 1962 1617 καὶ

382 1660 694 1730 Νικοδήμου
719 1701 732 1724 ,
763 1659 878 1712 ἀλλ’
931 1659 1214 1730 ἱστάμεναι
1245 1656 1348 1722 ἔξω
1405 1655 1692 1729 ἐθρήνουν.
1737 1655 1964 1727 Νάρθηξ

383 1752 500 1804 ἐστὶ
537 1753 624 1806 διὰ
652 1753 712 1805 τὺ
757 1751 982 1807 ἑστάναι
1011 1753 1103 1807 τὸν
1139 1752 1266 1806 λαὸν
1298 1752 1402 1820 ἔξω
1433 1754 1488 1806 ἐν
1521 1755 1586 1823 τῇ
1620 1750 1714 1806 τοῦ
1768 1750 1963 1820 θυμιά-

387 1861 555 1912 ματος
587 1843 726 1916 ὥρᾳ.
757 1845 839 1900 Τά
876 1844 1259 1916 κατηχούμενα
1291 1847 1372 1908 εἰς
1394 1845 1564 1898 τύπον
1592 1843 1698 1895 τῶν
1733 1841 1806 1912 μὴ
1830 1858 1968 1896 κατ·
2007 1825 2044 1879 Β

383 1939 692 2007 ερχομένων
737 1939 988 2008 ἀγγέλων
1049 1938 1143 1992 ἐπὶ
1170 1937 1270 2006 τῆς
1297 1941 1420 2008 γῆς,
1446 1935 1560 1990 ἀλλ’
1587 1939 1649 1990 ἐκ
1674 1935 1781 1988 τῶν
1809 1935 1977 2005 ούρα-

384 2028 490 2081 νών
542 2028 889 2083 σκοπούντων
935 2031 1033 2092 τὰς
1063 2031 1120 2082 ἐν
1146 2031 1218 2102 γῇ
1261 2027 1653 2098 ίεροτελεστίχς
1681 2042 1692 2054 ⁸
1727 2025 1760 2097 ἢ
1792 2025 1880 2078 διὰ
1921 2025 1979 2078 τὸ

385 2115 564 2186 λέγειν
593 2123 693 2189 τὴν
719 2121 965 2192 Γραφὴν,
995 2140 1012 2174 ι
1062 2122 1268 2192 ¹’Ᾱρατε
1306 2120 1500 2183 πύλας.
1533 2139 1551 2170 ι

457 2217 518 2265 ε’.
551 2211 625 2265 Τὸ
680 2215 1049 2284 σημαντήριον
1099 2212 1398 2268 αἰνίττεται
1427 2213 1528 2277 τὰς
1572 2208 1678 2266 τῶν
1729 2211 1977 2280 ἀγγέλων

391 2297 896 2372 σάλπιγγας,ὲναῖς
931 2305 981 2357 oi
1003 2303 1222 2374 ἄγγελοι
1273 2304 1559 2374 μέλλουσιν
1612 2305 1897 2358 σαλπίσειν
1924 2306 1982 2357 ἐν

391 2395 598 2469 ἐσχάτῃ
633 2396 816 2467 ἡμέρα
837 2399 932 2452 καὶ
953 2397 1242 2463 ἐξυπνίσαι
1263 2399 1442 2452 πάντα
1458 2399 1527 2451 τὰ
1548 2399 1698 2470 ἔθνη.
1717 2401 1778 2453 Ἠ
1801 2401 1986 2476 ἐνδοτὴ

392 2485 670 2562 [ἐνδυτὴῖ]
692 2490 720 2542 ό
742 2489 938 2556 κόλπος
958 2493 1058 2562 τῆς
1079 2492 1364 2548 Θεοτόκου.
1385 2492 1456 2546 Τὸ
1473 2493 1669 2547 είλιτδν
1689 2494 1962 2567 [είλητὸνῖ

390 2579 425 2648 ἡ
463 2578 672 2649 σινδόνη
705 2580 822 2649 μεθ’
857 2576 921 2652 ἧς
971 2572 1356 2652 ἐνετάφιάσθη.
1411 2584 1469 2636 'U
1519 2562 1708 2648 δίσκος
1757 2562 1990 2658 νεξέλης

393 2669 562 2724 τύπον
603 2673 794 2744 ἐπέχει
826 2674 883 2727 ἐν
943 2677 1117 2747 μικρᾷ
1175 2678 1513 2749 περιγραφῇ.
1577 2677 1650 2730 Τὸ
1688 2680 1946 2749 ποτήριον
1972 2721 1988 2747 ,

395 2763 524 2832 περὶ
553 2753 614 2814 οὗ
641 2757 762 2814 εἷπε
785 2778 798 2792 ·
837 2783 860 2816 α
895 2763 1053 2818 ιῖίετε
1108 2767 1328 2830 πάντες.
1371 2785 1390 2818 ι
1449 2768 1515 2820 Ἠ
1547 2767 1700 2831 λαὸὶς
1733 2770 1874 2824 κατὰ
1901 2770 1993 2824 τὸν

397 2855 922 2926 προφήτηνἩσαῖαν
953 2857 1201 2926 λέγοντα“
1241 2878 1260 2912 ι
1314 2861 1622 2932 Ἀπεστάλη
1653 2863 1789 2934 πρός
1817 2881 1884 2934 με
1935 2863 1994 2918 ἓν

396 2943 505 2998 τῶν
532 2947 802 3018 Σεραφίμ·
844 2968 861 2999 ι
899 2951 1156 3020 σημαίνει
1205 2952 1263 3005 δὲ
1295 2953 1390 3006 καὶ
1420 2953 1520 3024 τὴν
1543 2953 1840 3026 Παρθένον,
1890 2954 1994 3026 βα-

403 3035 704 3100 στάζουσαν
749 3039 846 3092 καὶ
877 3039 1038 3094 αὐτὸν
1088 3041 1178 3096 τὸν
1212 3041 1462 3110 οὐράνιον
1503 3044 1692 3115 ἄρτον.
1757 3046 2000 3118 Ἀστερι.

2056 575 2269 616 cessum
2328 559 2590 630 praebent.
2635 548 2813 609 Solatia
2868 539 2935 610 in.
2957 557 3170 608 modum
3200 553 3438 607 ﬂurniuis
3484 551 3639 620 igniti

2057 662 2376 721 peccatores
2414 667 2443 705 a
2472 649 2639 721 justis
2687 657 2936 717 separat,
2985 647 3157 721 juxta
3185 644 3366 698 divum
3411 641 3636 695 Paulum

2059 719 2331 800 dicentem
2366 761 2378 799 :
2417 762 2436 795 ι
2458 719 2734 810 Cujusque
2761 755 2896 809 opus
2925 755 3020 806 per
3051 719 3228 805 ignem
3251 732 3511 802 probatur
3539 731 3578 785 ‘.
3615 750 3634 782 ι

2059 839 2233 893 Ambo
2267 847 2436 906 petrae
2481 836 2708 890 formam
2758 832 2954 896 induit,
3007 844 3114 899 qua
3149 822 3642 888 revolutajnsetlit

2062 931 2284 1002 angelus
2317 931 2383 985 ad
2409 931 2606 985 ostium
2645 924 3004 988 monumenti,
3029 931 3084 976 et
3115 919 3456 983 mulieribus,
3491 932 3640 986 myr-

2064 1023 2217 1078 rham
2283 1021 2684 1082 deferentibus,
2749 1015 3205 1088 resurrectionem
3256 1009 3640 1073 annumiavit;

2064 1118 2262 1188 gradus
2318 1105 2500 1170 autem
2550 1111 2800 1168 ambouis
2843 1108 3043 1164 scalam
3087 1105 3274 1162 Jacobi
3315 1117 3645 1160 commemo-

2067 1219 2204 1264 rant.
2265 1207 2547 1263 Mulierum
2598 1221 2727 1260 vero
2786 1202 2951 1259 statio
3017 1199 3254 1264 exsistit,
3305 1207 3368 1253 ut
3432 1195 3646 1251 fetnina:

2067 1305 2136 1358 ab
2173 1301 2485 1357 hominibus
2533 1307 2896 1368 separentur;
2930 1296 3070 1350 sicut
3117 1291 3372 1345 mulieres
3399 1302 3648 1356 unguen-

2069 1405 2178 1449 tum
2212 1393 2540 1457 del‘ereutes,
2583 1407 2704 1446 cum
2749 1387 2989 1456 Josepho
3034 1395 3088 1440 et
3131 1381 3422 1437 Nicodemo
3466 1379 3518 1432 in
3565 1391 3652 1429 se-

2069 1486 2313 1556 pulcrum
2367 1487 2626 1556 ingressae
2684 1498 2788 1538 non
2834 1489 2982 1538 sunt.
3035 1487 3120 1532 ast
3177 1481 3448 1528 steterunt
3505 1469 3651 1522 foras

2041 1581 2124 1634 ~et
2178 1578 2459 1632 ﬂeverunt.
2513 1577 2608 1630 Est
2647 1575 2897 1639 narlhex,
2941 1579 2996 1626 nt
3022 1569 3248 1640 populus
3283 1561 3653 1636 thymiamatis

2073 1680 2200 1730 hora
2236 1672 2366 1727 foris
2385 1679 2544 1725 astet.
2580 1669 3101 1725 Catechumetrorum
3137 1661 3326 1715 divisio
3354 1660 3402 1711 in
3435 1655 3651 1711 modum

2073 1767 2388 1838 angelorum
2433 1771 2537 1826 est,
2572 1763 2663 1832 qui
2705 1778 2808 1814 non
2849 1762 2898 1814 in
2931 1767 3130 1812 terram
3157 1751 3516 1812 descendunt,
3558 1744 3654 1800 sed

2080 1862 2144 1914 de
2187 1857 2340 1912 noxiis
2386 1853 2583 1908 elinsas
2629 1850 2682 1905 in
2722 1859 2866 1904 terra
2915 1861 3107 1914 preces
3159 1840 3534 1913 perspiciunt;
3576 1835 3658 1888 rei

2076 1955 2228 2025 juxta
2262 1951 2392 2005 illud
2427 1947 2720 2016 Scriptura:
2757 1959 2772 1998 :
2810 1963 2826 1994 ι
2874 1941 3120 1994 Attollite
3153 1946 3334 2006 portas
3359 1935 3398 1986 ⁵.
3436 1951 3454 1984 ι

2156 2229 2208 2285 5.
2242 2221 2588 2296 Siguaculum
2615 2215 2926 2286 angulorum
2965 2209 3120 2263 tubas
3145 2207 3519 2274 repraesentat,
3543 2197 3667 2266 qui-

2087 2325 2188 2380 bus
2221 2317 2394 2390 angeli
2440 2315 2492 2370 in
2541 2311 2730 2366 ultima
2775 2307 2862 2362 die
2909 2311 3108 2359 canent
3150 2307 3205 2353 et
3248 2308 3442 2350 omnes
3476 2302 3666 2360 gentes

2091 2434 2119 2471 e.
2142 2429 2332 2469 somno
2361 2406 2718 2464 suscitahunl.
2744 2399 2928 2454 Sacra:
2949 2390 3454 2450 mensminstratum
3487 2384 3666 2436 sinum

2093 2509 2185 2564 Dei
2207 2502 2498 2562 Genitricis
2515 2496 2817 2570 signiﬁcat;
2843 2487 3124 2559 corporale
3146 2483 3427 2540 sindonem
3455 2493 3560 2549 qua
3587 2491 3672 2530 se-

2093 2602 2273 2674 pultus
2290 2607 2392 2652 est.
2417 2594 2606 2649 Discus
2631 2591 2686 2645 in
2709 2600 2876 2658 parvo
2899 2581 3149 2644 circuitu,
3165 2575 3321 2631 nubis
3341 2573 3568 2628 formam
3590 2581 3673 2620 rc-

2096 2657 2221 2748 i'ert.
2241 2687 2416 2752 Calix,
2435 2685 2500 2739 de
2523 2696 2628 2753 quo
2643 2657 2846 2734 dictum
2873 2672 2976 2727 fuit
3004 2691 3018 2726 :
3055 2689 3073 2722 ι
3097 2667 3274 2727 Bibitc
3286 2677 3472 2718 omnes
3487 2661 3527 2714 ⁸.
3554 2678 3573 2712 ι
3597 2657 3696 2713 Las

2095 2785 2200 2850 bis,
2225 2781 2375 2848 iuxta
2401 2776 2530 2830 illud
2573 2763 3040 2842 prophetatlsaite:
3079 2779 3096 2812 ι
3121 2758 3270 2813 Misit
3304 2755 3368 2810 ad
3401 2766 3671 2825 tneunupt

2096 2837 2476 2936 exs-crepidini
2501 2865 2542 2931 τ,
2639 2837 2915 2928 Virginem
2953 2850 3263 2922 signiﬁcat,
3311 2859 3430 2914 quin
3480 2837 3697 2912 panem'
3722 2863 3776 2880 -

2101 2972 2168 3024 de
2201 2965 2354 3021 cunis
2382 2958 2651 3030 portabat.
2682 2951 2848 3008 Sidus
2885 2957 2942 3003 et
2975 2953 3213 3014 quatuor
3255 2938 3532 2998 animalia,
3557 2949 3678 3004 quae

2101 3061 2225 3118 creti
2261 3057 2522 3126 fulgorem
2565 3051 2852 3124 obtegunt,
2896 3038 3209 3112 signiﬁcant
3246 3031 3574 3103 margaritas
3622 3029 3678 3084 in

403 3145 530 3193 σκος
555 3130 739 3225 καθὼς
769 3133 836 3186 τά
863 3136 1107 3205 τέσσαρα
1136 3135 1252 3199 ζῶα
1287 3137 1649 3192 ἐπικαλύπτει
1687 3139 1780 3192 τὸν
1815 3141 1976 3212 οὐρά·

2089 3157 2310 3214 adversa
2340 3121 2479 3202 disci
2522 3121 2662 3198 facie
2694 3152 2797 3192 non
2833 3147 2956 3190 esse
2981 3126 3458 3202 conglutinamlas.
3491 3121 3679 3178 Colttttt

406 3238 516 3277 νιον
541 3221 810 3294 ἄνθρακα·
847 3225 994 3280 ἐστιν
1023 3226 1079 3280 δὲ
1109 3228 1200 3281 καὶ
1235 3228 1322 3282 διὰ
1351 3229 1412 3282 τὸ
1442 3229 1516 3302 μὴ
1545 3230 1836 3286 κολλᾶσθαι
1854 3235 1981 3300 τοὺς

407 3315 751 3385 μαργαρίτας
781 3318 838 3370 ἐν
881 3317 959 3388 τῷ
995 3319 1496 3392 δισκοκαλύμματι.
1557 3323 1764 3394 Ἢθμὸς
1811 3325 1983 3380 διὰτὸ

410 3407 556 3476 μήτι
585 3409 762 3462 κοινὸν
790 3411 1052 3481 ἐμπεσεῖν
1080 3412 1160 3476 είς
1186 3411 1277 3466 τὸν
1303 3413 1448 3466 θεῖον
1474 3415 1752 3488 κρατῆρα.
1771 3417 1839 3470 Ai
1861 3435 1986 3472 καν-

406 3495 560 3566 δῆλαι
595 3498 686 3552 καὶ
719 3501 766 3552 oi
799 3503 958 3572 κηροὶ
990 3501 1160 3567 τύπος
1193 3505 1304 3557 sici.
1357 3505 1454 3559 τοῦ
1518 3509 1741 3564 αἰωνίου
1783 3511 1982 3578 φωτὸςο

407 3585 708 3642 δεικνύουσι
723 3590 780 3645 δέ
801 3594 970 3647 καὶτὸ
994 3594 1108 3664 φῶς
1129 3597 1266 3666 ὅπερ
1284 3597 1659 3668 ἐκλάμψουσιν
1693 3602 1740 3654 οἱ
1763 3599 1986 3659 δίκαιοι.

409 3677 662 3750 Κυριακὴ
691 3683 910 3751 λέγεται
962 3683 1050 3737 διὰ
1087 3685 1148 3738 τὸ
1193 3686 1287 3738 τὸν
1317 3666 1553 3757 Χριστὸν
1583 3666 1810 3762 ἐνιαύτῇ
1839 3694 1994 3764 ἐγερ-

411 3769 586 3838 θῆναι·
623 3772 880 3842 σημαίνει
905 3774 962 3826 δέ
988 3774 1120 3838 ἄκος
1153 3775 1301 3843 παρά
1331 3776 1534 3848 Κυρίου
1561 3795 1574 3809 ·
1631 3781 1690 3833 ἐν
1719 3783 1856 3852 αὐτῇ
1884 3783 1993 3854 γὰρ

411 3858 781 3930 ἐθεράπευσεν
814 3863 875 3916 τὸ
913 3862 1229 3936 Ἀδαμιαῖον
1273 3867 1466 3931 πάθος·
1532 3868 1594 3921 ού
1660 3870 1914 3942 κλίνομεν
1939 3873 1995 3926 δὲ

413 3951 541 4020 γόνυ
576 3955 633 4006 ἐν
660 3955 820 4025 αὐτῇ,
848 3954 982 4008 διότι
1035 3957 1106 4010 τὰ
1155 3959 1392 4023 πίστεως
1422 3960 1723 4032 ἀνωρθώθη
1753 3962 1842 4016 διά
1892 3954 1994 4032 τῆς

413 4045 763 4110 ἀναστάσεως
819 4047 913 4100 τοῦ
951 4049 1210 4119 Χριστοῦ⁶
1241 4051 1303 4105 οὐ
1335 4051 1592 4123 κλίνομεν
1633 4054 1763 4122 γόνυ
1823 4048 1987 4127 μέχρι

411 4137 514 4206 τῆς
546 4139 830 4208 Κυρ.ακῆς
886 4139 984 4210 τῆς
1023 4141 1427 4215 Πεντηκοστῆς,
1463 4145 1552 4198 διά
1583 4161 1641 4199 τε
1700 4145 1799 4210 τὰς
1849 4147 1990 4202 ἐπτά

415 4229 627 4298 ἡμέρας
659 4230 798 4300 μετὰ
824 4229 884 4283 τὸ
914 4231 1068 4298 ἅγιον
1113 4235 1301 4305 Πάσχα
1356 4237 1805 4307 ἐπταπλωμένως
1852 4255 1992 4309 κρα-

414 4322 548 4373 τεῖν·
591 4321 760 4391 ἤγουν
799 4323 940 4376 ἐπτὰ
980 4324 1073 4377 ἐπὶ
1105 4325 1242 4380 ἐπτά
1284 4327 1372 4398 μθ¹
1407 4329 1502 4382 καὶ
1548 4330 1582 4400 ἡ
1625 4330 1880 4402 Κυριακὴ
1925 4338 1988 4396 ν’,

416 4411 538 4482 ἥτις
566 4412 735 4476 τύπος
773 4413 856 4465 τοῦ
895 4411 1178 4483 μέλλοντος
1200 4417 1415 4480 αἰῶνος·
1453 4417 1722 4486 εὐχόμεθα
1753 4418 1808 4471 δὲ
1850 4421 1990 4475 κατά

2081 3254 2256 3315 adest,
2289 3255 2348 3299 ut
2383 3239 2514 3296 nihil
2546 3232 2743 3302 impuri
2783 3230 2834 3284 iu
2877 3234 3124 3282 sauctmu
3181 3220 3404 3276 calicem
3456 3215 3681 3271 incidat.

2080 3307 2416 3400 Candelabra
2449 3341 2504 3386 et
2547 3328 2691 3383 cerei
2745 3334 3002 3377 aeternam
3055 3315 3230 3370 lucem
3279 3310 3550 3382 ﬁgurant;
3605 3307 3684 3360 in-

2083 3441 2254 3489 nunnt
2302 3427 2500 3498 justus,
2557 3417 2695 3473 locis
2744 3427 2914 3477 more,
2963 3407 3362 3480 Splendesccre.
3409 3399 3685 3456 Dominica

2085 3523 2164 3576 sic
2200 3489 2448 3580 vocatur,
2477 3507 2619 3580 quod
2655 3519 2718 3560 ea
2757 3503 2844 3556 die
2888 3499 3141 3554 Christus
3181 3489 3510 3548 resurrexit;
3567 3499 3688 3538 ure-

2097 3613 2270 3667 delum
2302 3603 2512 3662 Domini
2567 3595 2858 3668 signiﬁcat,
2898 3591 3024 3661 quia
3073 3584 3264 3640 Adami
3326 3581 3570 3636 morbum
3622 3591 3688 3630 eo

2095 3705 2182 3756 die
2221 3697 2454 3755 sanavit.
2515 3688 2800 3746 Dominica
2847 3698 2952 3736 non
3007 3678 3276 3732 ﬂectirnus
3323 3686 3462 3742 genu
3507 3687 3521 3724 :
3559 3668 3688 3722 ﬁdrs

2094 3789 2236 3844 enim
2264 3801 2358 3857 per
2399 3777 2850 3838 resurrectionem
2889 3769 3100 3823 Domini
3127 3765 3405 3834 exsurgit;
3447 3761 3511 3816 ad
3547 3760 3689 3814 Pen-

2097 3853 2336 3934 tecosten
2378 3887 2549 3942 usque
2585 3883 2722 3940 genu
2755 3880 2858 3920 non
2889 3860 3178 3925 ﬂectimus,
3230 3863 3288 3910 ut
3321 3853 3687 3922 septenarium

2095 3969 2298 4039 septies
2326 3939 2610 4021 numerum
2642 3956 2931 4014 efferamus
2959 3969 2976 4018 ;
3005 3959 3209 4020 septem
3232 3964 3327 4019 per
3349 3955 3552 4015 septem
3571 3939 3690 4016 [49]

2088 4069 2143 4114 et
2161 4037 2443 4112 Dominica
2474 4053 2525 4118 1,
2551 4047 2796 4106 eﬂiciunt
2820 4045 2910 4109 50,
2937 4041 3075 4112 quod
3117 4039 3283 4092 futuri
3307 4037 3490 4093 smcnli
3522 4038 3689 4104 ﬁgura

2088 4161 2192 4204 est.
2228 4150 2282 4204 Si
2329 4147 2394 4201 ad
2435 4145 2699 4199 orientem
2725 4137 2975 4194 conversi
3009 4143 3222 4189 nostras
3249 4146 3436 4201 preces
3457 4128 3687 4185 eti‘uudi-

2090 4258 2232 4304 rnus,
2284 4241 2399 4294 haec
2441 4237 2584 4290 inter
2629 4231 2764 4286 alias
2815 4229 2954 4284 ratio
3013 4225 3315 4296 potissima,
3375 4224 3518 4293 quod
3577 4222 3694 4276 fru-

2088 4343 2234 4394 (tum
2285 4347 2350 4386 ex
2403 4329 2548 4382 Eden
2598 4336 2824 4393 carpere
2849 4333 3131 4391 speramus
3161 4357 3178 4384 ,
3229 4315 3322 4386 qui
3345 4326 3422 4370 ἐι
3485 4315 3694 4368 oriente

2104 4424 2372 4495 provenit.

419 4505 678 4576 ἀνατολὴν
722 4507 818 4559 καὶ
844 4505 912 4558 δι’
953 4507 1086 4562 ἄλλα
1139 4511 1256 4580 μὲν,
1290 4509 1526 4580 μάλιστα
1573 4507 1672 4582 [δέΙ
1699 4512 1829 4565 διότι
1861 4513 2152 4587 ἐλπίζομεν
2176 4516 2270 4588 τὴν
2301 4515 2534 4586 ἐνἘδέμ
2565 4507 2970 4581 ἀπολαμϐάνειν
2999 4503 3204 4576 τροφὴν
3237 4503 3333 4574 τὴν
3362 4499 3504 4555 κατὰ
3534 4500 3720 4552 ἀνατα-

417 4594 514 4664 λὴν
545 4593 979 4664 πεφυτευμένην.

493 4693 566 4750 ς’.
597 4685 914 4756 Ἀρχιερεὺς
951 4685 1122 4753 τύπος
1168 4691 1287 4744 ἐστὶ
1328 4691 1425 4745 τοῦ
1455 4693 1758 4746 Δεοϊεῦτου⁶
1807 4695 1981 4768 ὥσπεε

2091 4765 2123 4780 π
2173 4700 2224 4756 6.
2269 4699 2515 4754 Pontifex
2549 4699 2723 4752 locum
2762 4694 2970 4749 Domini
2998 4701 3142 4748 tenet
3178 4707 3190 4744 :
3235 4691 3694 4758 quemadmodum

425 4777 530 4846 γὰρ
577 4777 604 4828 ό
649 4777 929 4847 Δεσπότης
997 4780 1316 4836 ἀποστέλλει
1372 4785 1512 4848 τοὺς⁶
1561 4786 1828 4854 ἀγγέλους
1861 4829 1874 4854 ,

1925 4789 2026 4840 οὖ-

2125 4795 2268 4847 cnim
2321 4791 2580 4844 Dominus
2629 4803 2755 4843 suos
2800 4785 3020 4855 angelos
3069 4783 3256 4845 mittit,
3298 4783 3368 4835 ita
3414 4783 3700 4848 cpiscoqu

423 4884 528 4930 τως
582 4871 675 4921 καὶ
717 4871 744 4921 ὁ
799 4871 1098 4936 ἐπίσκοπος
1149 4877 1278 4940 τοὺς
1350 4878 1536 4948 ἱερεῖς.
1594 4880 1809 4949 Λευκὴν
1898 4899 1981 4934 στε

2123 4883 2454 4938 sacerdotes.
2482 4881 2629 4934 Stola
2661 4879 2780 4932 alba
2807 4878 3048 4930 induitur
3075 4875 3351 4937 sacerdos,
3381 4871 3432 4924 in
3466 4872 3694 4924 fortnam

423 4960 518 5028 λὴν
593 4961 986 5032 περιϐέϐληται
1041 4965 1072 5017 ὁ
1121 4966 1424 5030 ἐπίσκοπος
1479 4967 1573 5022 διὰ
1617 4971 1716 5039 τὴν
1787 4974 2012 5042 μορφὴν

424 5052 532 5104 τῶν
556 5052 667 5106 ἀνω
698 5055 996 5125 δυνάμεων,
1031 5060 1278 5112 τουτέστι
1325 5060 1418 5113 τοῦ
1461 5061 1738 5114 Δεσπότου
1772 5079 1786 5091 ·
1833 5063 2014 5127 καθὼς

425 5145 520 5214 καὶ
565 5147 820 5216 Ἰωάννης
861 5150 990 5217 περὶ
1015 5149 1176 5203 αὐτοῦ
1213 5151 1358 5220 λέγει
1386 5167 1398 5182 ’
1438 5171 1456 5203 ι
1493 5155 1564 5206 Τὸ
1607 5153 1808 5225 ἔνδυμα
1844 5155 2010 5208 αὐτοῦ

428 5237 618 5291 λευκὸν
640 5239 773 5292 ὡσεὶ
805 5241 958 5310 χιών.
999 5261 1017 5291 ι
1052 5245 1326 5314 Τριπλοῦν
1349 5247 1409 5298 τὸ
1437 5247 1750 5318 ὼμοφόριον
1785 5249 2010 5320 περιϐέ-

431 5331 644 5400 ϐληται,
671 5332 806 5384 διότι
828 5333 928 5403 τὴν
963 5333 1169 5405 "rgias;
1205 5339 1447 5407 ὑφίεται.
1495 5341 1559 5393 Ἠ
1593 5342 1651 5394 ἐν
1699 5345 1764 5414 τῇ
1794 5345 2002 5414 κεφαλῇ

431 5439 522 5527 του
556 5423 746 5490 ἱερέως
804 5427 1108 5496 στρογγύλη
1142 5431 1350 5500 κουρά,
1388 5432 1536 5503 δηλοῖ
1580 5433 1669 5485 τὸν
1719 5435 2009 5488 ἀκάνθινον

435 5517 716 5580 στέφανον,
745 5517 836 5568 καὶ
867 5517 948 5569 ὅτι
995 5519 1022 5569 ὀ
1056 5519 1276 5584 διπλοῦς
1321 5525 1587 5592 στέφανος
1647 5527 1708 5578 ἐκ
1766 5528 1862 5594 τῆς
1901 5529 2009 5580 τῶν

462 5619 635 5676 ρίχων
688 5607 1057 5678 σημειώσεως,
1116 5617 1370 5680 εἰκονίζει
1420 5618 1518 5688 τὴν
1561 5620 1654 5671 τοῦ
1711 5623 2008 5689 κορυφαίου

497 5783 518 5808 ’⁵
573 5782 744 5841 ἐυικ
782 5805 862 5854 tit,
913 5791 989 5840 l3.
1055 5794 1070 5816 "’
1105 5793 1243 5844 i'sil.
1286 5811 1434 5856 Hm,
1475 5797 1518 5845 7.

1631 5801 1647 5818 "
1681 5797 1841 5848 .‘lmi.
1887 5798 2127 5847 “tt—'37.

2120 4975 2419 5031 cmlestium
2471 4981 2822 5042 potestatum,
2873 4967 3121 5022 videlicet
3181 4963 3433 5029 Domini;
3477 4963 3542 5014 de
3595 4961 3696 5012 huc

2119 5068 2266 5122 enim
2323 5065 2457 5119 dicit
2512 5061 2793 5116 Joannes:
2838 5078 2858 5111 ι
2901 5058 3298 5113 vestimentum
3345 5054 3463 5122 ejus
3513 5051 3694 5104 album

2117 5159 2259 5211 sicut
2293 5155 2442 5210 nix'.
2475 5173 2492 5206 ι
2527 5153 2751 5222 Triplici
2780 5146 3106 5221 (Humerali)
3138 5145 3524 5208 circumdatur,
3553 5142 3698 5195 ideo-

2116 5262 2223 5317 que
2273 5245 2598 5300 Trinitatem
2657 5242 2848 5296 induit.
2894 5239 2949 5292 ln
2991 5237 3292 5292 sacerdotis
3344 5235 3522 5302 capite
3587 5234 3696 5286 cir-

2117 5345 2298 5396 cinata
2355 5349 2572 5394 tonsura
2629 5337 2874 5406 spineam
2923 5345 3178 5385 coronam
3227 5327 3534 5397 signiﬁcat;
3598 5329 3691 5378 du-

2119 5439 2240 5505 plux
2271 5445 2452 5488 autem
2489 5445 2690 5486 corona
2743 5443 2862 5497 qua:
2912 5443 2977 5480 ex
3029 5423 3346 5493 capillorum
3379 5419 3549 5474 forma
3579 5419 3695 5472 eﬂi-

2121 5529 2300 5591 citur,
2352 5526 2719 5578 reucramium
2784 5517 3054 5587 coryplnci
3117 5513 3343 5584 apostoli
3403 5519 3564 5580 caput
3629 5509 3695 5562 ad

2123 5620 2298 5670 \iuum
2341 5614 2612 5684 exprimit,
2650 5628 2770 5664 (‘Uztt
2822 5611 3011 5664 Petrus
3046 5618 3330 5677 perlonsus
3377 5608 3442 5657 ab
3479 5605 3696 5658 ln‘lli.‘i$

2211 5797 2228 5823 ⁷
2268 5794 2365 5847 l~a.
2400 5809 2471 5855 ιἰ,
2510 5794 2559 5843 (i.
2641 5791 2659 5818 ⁸
2694 5789 2876 5843 Matth.
2914 5805 3038 5852 xm,
3073 5791 3126 5841 ’2.
