3986 6236
458 358 558 421 389

1494 343 2099 409 COMMENTARIUS
2137 336 2627 401 LiTUiiGICUS.

3546 320 3683 382 3990

403 470 488 532 δὲ,
511 468 597 523 ἵνα
623 466 698 540 μὴ
729 463 1190 535 ὲπιλανθανόμεθα
1204 454 1311 529 τῆς
1329 459 1389 513 ὲν
1406 459 1486 532 τῷ
1517 458 1661 529 ἁγίῳ
1689 456 1853 510 πάθει
1886 456 1981 509 τοῦ

2115 454 2249 521 quod
2286 453 2336 505 in
2374 456 2561 505 sancta
2595 437 2779 499 crucis
2831 441 3098 511 passione,
3137 436 3320 489 lancea
3375 430 3676 502 perfossum

403 557 639 630 σταυροῦ
683 557 823 628 μετά
855 556 1054 627 λόγχης
1097 549 1357 623 νυγείσης
1390 547 1661 620 ἀχράντου
1716 546 1979 617 πλευρᾶς,

402 634 1089 722 όπηνὶκαύθέωςὲξῆλθεν
1122 639 1261 714 αἷμα
1305 642 1400 696 καὶ
1453 639 1618 711 ὕδωρ,
1649 639 1731 702 είς
1769 637 1982 709 ἀφθαρ-

406 741 526 795 σίαν
561 742 654 794 καὶ
677 739 981 793 ἀνάπλασιν
1031 737 1126 791 τοῦ
1170 734 1393 799 παντὸς.
1423 736 1566 797 άπερ
1623 730 1926 802 προσφέρει
1957 733 1986 783 ὁ

408 834 587 902 ἱερεὺς
616 831 808 885 θυσίαν
841 830 983 903 ὑπὲρ
1022 827 1117 881 τοῦ
1152 826 1305 881 λαοῦ.

478 921 544 978 θ’.
578 923 651 975 Τὸ
693 920 824 991 γοῦν
856 920 1269 991 προσαγόμενον
1302 916 1520 980 πολλοῖς
1568 916 1829 987 ὀνόμασιν
1866 915 1987 968 ὀνο·

412 1013 644 1084 μάζεται.
670 1030 683 1043 ”
712 1013 957 1066 καλεῖται
980 1010 1090 1081 γὰρ
1123 1007 1363 1076 εὐλογία,
1395 1009 1705 1080 προσφορὰ,
1743 1006 1984 1078 ἀπαρχὴ,

408 1106 570 1175 ἄρτος
590 1121 602 1133 ⁸
623 1102 843 1171 εὐλογία
871 1103 968 1174 μὲν
993 1101 1066 1164 ὡς
1090 1101 1188 1167 τῆς
1223 1100 1358 1172 ἀρᾶς
1394 1100 1504 1153 τῶν
1539 1099 1988 1171 πρωτοπλάστων

408 1199 685 1269 ἀναίρεσις
719 1213 731 1226 ·
768 1194 1052 1265 προσφορὰ
1068 1192 1148 1256 δὲ,
1175 1193 1251 1256 ὡς
1279 1192 1339 1257 ἐξ
1368 1192 1489 1245 ὅλου
1523 1192 1615 1245 τοῦ
1646 1190 1986 1263 ἀνθρωπείου

408 1287 748 1357 φυράματος,
765 1280 852 1339 οἷα
879 1285 976 1355 τῆς
996 1282 1306 1354 φιλοτιμίας
1318 1283 1396 1354 τῷ
1411 1282 1531 1352 Θεῷ
1559 1282 1880 1354 καὶΚτίστῃ
1908 1282 1988 1346 εἰς

407 1379 476 1433 τὰ
502 1379 613 1431 τῶν
633 1379 806 1445 ἁγίων
828 1378 996 1446 ’Ἅγια
1023 1375 1479 1449 προσηνέχθημεν
1509 1392 1522 1405 ·
1553 1375 1780 1445 ἀπαρχὴ
1805 1374 1884 1441 δὲ,
1915 1374 1990 1438 ὡς

410 1472 629 1526 πάντων
663 1471 738 1542 τῷ
762 1470 880 1542 Θεῷ
909 1468 1434 1542 προσενηνεγμένων
1457 1469 1802 1538 τυγχάνουσα
1834 1469 1991 1540 ἱερωο

407 1566 542 1635 τέρα
566 1565 661 1618 καὶ
685 1564 957 1635 ἀνωτέρα.
995 1563 1196 1631 "Apto;
1229 1561 1286 1614 δὲ
1331 1558 1574 1628 λέγεται,
1607 1560 1683 1623 ὡς
1710 1560 1800 1613 τὸν
1828 1561 1994 1632 οὐρά-

409 1674 522 1711 νιον
563 1657 728 1727 ἄρτον
772 1655 1142 1728 παραδηλοῦν,
1206 1651 1382 1725 τροφὴ
1417 1651 1584 1724 ’ἡμῶν
1636 1653 1991 1724 μεταλαμϐα-

410 1748 608 1800 νόντων
633 1747 941 1816 γινόμενον.

2090 545 2191 598 fuit
2217 545 2378 605 latus,
2406 538 2829 599 obliviscamur;
2858 532 2982 587 inde
3003 530 3169 582 exivit
3193 526 3413 595 sanguis
3443 534 3496 578 et
3525 539 3685 594 aqua,

2092 638 2155 691 ad
2218 632 2677 701 incorruptionem
2734 636 2791 681 et
2851 623 3199 679 refectionem
3259 621 3419 691 huius
3471 616 3675 683 mundi,

2097 728 2239 799 quod
2272 725 2530 785 sacerdos
2561 720 2721 777 offert
2757 716 3088 777 sacriﬁcium
3118 730 3214 784 pro
3242 712 3460 782 populo.

2171 909 2225 966 9.
2262 910 2416 963 Actio
2443 916 2629 962 sancta
2662 904 2849 961 multis
2878 900 3183 971 appeilatur
3208 896 3519 951 nominibus
3545 909 3557 946 :
3598 909 3690 945 vo-

2046 1018 2047 1025 ‘
2099 1012 2258 1057 catur
2301 999 2627 1066 benedictio,
2682 997 2901 1060 oblatio,
2952 985 3234 1063 primitize',
3287 989 3444 1059 panis
3484 987 3691 1042 :hcnc-

2098 1092 2282 1156 dictio,
2315 1092 2388 1146 uti
2439 1098 2876 1161 protoparentutn
2927 1084 3359 1140 maledictionem
3407 1080 3688 1142 adimcns;

2098 1172 2320 1253 oblatio,
2357 1186 2482 1256 quia
2524 1184 2675 1249 illud,
2725 1182 2865 1251 quod
2906 1180 2961 1235 in
3009 1188 3122 1234 toto
3151 1176 3433 1232 hominum
3497 1186 3696 1243 genere

2099 1279 2360 1350 optimum
2403 1277 2680 1339 habemus,
2710 1273 2931 1329 henoris
2958 1272 3131 1341 gratia
3157 1271 3265 1324 Deo
3299 1265 3545 1322 Creatori
3601 1279 3700 1317 no-

2106 1384 2218 1426 stro
2252 1372 2305 1425 in
2355 1369 2681 1424 sacrificium
2711 1366 3112 1421 sanctissimum
3159 1361 3472 1419 oﬂ'erimus;
3500 1357 3695 1427 primi-

2105 1465 2214 1527 εἷεν,
2248 1465 2392 1532 quod
2428 1463 2556 1515 nihil
2584 1461 2847 1519 sanetius,
2899 1457 3029 1512 nihil
3069 1456 3418 1526 praestantius
3446 1453 3557 1507 Deo
3603 1451 3698 1503 de—

2106 1554 2246 1608 l'erre
2277 1568 2581 1615 possumus.
2616 1550 3011 1612 Panisdicitnr,
3045 1548 3168 1615 quia
3197 1561 3387 1614 panem
3413 1544 3696 1599 caelestem

2105 1642 2442 1703 manilestat.
2474 1642 2616 1712 quod
2651 1641 2807 1697 nobis
2839 1640 3264 1710 suscipientibus
3302 1637 3355 1690 in
3403 1635 3700 1690 manduca-

2109 1736 2310 1788 tinuctn
2343 1735 2599 1788 traditur.

481 1841 554 1895 Τὸ
577 1812 654 1895 δὲ⁷
675 1812 1073 1911 σφραγίζεσθαι
1092 1841 1192 1911 τὴν
1227 1839 1547 1912 προσφορὰν
1575 1839 1604 1892 6
1635 1839 1809 1911 μέγας
1830 1836 1996 1891 Basi-

2170 1823 2510 1878 Oblationem
2549 1822 2766 1891 signare
2808 1835 3038 1889 magnus
3078 1832 3177 1872 nos
3211 1814 3397 1871 docuit
3424 1812 3695 1878 Basilius;

409 1934 554 1997 λειος
608 1933 965 2004 παρέδωκεν·
997 1930 1432 2003 προσκομίζεται
1485 1933 1517 2001 ή
1575 1929 1864 2001 προσφορὰ
1911 1929 1999 1984 διά

411 2026 474 2076 τδ
506 2025 782 2077 κοινωνεῖν
839 2023 929 2076 τὸν
956 2021 1085 2075 λαὸν
1130 2023 1362 2074 ἕκαστον
1400 2020 1594 2092 μερίδα
1624 2037 1637 2050 ’
1680 2021 1726 2073 εἰ
1767 2020 1823 2072 δὲ
1864 2019 2003 2089 πληο

415 2116 563 2167 θύνει
600 2115 628 2167 6
655 2114 830 2183 ὄχλος,
864 2113 970 2185 χρὴ
1029 2111 1271 2184 μελίζειν
1323 2112 1417 2176 τὰς
1454 2108 1703 2182 μερίδας,
1733 2111 2003 2183 προκομί-

416 2205 600 2271 ζοντες
628 2206 718 2260 τὸν
746 2206 911 2276 ἄρτον
943 2207 1035 2259 καὶ
1072 2205 1424 2269 ἀποτιθέντες
1442 2205 1603 2258 αὐτὸν
1629 2206 1687 2262 ἐν
1709 2204 1788 2274 τῷ
1812 2204 2001 2275 δίσκῳ,

418 2300 492 2362 ὼς
506 2302 562 2352 ἐν
576 2299 775 2372 νεφέλῃ
796 2338 810 2360 ,
828 2300 1057 2369 λέγομεν
1075 2298 1272 2362 οὕτως’
1304 2316 1324 2351 ι
1360 2298 1447 2362 Ὠς
1467 2299 1737 2369 πρόϐατον
1758 2298 1850 2353 ἐπὶ
1868 2316 2006 2368 σφα-

421 2389 524 2459 γὴν
541 2389 700 2459 ἢχθη.
730 2408 748 2439 ι
797 2389 860 2441 'H
894 2389 1148 2459 πρόθεσις
1183 2388 1503 2457 ἰσοδύναμος
1536 2388 1747 2456 πέφυκε
1764 2391 1877 2451 τοῖς
1900 2387 2007 2442 τῶν

418 2482 593 2549 ἁγίων
634 2481 866 2549 Ἀγίοις,
900 2481 1101 2552 μᾶλλον
1116 2482 1173 2534 δὲ
1202 2483 1295 2535 καὶ
1317 2480 1454 2535 πολὺ
1490 2483 1692 2550 ταύτης
1721 2480 1945 2552 μείζων
1974 2481 2006 2552 ἢ

422 2571 641 2627 καὶτοῦ
687 2572 954 2644 σπηλαίου
998 2575 1097 2644 τῆς
1131 2573 1380 2645 Βηθλεέμ
1408 2590 1419 2603 ·
1459 2573 1493 2643 ἢ
1537 2574 1599 2626 τὸ
1655 2572 2009 2643 ἐστρωμένον

422 2662 683 2731 ἀνώγεον,
714 2665 772 2717 έν
795 2656 839 2731 ᾧ
868 2658 1261 2736 συνδειπνήσας
1298 2665 1326 2717 6
1370 2663 1574 2734 Κύριος
1595 2665 1708 2726 τοῖς
1738 2664 2010 2732 μαθηταῖς

425 2755 550 2827 ἔφη·
589 2775 606 2808 ι
649 2754 820 2810 Τοῦτο
850 2759 1053 2811 ποιεῖτε
1084 2759 1166 2821 είς
1196 2758 1296 2829 τὴν
1326 2757 1466 2827 ὲμὴν
1493 2756 1799 2827 ἀνάμνησιν
1836 2774 1847 2785 ·
1888 2775 1906 2807 ι
1927 2754 2015 2809 λέ·-

421 2864 509 2917 γει
535 2848 613 2902 δέ’
640 2867 659 2901 ι
694 2850 788 2913 Εἰς
812 2850 908 2903 τὸν
935 2850 1109 2906 αἰῶνα
1136 2851 1278 2905 κατά
1307 2850 1405 2921 τὴν
1426 2848 1581 2914 τάξιν
1607 2848 1960 2921 Μελχισεδέκ.
1989 2867 2008 2900 ι

433 2943 593 2997 Ἀλλὰ
627 2944 709 3007 τίς
744 2946 778 3015 ή
821 2944 971 3011 τάξις
1010 2943 1373 3014 Μελχισεδὲκ,
1406 2943 1504 2997 καὶ
1562 2942 1612 2996 τί
1658 2941 1788 3014 παρ’
1843 2940 2012 2994 αὐτοῦ

422 3035 884 3107 προσφερόμενας
934 3037 1098 3104 άρτος
1140 3036 1238 3090 καὶ
1281 3031 1424 3099 οἶνος
1475 3032 1556 3099 οἷς
1607 3034 1698 3088 τὸν
1760 3032 2014 3106 Ἀϐραὰμ

420 3125 690 3193 ἐδεξιοῦτο
714 3142 728 3157 ⁸
769 3129 818 3181 εί
844 3123 935 3180 οὖν
966 3127 1026 3192 ἐξ
1044 3127 1238 3199 ἑτέρας
1271 3127 1442 3198 φυλῆς
1464 3128 1492 3180 6
1522 3126 1881 3197 Μελχισεδὲκ,
1914 3124 2013 3178 τύ·-

423 3236 523 3282 πος
559 3219 614 3272 δὲ
642 3218 738 3272 τοῦ
771 3218 1008 3291 Χριστοῦ
1059 3222 1152 3274 καὶ
1204 3219 1477 3288 λογίζεται
1525 3220 1620 3272 καὶ
1668 3218 2008 3283 πιστεύεται,

421 3310 749 3381 ἐκϐέϐληται
790 3312 901 3383 ἄρα
951 3313 984 3382 ἡ
1045 3312 1306 3382 Λευῖτικὴ
1362 3309 1627 3382 ἱερωσύνη
1659 3325 1673 3340 ⁶
1709 3308 1914 3380 ταύτης
1954 3307 2015 3362 δὲ

422 3402 849 3474 ὲκόαλλομένης,
877 3404 1090 3475 ἀνάγκη
1133 3404 1282 3460 πάσά
1315 3405 1464 3457 ἐστιν
1508 3404 1608 3457 καὶ
1635 3401 1733 3456 τοῦ
1763 3401 2004 3457 παλαιοῦ

423 3496 591 3566 νόμου
618 3500 712 3550 καὶ
735 3496 992 3563 λατρείας
1020 3496 1278 3565 γενέσθαι
1313 3496 1625 3566 μετάθεσιν.

496 3587 551 3645 ι’.
580 3588 719 3659 Περὶ
745 3588 801 3641 δὲ
830 3591 930 3660 τῆς
959 3588 1237 3660 ἡμετέρας
1263 3587 1520 3660 λατρείας
1553 3587 1721 3658 φησίν
1749 3604 1763 3619 ·
1807 3606 1825 3639 ι
1879 3586 2011 3641 Ἰδοὺ

425 3678 682 3750 θυμίαμά
732 3696 822 3748 μοι
866 3679 1241 3750 προσφέρεται
1273 3680 1333 3731 ὲν
1379 3680 1531 3752 πάσῃ
1554 3680 1621 3749 τῇ
1673 3680 1743 3748 γῇ
1779 3694 1791 3707 ·
1823 3677 2014 3748 ὥσπερ

424 3769 533 3839 γὰρ
554 3768 922 3838 όὺπερούσιος
944 3770 1077 3832 Θεὸς
1107 3770 1289 3839 σάρκα
1319 3771 1383 3823 ἐκ
1409 3770 1508 3838 τῆς
1540 3770 1816 3839 Παρθένου
1845 3786 2012 3839 προσ-

424 3860 726 3931 λαϐόμενος
768 3863 825 3913 ὲν
888 3861 989 3930 μιᾷ
1031 3861 1327 3915 ὑποστάσει
1362 3861 1569 3924 τέλειος
1614 3857 1683 3933 ἦν
1733 3861 1864 3923 Θεὸς
1916 3860 2013 3913 καὶ

424 3951 631 4015 τέλειος
678 3952 984 4022 ἄνθρωπος,
1019 3953 1205 4022 ὅμοιος
1243 3954 1400 4025 ἡμῶν
1431 3954 1572 4008 κατά
1622 3955 1802 4008 πάντα
1843 3955 2010 4023 χωρὶς

424 4044 722 4115 ἁμαρτίας,
751 4043 893 4098 οὕτω
949 4045 1045 4098 καὶ
1082 4045 1144 4098 τὸ
1186 4045 1373 4098 καινὸν
1428 4045 1589 4115 σῶμα
1627 4044 1702 4106 ὡς
1753 4043 1818 4097 ἐκ
1866 4060 2010 4107 τινος

425 4136 636 4201 κοιλίας
691 4136 783 4189 καὶ
812 4136 1081 4207 αἱμάτων,
1115 4136 1212 4190 καὶ
1280 4136 1483 4207 σαρκὸς
1532 4134 1623 4188 τοῦ
1676 4134 2011 4206 παρθενικοῦ

427 4225 698 4297 σώματος,
723 4226 819 4280 τοῦ
840 4228 961 4281 ὅλου
981 4229 1172 4299 ἄρτου,
1198 4228 1363 4299 φημὶ,
1395 4226 1546 4305 παρά
1575 4225 1671 4279 τοῦ
1704 4225 1953 4280 διακόνου
1976 4225 2008 4294 ἢ

425 4321 519 4372 καὶ
548 4319 641 4373 τοῦ
674 4320 865 4391 ίερέως
911 4320 1259 4392 διατέμνεται
1307 4320 1512 4392 σιδήρῳ
1552 4320 1683 4385 τινἰ,
1717 4315 1776 4372 ὃν
1804 4318 2009 4388 λόγχην

425 4409 696 4478 λέγουσιν,
730 4412 875 4487 ὅπερ,
923 4412 1183 4482 ἀνωτέρω
1227 4411 1441 4483 εἴρηται
1468 4427 1482 4440 ο
1511 4411 1607 4463 καὶ
1635 4407 1813 4472 οὕτως
1882 4408 2012 4461 ἰδιο-

2107 1921 2245 1972 hanc
2267 1928 2445 1969 autem
2469 1914 2742 1977 deferunt,
2777 1921 2834 1966 nt
2853 1912 3224 1980 unusquisque
3246 1910 3484 1977 epopuio
3509 1922 3699 1974 quam-

2108 2012 2230 2065 dam
2261 2010 2312 2063 in
2342 2007 2723 2063 communione
2751 2015 2954 2073 partem
2983 2003 3207 2070 recipiat
3233 2019 3244 2053 :
3272 2001 3317 2053 si
3354 1998 3508 2052 turba
3535 1996 3701 2051 fuerit

2108 2101 2488 2164 abundantior,
2518 2100 2814 2153 dividenda!
2844 2104 2971 2151 sunt
2997 2097 3124 2165 ipsa:
3148 2104 3354 2164 partes.
3407 2091 3698 2147 Portantus

2111 2208 2301 2263 panem
2322 2194 2374 2245 in
2399 2193 2551 2245 disco
2576 2189 2879 2259 populoque
2908 2188 3251 2258 apponimus,
3282 2188 3423 2240 sicut
3450 2185 3503 2238 in
3532 2184 3696 2248 nube,

2112 2287 2351 2339 dicentes
2380 2308 2391 2341 :
2420 2304 2438 2336 ι
2465 2286 2613 2339 Sicut
2636 2300 2806 2354 agnus
2829 2284 2893 2337 ad
2912 2282 3240 2336 occisionem
3271 2281 3465 2334 ductus
3486 2293 3544 2333 es
3574 2278 3695 2331 ⁸⁸⁸.»

2113 2375 2392 2431 Prothesis
2426 2377 2691 2436 eamdem,
2728 2376 2837 2429 imo
2868 2375 3036 2429 multo
3072 2371 3332 2441 majorem
3387 2372 3546 2427 habet
3593 2371 3702 2423 vir-

2117 2479 2280 2522 luth
2326 2484 2486 2538 quam
2546 2467 2745 2523 Sancta
2796 2478 3141 2534 sanctorum;
3196 2464 3700 2520 BethEehemiticam

2117 2560 2318 2614 indit-at
2353 2560 2692 2629 speluncam,
2736 2560 2817 2615 vel
2847 2560 3190 2616 coenacnlum
3231 2569 3486 2622 stratum,
3514 2556 3565 2610 in
3595 2572 3703 2625 quo

2116 2663 2238 2724 post
2268 2670 2478 2710 caenam
2516 2654 2776 2710 Dominus
2825 2654 2937 2709 suis
2982 2654 3120 2708 dixit
3163 2652 3445 2722 discipulis
3482 2671 3495 2706 :
3535 2670 3555 2704 ι
3592 2651 3702 2704 lloc

2118 2745 2278 2799 facite
2325 2745 2376 2798 in
2419 2759 2594 2799 meam
2653 2744 3225 2799 commemorationem
3260 2742 3326 2807 “,
3368 2762 3388 2794 ι
3431 2741 3482 2796 id
3518 2751 3606 2797 est
3649 2743 3701 2795 in

2120 2847 2404 2903 IPlBl‘llUlll,
2440 2839 2735 2893 seetrndum
2789 2839 3033 2891 ordinem
3094 2837 3525 2892 Melchisedech.
3565 2835 3701 2902 Quid

2120 2939 2203 2985 est
2222 2931 2353 2983 ordo
2384 2929 2776 2985 Melchisedech
2812 2937 2866 2983 et
2892 2929 3020 2999 quid
3048 2932 3114 2985 ab
3147 2930 3263 2998 ipse
3296 2929 3397 2983 fuit
3422 2926 3705 2982 oblatum?

2123 3022 2281 3079 Panis
2306 3034 2355 3076 et
2389 3024 2571 3076 vinum
2601 3022 2800 3091 quibus
2833 3023 3204 3076 Abrahamntn
3234 3021 3513 3091 suscepit;
3561 3021 3604 3075 si
3636 3037 3699 3075 ex

2123 3114 2423 3184 alienigena
2469 3114 2611 3167 tribu
2668 3109 3284 3175 fuerit'hlelchisedech,
3342 3114 3394 3167 in
3439 3114 3539 3167 hoc
3570 3113 3703 3182 ligu-

2121 3223 2234 3261 ram
2263 3207 2465 3264 Christi
2496 3207 2665 3262 fuisse
2690 3217 2911 3276 putatur
2936 3215 2992 3261 et
3024 3206 3285 3260 creditur.
3314 3205 3406 3260 Sic
3432 3205 3704 3273 respuitur

2118 3297 2478 3352 Sacerdotium
2517 3296 2838 3361 Leviticnm,
2889 3311 2996 3366 quo
3022 3296 3244 3367 reiecto,
3284 3309 3509 3350 necesse
3544 3305 3703 3351 estut

2121 3390 2202 3446 lex
2240 3400 2292 3445 et
2322 3390 2502 3447 cultus
2533 3392 2793 3463 antiquus
2825 3399 3223 3460 permutentur.

2185 3594 2271 3647 10.
2305 3592 2379 3647 De
2410 3603 2598 3647 nostro
2624 3602 2806 3648 autem
2832 3592 2978 3647 cultu
3024 3591 3225 3646 dicitur
3256 3607 3269 3643 :
3300 3606 3319 3641 ι
3359 3588 3497 3643 Ecce
3530 3587 3703 3640 sacri-

2123 3686 2302 3739 licium
2333 3687 2461 3742 mihi
2494 3684 2721 3740 oﬂ‘ertur
2744 3686 2798 3739 in
2829 3686 2976 3739 omni
3017 3694 3161 3738 terra
3194 3683 3260 3737 ".
3305 3701 3324 3735 ι
3376 3682 3525 3735 Sicut
3555 3680 3698 3733 enim

2123 3777 2504 3831 immaterialis
2551 3776 2697 3831 Deus
2752 3790 2976 3830 carnem
3015 3791 3045 3829 e
3082 3774 3306 3844 Virgine
3351 3761 3616 3840 suscepit,
3649 3785 3703 3828 et

2121 3868 2173 3920 in
2208 3867 2607 3937 unahypostasi
2653 3866 2928 3938 perfectus
2982 3866 3121 3921 Dens
3169 3876 3287 3920 erat.
3335 3878 3389 3920 et
3433 3865 3703 3936 perfectus

2124 3961 2307 4022 homo,
2349 3960 2505 4014 nobis
2554 3960 2616 4014 in
2655 3960 2909 4014 omnibus
2967 3958 3163 4014 similis
3201 3959 3406 4028 absque
3457 3967 3699 4027 peccato,

2119 4049 2191 4121 ita
2214 4059 2268 4103 et
2300 4064 2497 4103 novum
2523 4064 2723 4117 corpus
2754 4063 2818 4103 ex
2845 4047 3125 4114 cujusdam
3152 4059 3307 4101 utero
3329 4057 3380 4100 et
3416 4048 3697 4115 sanguine,

2117 4154 2448 4209 carnemque
2485 4140 2551 4194 de
2583 4139 2801 4211 Virgine
2842 4140 3207 4208 desumptam,
3255 4139 3306 4193 id
3336 4148 3417 4192 est
3460 4154 3525 4192 ex
3570 4144 3699 4192 sui»

2117 4233 2312 4286 stantia
2343 4234 2495 4303 panis
2515 4274 2531 4300 ,
2567 4233 2827 4289 diaconus
2850 4240 2902 4287 et
2949 4233 3205 4286 sacerdos
3226 4231 3499 4287 dissecant
3535 4232 3697 4294 ferro.

2116 4324 2327 4378 scilicet
2350 4324 2560 4386 lancea,
2579 4324 2647 4379 de
2674 4339 2777 4393 qua
2804 4339 2966 4391 supra
2993 4323 3224 4392 qmcstio
3254 4320 3374 4377 fuit.
3401 4320 3514 4375 Hoc
3543 4322 3702 4375 modo

2119 4416 2458 4486 hypostatice
2483 4424 2828 4471 consecrant.
2861 4414 3023 4469 Panis
3045 4413 3189 4469 enim
3237 4413 3289 4466 in
3335 4414 3574 4483 prothcsi
3613 4413 3703 4481 ja-

425 4503 827 4579 ὒποστατικῶς.
859 4506 924 4557 ἐκ
971 4503 1135 4573 μέσου
1167 4503 1369 4572 ταύτης
1413 4503 1798 4574 ἀφιεροῦνται·
1832 4500 2003 4554 τοίνυν

2119 4521 2226 4572 cet,
2258 4516 2344 4565 ast
2384 4508 2471 4561 ille
2508 4517 2730 4576 apparet
2774 4508 3024 4577 expians.
3072 4503 3376 4574 Quitotam
3422 4505 3700 4559 hominum

426 4595 587 4664 ἄρτος
629 4595 728 4663 τῆς
782 4594 1112 4666 προθέσεως,
1138 4594 1236 4647 εἶτ’
1280 4591 1373 4648 οὖν
1423 4593 1451 4646 6
1497 4594 2006 4666 ἀποκαθαιρόμενος

427 4688 704 4754 ἐμφαίνει,
735 4690 816 4740 ὅτι
857 4687 1090 4743 ἀνέλαϐε
1134 4688 1194 4740 τὸ
1232 4686 1462 4759 φύραμα
1486 4687 1613 4758 ὅλης
1635 4688 1735 4755 τῆς
1792 4687 2009 4756 ἀνθρω-

429 4777 589 4848 πίνης
621 4778 835 4847 φύσεως
861 4779 956 4833 κοιλ¹
987 4779 1336 4849 προσηνέχθη
1361 4779 1435 4843 ὡς
1468 4779 1717 4849 ἀπαρχὴ,
1740 4778 1836 4833 καὶ
1860 4778 2009 4843 ἐξαίο

430 4854 971 4939 ρετονὸλοκάρπωμα
988 4869 1065 4940 τῷ
1093 4869 1211 4939 θεῷ
1234 4871 1329 4923 καὶ
1353 4870 1549 4937 Πατριῖ⁸
1581 4871 1611 4921 6
1668 4871 1859 4939 μέντοι
1889 4869 2008 4923 διά-

427 4960 640 5031 κονοςῆ
672 4962 700 5013 6
750 4962 925 5030 ἱερεὺς
967 4962 1265 5033 ἑτοιμάσας
1324 4965 1421 5016 σὺν
1456 4962 1603 5033 αὐτῷ
1662 4966 1757 5016 καὶ
1787 4963 1847 5016 τὸ
1882 4962 2009 5031 μέλ-

431 5052 522 5105 λον
548 5052 928 5105 ἀποτελεῖσθαι
958 5053 1292 5106 Δεσποτικὸν
1324 5049 1464 5124 αἷμα
1488 5056 1545 5106 ἐν
1577 5054 1659 5127 τῷ
1678 5058 2012 5125 προσήκοντι

432 5144 642 5208 πάθους
673 5146 850 5217 καιρῴ
883 5145 971 5199 διὰ
998 5146 1096 5215 τῆς
1122 5148 1216 5200 τοῦ
1241 5147 1509 5212 ζωοποιοῦ
1540 5147 1858 5216 Πνεύματος
1889 5149 2010 5201 ὲπι-

431 5237 755 5308 φοιτήσεως,
813 5236 1007 5306 ἀφίησι
1052 5238 1258 5308 ταύτην
1320 5241 1379 5292 ὲν
1433 5242 1497 5309 τῇ
1557 5238 1850 5308 προθέσει,
1908 5239 2009 5309 τὴν

430 5328 596 5401 εὐχὴν
625 5329 967 5397 ἐπιλέγοντος
1001 5330 1096 5383 τοῦ
1144 5332 1334 5401 ίερέως
1363 5348 1376 5364 ·
1411 5326 1568 5396 οὗτος
1598 5332 1653 5384 δὲ
1700 5334 1727 5385 6
1758 5332 1819 5384 τὸ
1845 5332 2008 5401 σῶμα

430 5421 733 5491 διατέμνων
760 5424 869 5476 ἀπὸ
896 5423 998 5492 τῆς
1023 5422 1274 5492 εὐλογίας
1294 5424 1383 5476 τὸν
1407 5426 1639 5493 ἄγγελον
1665 5426 1914 5495 μιμεῖται
1944 5427 2011 5495 τῇ

434 5514 696 5585 Παρθένῳ
715 5515 795 5578 τὸ,
825 5516 1019 5582 Χαῖρε,
1058 5516 1599 5586 προσφθεγξάμενον·
1633 5515 1777 5569 οὕτω
1792 5533 2012 5587 τοιγαρ-

434 5603 531 5657 οῦν
562 5605 780 5673 ἀφίεται
839 5605 899 5658 τὸ
932 5609 1074 5660 θεῖον
1129 5608 1287 5678 σῶμα
1320 5608 1376 5659 ἐν
1415 5610 1479 5677 τῇ
1514 5609 1771 5676 προθέσει
1820 5606 2011 5679 ὥσπερ

514 5787 579 5819 ¹²⁹
610 5785 714 5841 lam.
753 5802 867 5853 tm,
902 5788 953 5838 7.

1035 5791 1076 5817 ”
1104 5785 1232 5843 an.
1267 5804 1399 5853 ιλιι,
1430 5787 1515 5841 l9.
1569 5787 1609 5816 ”
1641 5785 1866 5841 Μήλιαι.
1898 5804 1935 5854 ι,
1975 5789 2053 5844 Η.

2121 4612 2370 4653 naturam
2396 4600 2654 4670 suscepit,
2681 4601 2732 4653 in
2754 4601 3020 4670 primitias
3041 4600 3276 4668 seipsum
3310 4597 3488 4653 defert
3518 4597 3626 4650 Deo
3648 4607 3700 4650 ot

2123 4692 2264 4745 Patri
2292 4702 2345 4747 et
2372 4692 2424 4745 in
2455 4692 2684 4747 elecunn
2720 4706 2750 4746 e
2776 4692 3043 4746 fructibus
3067 4691 3328 4745 omnibus
3345 4689 3697 4745 sacrificium.

2119 4785 2371 4836 Attamen
2405 4785 2685 4847 diaconus,
2712 4781 3070 4836 vel-sacerdos
3100 4796 3221 4835 cum
3253 4781 3364 4844 illo,
3405 4797 3490 4835 res
3525 4793 3702 4845 parat,

2100 4884 2178 4945 ‘nt
2200 4875 2536 4927 convenienti
2557 4873 2827 4928 Passionis
2841 4883 3102 4941 tempore,
3120 4887 3213 4940 per
3230 4873 3515 4927 adventum
3532 4870 3704 4940 Spil‘l°

2123 4978 2211 5021 tus
2258 4966 2582 5022 viviﬁcantis
2620 4966 2932 5036 perﬁciatur
2986 4965 3207 5034 sanguis
3249 4963 3476 5016 Domini.
3521 4962 3597 5015 lie
3647 4962 3699 5015 in

2123 5058 2363 5127 prothesi
2411 5058 2603 5127 posita,
2642 5055 3038 5111 invocationem
3075 5042 3202 5107 l'acit
3248 5053 3525 5106 sacerdos.
3558 5050 3694 5105 Cum

2122 5168 2150 5203 a
2185 5151 2481 5204 benedictis
2520 5165 2717 5217 cerpus
2763 5148 2971 5204 Domini
3008 5154 3241 5215 separat,
3279 5143 3526 5214 angelum
3576 5144 3698 5196 imi-

2123 5251 2288 5303 tatur,
2322 5241 2410 5310 qui
2448 5239 2648 5310 Virgini
2702 5241 2814 5295 Ave
2870 5238 3265 5293 uuntiaviLSic
3286 5237 3424 5289 enim
3451 5236 3502 5289 in
3533 5237 3701 5289 altare

2123 5333 2273 5385 adest
2334 5332 2573 5385 divinum
2645 5347 2885 5399 carpas,
2955 5329 3408 5396 quemadmodum
3489 5328 3586 5380 lmt
3641 5329 3695 5380 in

2128 5424 2467 5485 Rctltlchem,
2502 5426 2588 5478 tibi
2632 5433 2793 5477 natus
2840 5432 2923 5477 est.
2958 5422 3243 5483 Christus;
3296 5421 3486 5472 eodem
3539 5422 3698 5473 modo

2106 5534 2231 5599 'quo
2252 5517 2346 5569 luit
2369 5519 2420 5571 in
2442 5516 2729 5577 Nazarcth,
2753 5531 2858 5585 quo
2876 5514 2978 5568 fuit
3004 5515 3055 5567 in
3078 5514 3456 5583 Capharnaum
3483 5552 3496 5576 ,
3530 5511 3609 5565 rel
3640 5518 3696 5565 ut

2126 5610 2450 5680 simpliciter
2486 5609 2684 5674 dicam,
2733 5619 2944 5678 tempus
2974 5607 3192 5677 triginta
3247 5622 3507 5661 amantum
3554 5605 3695 5674 quod
