3986 6236
1902 288 1994 305 ,οιΑ

263 404 403 469 3933
1326 407 1933 470 COMMENTARIUS
1970 408 2469 469 Ll’I‘URGlCUS.
3401 399 3542 464 3994

268 516 535 588 ραννίδος,
562 534 577 564 ι
608 515 721 568 Νῦν
744 515 1131 569 ἐϐασίλευσενὸ
1151 516 1441 586 Δεσπότης
1464 518 1642 587 ήμῶν,
1663 520 1760 571 νῦν
1779 522 1842 573 ὲν·

1967 518 2169 571 derimn
2200 532 2425 586 regnum
2450 525 2505 569 et
2540 514 2798 569 virtutem
2842 511 3150 579 appellant:
3193 510 3273 565 sic
3320 519 3373 563 ct
3417 528 3541 579 pio-

217 614 227 622 '
269 608 499 662 ιδύσατο
522 606 770 675 δύναμιν·
802 625 823 657 ι
851 607 949 679 τὴν
983 606 1178 677 βουλὴν
1198 608 1367 661 αὑτοῦ
1395 610 1487 662 καὶ
1509 609 1606 679 τὴν
1626 609 1791 680 θέὶησ

1964 612 2136 680 pheta,
2192 625 2317 665 cum
2387 610 2724 678 praavidisset
2784 606 2944 660 Verbi
2990 605 3082 658 Dei
3119 604 3538 672 praesentiamin

210 708 215 712 ’
268 700 367 766 τῆς
387 697 739 767 ἐκδικήσεως,
765 696 1046 768 βασιλείαν
1070 699 1164 752 καὶ
1180 697 1413 767 δύναμιν
1434 700 1784 770 ὀνομαζόντω

1963 716 2122 757 carne
2153 707 2411 767 humana,
2446 710 2658 767 tempus
2690 698 2983 753 ulciscendi
3020 712 3190 766 genus
3224 697 3537 757 humanum,

271 788 445 852 οὕτως
473 788 566 841 καὶ
588 789 616 840 6
649 789 941 858 Προφήτης
961 790 1214 863 προορῶν
1237 792 1335 863 τὴν
1358 792 1414 844 ἐν
1446 792 1610 862 σαρκὶ
1638 809 1710 844 πα
1719 809 1845 863 ρου-

1964 794 2132 847 hostis
2172 802 2227 847 et
2277 782 2718 847 couSociatorum
2775 790 3167 844 dannoniorum
3223 786 3538 841 dissolutio-

276 881 395 933 σίαν
417 880 510 934 τοῦ
550 881 686 935 Θεοῦ
734 883 936 951 Λόγου,
968 884 1060 937 τὸν
1082 885 1275 956 χρόνον
1311 886 1407 943 καὶ
1433 885 1532 955 τὴν
1571 886 1850 955 ἐκδίκησιν

1964 904 2111 952 nem,
2145 887 2335 943 mortis
2370 902 2589 956 quoque
2618 885 3119 948 mortiﬁcationem,
3149 891 3202 937 et
3235 880 3537 935 libertatem

272 969 368 1024 τοῦ
402 970 748 1042 ἀνθρωπίνου
780 967 990 1041 γένους,
1024 976 1123 1045 τήν
1152 991 1211 1028 τε
1260 974 1353 1028 τοῦ
1400 975 1598 1046 ἐχθροῦ
1633 976 1846 1028 καὶτῶν

1963 994 2147 1033 eorum
2194 992 2329 1047 quos
2359 979 2689 1040 detinuerat,
2732 976 2833 1029 etsi
2879 984 3089 1027 tantum
3136 972 3201 1025 ad
3228 970 3537 1040 speluncam

278 1066 375 1117 σὺν
410 1064 559 1135 αύτῷ
608 1065 878 1135 δαιμόνων
923 1067 1242 1130 κατάλυσιν,
1274 1066 1354 1120 ἔτι
1385 1084 1448 1136 γε
1479 1070 1587 1137 μὴν
1619 1068 1713 1121 καὶ
1747 1067 1842 1121 τοῦ

1962 1071 2259 1126 nativitatis
2307 1070 2518 1124 Domini
2564 1068 2837 1132 adfuerit,
2872 1069 2986 1137 jam
3033 1066 3161 1119 illud
3206 1064 3536 1134 praecinuit:

277 1156 508 1212 θανάτου
542 1158 831 1228 νέκρωσιν,
888 1161 983 1212 καὶ
1015 1160 1115 1229 τὴν
1135 1161 1243 1213 τῶν
1274 1161 1406 1230 παρ’
1472 1159 1639 1214 αὑτοῦ
1702 1179 1845 1215 κατ-

1968 1162 2148 1215 «Nunc
2170 1162 2435 1231 regnavit,
2455 1175 2596 1213 nunc
2613 1162 2867 1213 virtutem
2896 1159 3067 1211 induit
3087 1174 3134 1223 ς»
3162 1174 3265 1211 ιιοιι
3287 1172 3350 1209 eo
3377 1169 3540 1209 sensu

277 1249 550 1317 εχομένων
584 1250 919 1321 ἐλευθερίαν,
952 1252 1047 1304 καὶ
1070 1253 1237 1305 οίονεὶ
1257 1256 1321 1322 τῇ
1356 1254 1722 1323 γεννήσειτοῦ
1752 1255 1851 1307 Κυ-

1964 1269 2028 1308 ac
2055 1254 2100 1307 si
2133 1253 2396 1321 inciperet
2424 1252 2595 1303 virtus
2628 1250 2680 1303 in
2715 1249 2823 1314 illo,
2854 1251 2948 1303 sed
2974 1259 3229 1317 tanquam
3251 1248 3538 1309 inhaerens,

278 1357 310 1409 ρ
336 1357 395 1392 ου
424 1341 613 1411 παρὼν
657 1342 735 1411 τῷ
766 1343 1035 1415 σπηλαίῳ,
1074 1344 1192 1409 τὰ,ι
1221 1346 1335 1398 Νῦν
1364 1346 1852 1412 ὲϐασίὶευσεν,ὲξε-

1965 1346 2029 1399 atl
2109 1345 2395 1414 praevisum
2462 1352 2519 1397 et
2583 1342 2896 1409 adaptatnm
2969 1353 3180 1408 tempus
3240 1347 3539 1391 reservata.

278 1426 547 1499 φώνησέν,
574 1451 591 1482 ι
613 1431 709 1484 καὶ
739 1451 757 1482 ι
780 1432 895 1485 Νῦν
919 1432 1204 1486 ἐνεδύσατο
1226 1433 1479 1505 δύναμιν·
1496 1454 1515 1485 ι
1540 1437 1637 1505 οὐχ
1663 1436 1738 1498 ὡς
1763 1439 1852 1506 οὐχ

1968 1438 2265 1492 Consuevit
2312 1437 2552 1505 Spiritus
2582 1433 2755 1488 sancti
2790 1433 2985 1501 gratia,
3020 1448 3139 1497 tunc
3178 1431 3362 1484 omnia
3409 1445 3542 1483 con-

280 1519 632 1591 ὑπάρχουσαν
671 1525 802 1593 παρ’
842 1522 1011 1594 αὐτῷ,
1054 1523 1168 1577 ἀλλ’
1191 1523 1265 1587 ὡς
1313 1525 1398 1577 ἀεὶ
1424 1526 1524 1594 μὲν
1563 1527 1853 1594 συνοῦσαν,

1967 1533 2164 1598 ﬁrmat,
2230 1532 2413 1584 futura
2474 1539 2731 1598 tanquam
2788 1528 3078 1597 praesentia
3135 1527 3215 1578 vel
3269 1525 3541 1593 praeterita

278 1613 356 1674 εἰς
391 1613 777 1684 προορώμενον
830 1614 888 1667 δὲ
950 1614 1144 1683 καιρὸν
1182 1615 1590 1687 ταμιευομένην
1653 1618 1856 1689 ὲκλάμ-
1961 1624 2306 1679 annuntiat‘e.

276 1706 396 1775 ψαι.
461 1707 662 1762 Εἴωθεν
692 1709 748 1762 δὲ
789 1708 947 1781 ήτοῦ
984 1709 1305 1781 Πνεύματος
1336 1713 1498 1781 χάρις
1545 1712 1579 1780 ἡ
1632 1712 1850 1777 πάντως
1877 1714 2171 1786 βεϐαιοῦσα
2216 1720 2286 1774 τὰ
2337 1720 2601 1791 μέλλοντα
2641 1718 2716 1781 ὡς
2762 1714 3034 1769 ἐνεστῶτα
3075 1705 3167 1765 καὶ
3195 1705 3541 1779 γεγενημένα

276 1799 692 1871 ἁνακηρῦττειν.
752 1836 760 1842 -

349 1896 457 1958 ιγ’.’
479 1890 843 1944 Συντέτακται
872 1892 929 1944 δὲ
954 1890 1030 1960 τῷ
1059 1891 1202 1945 τέλει
1234 1891 1330 1945 τοῦ
1357 1892 1575 1963 πρώτου
1601 1895 1842 1964 ἁντιφώ-
1892 1904 1923 1963 ι]

2037 1901 2124 1955 15.
2172 1899 2367 1955 Prinne
2413 1898 2719 1969 antiphonaa
2756 1896 3006 1964 adjicitur
3061 1914 3073 1950 :
3136 1915 3155 1946 ι
3210 1894 3315 1950 Per
3374 1897 3548 1950 inter-

190 1988 199 1999 '
275 2002 365 2038 νου
385 1984 495 2049 τὸ,‹
516 1984 649 2046 Ταῖς
680 1983 998 2055 πρεσϐείαις
1021 1984 1117 2052 τῆς
1135 1984 1400 2037 Θεοτόκου
1434 1985 1605 2038 σῶσον
1625 1989 1764 2057 ἡμᾶς

1975 1994 2272 2047 cessioaem
2325 1994 2416 2047 Dei
2462 1990 2780 2055 Geuilricis,
2811 1992 2960 2044 salva
2984 2004 3115 2047 .nos.
3156 2008 3175 2040 ι
3213 1989 3439 2054 Quare?
3485 1990 3549 2043 Ut

273 2076 416 2139 τίνος
441 2075 621 2146 χάριν,
658 2075 691 2145 ἢ
731 2076 947 2137 πάντως
978 2075 1271 2143 βεϐαιοῦσα
1298 2075 1369 2128 τὰ
1401 2076 1667 2148 πρότερον
1698 2081 1847 2150 είρη.

1972 2085 2081 2149 illa,
2124 2100 2245 2154 quae
2289 2099 2505 2154 semper
2550 2086 2701 2151 virgo
2742 2082 3065 2150 permansit,
3112 2080 3377 2150 postulata
3412 2096 3546 2134 cou-

280 2169 414 2237 μένα
480 2167 633 2238 παρὰ
667 2166 832 2221 αὑτοῦ
883 2165 1058 2219 τύπου
1120 2170 1248 2237 napi.
1306 2168 1405 2237 τῆς
1446 2169 1854 2239 Ἀειπαρθένους

1972 2181 2170 2233 ﬁrmet.
2206 2179 2403 2233 Deinde
2442 2178 2507 2232 ad
2554 2178 2714 2231 linem
2750 2177 2934 2247 hymni
2969 2176 3205 2240 canitur,
3275 2193 3293 2224 ι
3333 2191 3427 2243 per
3464 2176 3546 2225 in-

278 2260 383 2314 Τοῦ
410 2262 663 2331 δευτέρου
682 2262 738 2315 δὲ
768 2263 829 2314 τὸ
857 2261 1138 2330 ἐφύμνιον,
1176 2278 1196 2312 t
1225 2262 1359 2325 Ταῖς
1400 2262 1719 2333 πρεσϐείαις
1752 2264 1852 2316 τῶν

1972 2268 2356 2322 tercessionem
2414 2275 2731 2320 sanctorum
2785 2274 3026 2319 tuorum;
3065 2284 3084 2315 ι
3155 2265 3367 2317 Etenim
3427 2277 3546 2316 euut

277 2352 447 2421 ἁγίων
479 2366 627 2405 σουῚ
650 2352 772 2405 ἐπεὶ
794 2352 903 2422 γὰρ
932 2352 1072 2423 ὑπὲρ
1097 2352 1205 2406 τῶν
1237 2352 1423 2423 ψυχῶν
1453 2353 1545 2406 καὶ
1566 2356 1850 2423 συγχωρή-

1976 2374 2066 2429 pro
2122 2361 2423 2413 animarum
2480 2358 2656 2412 salute
2711 2367 2766 2410 et
2821 2371 3166 2426 peccatorum
3229 2354 3550 2409 remissione

278 2463 413 2508 σεως
438 2446 800 2515 πταισμάτων
837 2445 936 2513 τὴν
968 2443 1121 2497 θείαν
1148 2443 1412 2514 τελοῦμεν
1449 2446 1852 2515 μυσταγωγίαν,

1976 2465 2125 2505 sacra
2164 2450 2504 2504 celebramus
2534 2450 2813 2519 mysteria,
2851 2449 3423 2502 conveniet;tissimmn
3471 2456 3550 2501 est

277 2538 501 2600 είκότως
527 2537 602 2600 ὡς
627 2535 939 2607 ὑπερτέραν
964 2535 1128 2590 οὖσαν
1151 2535 1250 2607 τὴν
1291 2536 1428 2590 Θεοῦ
1462 2538 1695 2608 Μητέρα
1729 2540 1851 2593 πάν·

1979 2554 2025 2597 ut
2049 2544 2302 2597 Omnibus
2332 2540 2537 2596 sanctis
2557 2549 2609 2595 et
2631 2541 2949 2595 caelestibus
2979 2540 3272 2593 virtutibus
3306 2539 3553 2605 superio-

278 2646 386 2682 των
412 2628 520 2681 τῶν
551 2627 742 2696 ἁγίων,
774 2629 808 2699 ἢ
839 2629 937 2683 καὶ
973 2628 1154 2681 αὐτῶν
1192 2628 1302 2681 τῶν
1329 2630 1671 2699 ἐπουρανίων
1704 2631 1852 2685 δυνά-

1978 2651 2081 2689 rem
2121 2634 2349 2688 Matrem
2380 2634 2471 2687 Dei
2505 2635 2556 2688 in
2603 2632 2935 2702 adjutorium
2980 2633 3325 2694 invocemus,
3358 2631 3552 2684 deinde

284 2738 451 2789 μεων,
481 2722 560 2782 είς
594 2719 804 2773 ἱκεσίαν
834 2720 1328 2791 προσκαλούμεθα⁶
1370 2717 1492 2774 εἶτα
1520 2723 1647 2786 τοὺς
1677 2725 1858 2793 εὐαρε-

1975 2728 2092 2781 illos
2123 2728 2213 2797 ιιιιὶ
2247 2726 2385 2781 Filio
2417 2726 2536 2793 ejus
2580 2741 2742 2796 quant
2777 2726 3014 2778 maxime
3046 2724 3385 2793 placuerunt.
3415 2722 3549 2775 lllud

282 2814 582 2882 στήσαντας
603 2811 676 2880 τῷ
691 2812 893 2882 ταύτης
910 2813 1046 2883 Υίῷ.
1067 2813 1142 2865 Τὸ
1162 2814 1235 2880 δὲ,
1253 2833 1271 2866 ι
1292 2813 1352 2867 Ὀ
1371 2813 1663 2886 μονογενὴς
1680 2806 1856 2878 Υίὸς,ι

1975 2837 1993 2870 ι
2029 2818 2346 2888 Unigenitns
2374 2817 2603 2881 Filius,»
2636 2817 2704 2871 ab
2734 2815 3067 2885 imperatore
3092 2812 3401 2868 .iustiniano
3423 2827 3549 2882 pro-

280 2903 432 2974 παρὰ
479 2901 575 2955 τοῦ
634 2902 897 2972 βασιλέως
968 2906 1349 2960 Ἰουστινιανοῦ
1410 2906 1845 2976 ἑμπεφώνηταιο

1980 2912 2273 2975 clamatur;
2306 2909 2545 2963 ostendit
2574 2907 3075 2962 incommutabilem
3105 2906 3301 2960 Filium
3327 2906 3417 2960 Dei
3458 2908 3554 2962 lto-

277 2997 418 3067 ὅπερ
466 2995 760 3060 δείκνυσιν,
812 2996 889 3059 ὡς
938 2999 965 3053 6
992 2998 1121 3061 Υἱὸς
1151 2998 1247 3051 τοῦ
1283 2996 1419 3050 Θεοῦ
1453 2999 1739 3068 ἀτρέπτως
1771 2999 1851 3051 κατ

1971 3005 2169 3059 minem
2203 3000 2408 3058 factum
2435 3000 2604 3056 fuisse
2628 3014 2726 3070 pro
2748 3000 2925 3055 salute
2954 2998 3172 3069 generis
3209 2999 3451 3053 humani.

282 3088 567 3159 ἄνθρωπος
589 3089 958 3161 ἐχρημάτισεν
984 3091 1078 3143 ἐπὶ
1126 3091 1372 3162 σωτηρίᾳ
1398 3091 1491 3145 τοῦ
1523 3090 1866 3162 ἀνθρωπίνου

281 3181 496 3247 γένους.

365 3273 423 3326 Ὀ
456 3274 634 3342 ἱερεὺς
669 3273 953 3344 ἐξέρχεται
1006 3275 1292 3345 βαστάζων
1313 3277 1372 3330 τὸ
1397 3276 1755 3344 Εύαγγέλιον,
1784 3275 1859 3339 ὡς
1887 3272 1930 3330 C

2024 3275 2311 3346 Egreditur
2330 3272 2586 3331 sacerdos
2603 3270 2850 3327 deferens
2863 3269 3208 3340 Evangelium
3243 3268 3382 3322 sicut
3410 3268 3483 3322 Ch
3496 3268 3560 3321 ri-

279 3368 308 3419 6
338 3367 571 3437 Χριστδς
589 3368 676 3418 τὸν
709 3366 961 3436 σταυρόν·
1011 3368 1061 3420 εί
1104 3367 1160 3421 δὲ
1204 3371 1232 3421 ὀ
1269 3368 1518 3433 διάκονος
1556 3369 1838 3439 βαστάζει,

1980 3379 2082 3423 itus
2104 3383 2321 3423 crucem
2359 3365 2653 3433 ltajulavit;
2690 3365 2735 3419 si
2768 3365 3027 3417 diaconus
3052 3362 3243 3421 defert.
3275 3361 3554 3413 Simonem

286 3462 533 3529 μιμεῖται
564 3459 655 3513 τὸν
684 3460 1097 3533 ἀγγαρευθέντα
1122 3462 1366 3532 Σίμωνα.
1425 3463 1509 3515 Τὰ
1548 3463 1717 3535 κηρία
1741 3462 1860 3533 ὀψι-

1989 3461 2308 3530 mgariatnm
2383 3460 2647 3514 imitatur.
2711 3456 2811 3523 Qui
2863 3457 2916 3510 in
2978 3457 3201 3509 introitu
3244 3454 3424 3507 lucent
3478 3469 3563 3505 ce-

286 3550 514 3604 κεύσντα
545 3554 600 3603 ἐν
625 3554 691 3623 τῇ
723 3554 935 3623 εἰσόδῳ,
992 3553 1299 3608 δεικνύουσι
1327 3553 1387 3608 τὸ
1429 3553 1571 3608 θεῖον
1605 3554 1743 3622 φῶς.
1792 3554 1860 3606 Ἦ

1973 3552 2069 3618 rei,
2092 3550 2518 3605 divinamlurem
2546 3550 2802 3604 indicant.
2830 3548 3088 3601 Introitus
3114 3556 3293 3599 autem
3328 3544 3547 3608 pontifi-

290 3644 471 3713 μέντοι
503 3644 706 3708 εἴσοδος
752 3645 845 3697 τοῦ
884 3646 1186 3716 ἀρχιερέως
1219 3644 1317 3715 τὴν
1344 3646 1437 3696 ἐπὶ
1468 3645 1560 3698 τοῦ
1600 3645 1864 3716 Ἰορδάνου

1985 3644 2065 3706 :is,
2093 3642 2294 3695 Christi
2314 3648 2369 3695 et
2395 3642 2485 3696 Dei
2518 3642 2685 3695 nostri
2712 3638 3215 3694 manifestationem
3262 3636 3329 3691 ad
3360 3635 3559 3690 Jorda-

286 3736 554 3798 ἀνάδειξιν
602 3734 697 3787 τοῦ
762 3735 999 3804 Χριστοῦ
1052 3735 1149 3787 καὶ
1171 3736 1306 3787 Θεοῦ
1338 3735 1513 3805 ήμῶν⁶
1554 3736 1716 3806 μέχρι
1758 3735 1860 3805 γὰρ

1996 3750 2115 3801 lem;
2132 3748 2301 3800 usque
2319 3733 2384 3785 ad
2406 3732 2903 3786 manifeslalioncm
2926 3728 3374 3793 illam,etsnfuertt
3393 3730 3570 3797 ponti-

286 3821 511 3885 ταύτης,
548 3825 595 3875 εί
624 3822 722 3875 καὶ
748 3818 814 3892 ἦν
856 3824 1169 3893 ἀρχιερεὺς,
1212 3824 1329 3876 ἀλλ’
1373 3825 1494 3893 οὐχὶ
1526 3826 1660 3876 πᾶσι
1708 3825 1860 3893 δῆλος

1988 3827 2057 3881 'ex
2078 3866 2092 3891 ,
2133 3834 2187 3877 at
2219 3840 2323 3877 non
2346 3825 2595 3880 omnibus
2613 3833 2866 3875 ostensus
2897 3830 2950 3873 et
2990 3822 3231 3887 agnitus,
3251 3829 3306 3874 et
3325 3822 3562 3877 nomium

288 3914 381 3967 καὶ
426 3913 724 3983 γνώριμος,
755 3911 879 3964 οὐδὲ
910 3915 988 3975 είς
1022 3914 1183 3983 μέσον
1247 3911 1424 3975 ἑστὼς
1472 3915 1565 3966 καὶ
1597 3915 1740 3967 κατὰ
1768 3916 1862 3985 τὴν

1986 3928 2201 3971 steterat
2253 3917 2305 3970 in
2339 3918 2515 3971 medio
2550 3924 2607 3969 ιιι
2642 3914 3077 3987 supernaturalia
3139 3924 3193 3969 et
3215 3913 3560 3969 sanctissima

289 4007 542 4076 ὑπερφυῆ
579 4007 669 4058 καὶ
691 4004 908 4071 ἐξαίσια
937 4004 1129 4057 τελῶν·
1156 4003 1271 4058 ἀλλ’
1300 4006 1328 4056 ὁ
1353 4004 1443 4056 τὸν
1472 4006 1664 4075 καιρὸν
1687 4004 1863 4076 λαχὼν

1992 4010 2279 4064 terﬁceret.
2332 4008 2434 4074 Qui
2483 4009 2654 4062 vicem
2735 4006 3104 4062 Prtecursoris
3176 4013 3324 4059 tenet
3380 4018 3566 4057 sacer-

292 4100 468 4168 ίερεὺς
497 4097 572 4159 ὼς
599 4098 903 4169 πρόδρομος
962 4098 1186 4166 ἐνήργει
1209 4095 1271 4148 τὸ
1316 4095 1405 4148 διὰ
1456 4098 1743 4164 μετανοίας
1782 4099 1866 4169 βά-

1989 4101 2094 4163 los,
2126 4111 2181 4152 ut
2222 4098 2289 4152 ad
2311 4097 2637 4168 baptismum
2663 4097 2995 4165 pwuitentia:
3028 4095 3250 4160 excitet,
3278 4094 3563 4147 introeun-

292 4209 521 4261 πτισμα’
561 4192 619 4254 ὂς
654 4190 965 4243 είσελθόντα
991 4190 1116 4243 ίδὼν
1152 4189 1244 4243 τὸν
1274 4189 1552 4262 ἀρχιερέα,
1610 4190 1866 4260 μεθίστα-

1988 4204 2085 4246 Leni
2162 4192 2469 4262 pontiﬁcem
2553 4190 2741 4244 videns
2814 4190 3065 4255 recedit,
3117 4197 3173 4241 et
3227 4189 3362 4241 nihil
3417 4187 3562 4239 aliud

290 4303 379 4339 ται
403 4301 417 4315 ⁸
445 4285 723 4354 μονονουχὶ
761 4283 933 4337 ταῦτα
951 4272 1029 4353 τῷ
1063 4283 1284 4353 Ἰωάννῃ
1321 4281 1692 4350 φθεγγόμενος
1738 4284 1864 4354 πρὸς

1996 4287 2081 4339 tisi
2137 4286 2300 4339 verba
2341 4282 2566 4338 Joannis
2627 4282 2944 4350 sibimetipsi
2971 4281 3129 4351 quasi
3170 4281 3376 4334 refert:
3416 4279 3567 4332 lluue

293 4378 484 4432 ἑαυτόν
505 4397 549 4429 ⁸(
578 4377 777 4430 Τοῦτον
802 4378 881 4430 δεῖ
913 4376 1259 4441 αὐξάνεσθαι,
1291 4376 1497 4427 ἐκεῖνον
1525 4375 1583 4427 δὲ
1612 4376 1867 4430 ἐλαττοῦ-

2071 4388 2199 4432 ιηει
2224 4391 2493 4442 crescere,
2517 4382 2798 4430 meantem
2828 4375 3091 4438 minui”;
3126 4374 3417 4440 statimth
3438 4372 3569 4425 sinit
3640 4374 3645 4381 ‘

293 4468 441 4532 σθαι,
470 4468 563 4522 καὶ
592 4468 753 4531 εὐθὺς
807 4469 1124 4537 παραχωρεῖ
1163 4465 1240 4535 τῷ
1284 4466 1530 4535 ἀρχιερεῖ
1546 4464 1615 4518 τὰ
1651 4467 1867 4535 μείζονα

1284 4466 1530 4535 ἀρχιερεῖ
1546 4464 1615 4518 τὰ
1651 4467 1875 4535 μείζονα
1982 4477 2042 4518 ιιι
2075 4464 2313 4534 pontifex
2348 4466 2554 4535 majora
2588 4464 2854 4532 perﬁciat.

290 4560 528 4612 τελεσιου
537 4561 704 4629 ργεῖν.

365 4650 442 4705 ιδ’.
501 4650 766 4714 Βαστὰζει
806 4649 865 4702 δὲ
892 4650 920 4701 6
965 4650 1210 4714 διάκονος
1250 4653 1310 4706 τὸ
1331 4653 1487 4723 ἆγιον
1523 4654 1867 4723 Εὑαγγέλιον
1907 4613 1939 4665 Π

2050 4643 2137 4697 14.
2180 4642 2446 4697 Diaconos
2488 4650 2741 4696 sanctum
2788 4639 3165 4709 Evangelinm,
3224 4639 3365 4693 sicut
3407 4641 3562 4707 jussa

292 4741 365 4803 ὡς
398 4740 549 4793 θείαν
576 4741 826 4793 κέλευσιν
854 4738 947 4792 τοῦ
979 4738 1243 4809 βασιλέως
1275 4746 1389 4806 τοῖς
1418 4747 1741 4815 στρατηγοῖς
1774 4743 1866 4796 τοῦ

1991 4736 2175 4791 Summi
2227 4734 2373 4803 regis
2405 4735 2470 4787 ad
2500 4737 2664 4787 duces
2702 4733 2878 4801 populi
2919 4732 3112 4796 ﬁdelis,
3147 4732 3394 4801 prol'ert;
3438 4734 3565 4784 sul:-

297 4829 487 4883 πιστοῦ
545 4829 676 4882 λαοῦ
714 4830 1005 4898 προσάγων
1061 4832 1214 4897 αὐτὸ,
1269 4835 1362 4887 τοῦ
1420 4836 1610 4905 ἱερέως
1644 4834 1869 4887 ὄπισθεν

1989 4830 2225 4897 sequitur
2281 4839 2462 4881 autem
2523 4828 2803 4891 sacerdos,
2855 4836 2910 4880 et
2957 4836 3070 4879 toto
3115 4838 3375 4895 apparatu
3444 4840 3563 4883 suo,

295 4923 595 4993 ἐρχομένου
628 4923 722 4976 καὶ
777 4922 865 4975 διὰ
894 4924 996 4992 τῆς
1027 4925 1219 4993 στολῆς
1252 4927 1440 4991 αὑτοῦ,
1494 4927 1568 4988 ὡς
1602 4927 1863 4997 καύχημα

2000 4921 2071 4989 pii
2113 4921 2165 4972 in
2205 4921 2366 4971 eut'de
2418 4918 2604 4970 humili
2654 4919 2977 4988 gloriﬁcatio
3026 4929 3129 4983 est,
3163 4919 3343 4971 omnia
3390 4917 3568 4969 cruris

292 5018 350 5068 ἐν
402 5014 735 5069 ταπεινώσει
792 5017 1053 5086 καρδίας,
1109 5019 1370 5088 φέροντος
1414 5022 1480 5072 τὰ
1537 5024 1716 5073 πάντα
1769 5021 1866 5088 τῆς

1993 5013 2236 5081 adjuncta
2285 5011 2470 5063 refert.
2508 5009 2714 5063 Deinde
2758 5009 2809 5061 in
2855 5009 3140 5063 ambonem
3188 5008 3408 5059 veniunt
3439 5020 3567 5056 canv

296 5108 678 5178 σταυρώσεως.
699 5104 832 5161 Εἶτα
845 5110 893 5159 οἱ
912 5109 1446 5181 ψάλταιάνέρχονται
1472 5113 1528 5164 ἐν
1541 5112 1615 5182 τῷ
1637 5112 1870 5182 ἄμϐωνι,

1983 5111 2205 5163 taturus,
2227 5110 2567 5168 canuntque:
2599 5123 2614 5151 ι
2652 5100 2859 5164 Venite,
2893 5100 3232 5153 exsuiteutns
3254 5094 3503 5147 Domino.
3540 5110 3554 5140 ι

272 5197 551 5266 ,ψάλλουσι
588 5199 643 5250 δὲ
673 5197 753 5260 τὸ,
799 5198 959 5250 Δεῦτε
982 5240 995 5262 ,
1024 5200 1477 5271 ἀγαλλιασώμεθα
1503 5202 1580 5272 τῷ
1606 5202 1813 5272 Κυρίῳο

1988 5193 2081 5259 Ulli
2112 5192 2250 5244 illi't'a
2281 5201 2446 5253 Slatttl,
2481 5190 2798 5249 Concinttnt,
2824 5198 2875 5241 et
2906 5197 3169 5241 concentu
3216 5199 3313 5237 suo
3340 5184 3562 5248 angelu-

291 5292 466 5360 τούτῳ
498 5292 852 5361 συμφωνοῦσι
879 5295 975 5345 καὶ
996 5295 1044 5346 οἱ
1070 5297 1237 5358 κάτω,
1266 5296 1577 5359 δεικνύντες
1608 5295 1705 5367 τὴν
1736 5312 1864 5363 συμο

1996 5299 2097 5335 ἰιιιι
2118 5294 2172 5335 ct
2193 5283 2467 5335 hominum
2490 5281 2864 5352 symphoniam
2891 5280 3242 5340 adnmbrant;
3268 5275 3463 5343 quibus
3480 5276 3570 5325 aJ-

294 5387 499 5455 φωνίαν
528 5386 641 5439 τῶν
668 5386 912 5454 ἀγγέλων
928 5389 1019 5440 καὶ
1048 5388 1152 5441 τῶν
1175 5388 1493 5458 ἀνθρώπων
1519 5389 1868 5459 συμφωνοῦσι

1985 5375 2299 5428 numerandi
2351 5384 2477 5427 sunt
2525 5373 2777 5442 apostoli.
2831 5369 2893 5422 lli
2945 5370 3236 5423 dixerunt:
3275 5384 3292 5416 t
3346 5365 3559 5426 Venite,

290 5480 344 5530 δὲ
363 5478 533 5547 τούτῳ
554 5477 649 5529 xxi.
676 5478 726 5529 οί
756 5478 1073 5531 ἀπόστολοι·
1096 5480 1255 5550 οἱμὲν
1273 5481 1381 5549 γάρ
1413 5481 1623 5548 ἔλεγον.
1649 5502 1664 5530 ι
1687 5481 1864 5535 Δεῦτε.

1992 5469 2352 5521 desideratum
2406 5467 2749 5530 invenimus;
2797 5483 2816 5515 ι
2854 5462 2926 5516 illi
2983 5472 3161 5514 autem
3199 5476 3212 5511 :
3257 5478 3276 5510 t
3322 5457 3452 5511 Veni
3512 5466 3566 5507 et

292 5569 606 5640 εὑρήκαμεν
652 5570 742 5621 τὸν
795 5569 1124 5639 ποθούμενον
1161 5588 1172 5601 ·
1221 5591 1237 5622 ι
1270 5574 1315 5624 οἱ
1349 5572 1426 5625 δὲ·
1468 5592 1485 5624 ι
1521 5572 1722 5641 Ἔρχου
1778 5573 1866 5621 κα]

1991 5564 2124 5616 vide.
2159 5583 2177 5614 ι
2205 5592 2275 5602 —-
2310 5583 2326 5609 σ
2370 5562 2670 5624 Venerunt,
2702 5570 2758 5612 et
2803 5557 2944 5610 diem
2972 5554 3117 5606 illam
3152 5567 3273 5605 cmn
3320 5550 3411 5602 illo
3439 5562 3565 5616 pcr-

292 5666 385 5720 ἔὶε.
402 5681 420 5714 ι
442 5657 666 5725 Ἷῐλθον,
694 5662 848 5732 φησι,
876 5662 969 5715 καὶ
988 5664 1113 5734 παρ’
1132 5663 1276 5734 αύτῴ
1301 5664 1519 5735 ἔμειναν
1538 5665 1633 5734 τὴν
1659 5664 1866 5735 ἡμέραν

1992 5668 2319 5720 manserunt,
2347 5666 2424 5707 ιιι,
2453 5666 2643 5707 uetera
2667 5667 2781 5719 quae
2806 5647 3125 5719 simpliciter
3149 5644 3214 5698 ad
3242 5644 3566 5713 baptistnnnt

1880 5748 1903 5763 ν

361 5840 405 5871 ⁸⁷
440 5841 592 5899 Joun.
630 5856 710 5909 tu,
737 5840 821 5893 ΣΟ.
