3986 6236
406 295 433 309 θ

335 396 477 464 3997
1403 418 2011 508 COMMENTARIUS
2045 426 2536 488 LITURGICUS.
3476 442 3614 503 3993

336 510 638 582 συνθρόνῳ,
666 511 928 570 δεικνύων
984 517 1013 570 6
1043 518 1340 590 ἀρχιερεὺς
1363 524 1442 595 τῷ
1484 524 1597 596 λαῷ
1622 526 1721 599 τὴν
1752 529 1891 583 Gelon

2009 546 2241 600 nutuque
2262 533 2556 587 extendens
2579 531 2737 589 tertio
2765 536 3071 596 sacerdotes
3097 540 3275 610 signat
3298 543 3439 600 sicut
3456 546 3611 600 Chri-

334 600 781 672 μεταμόρφωσιν,
815 608 1062 671 ἐκτείνας
1088 609 1185 682 τὴν
1217 616 1374 685 χεῖρα
1406 617 1698 688 σφραγίζει
1729 621 1916 691 τρίτον

328 693 457 759 τοὺς
493 697 681 767 ἱερεῖς,
709 702 893 766 καθὼς
948 707 976 758 6
1022 706 1257 776 Χριστὸς
1285 710 1410 772 τοὺς
1442 710 1607 765 αὑτοῦ
1642 713 1918 786 μαθητάς.

402 788 489 852 ιζ’.
525 791 629 843 Τοῦ
648 793 704 845 δὲ
732 793 1030 865 Τρισαγίου
1060 799 1464 870 πληρωθέντος,
1492 806 1785 873 σφραγίζει
1825 808 1918 861 τὸν

331 879 456 972 λαδν
482 885 509 935 6
536 883 713 955 ἱερεὺς
742 886 934 956 λέγων,
971 910 989 942 ι
1019 892 1224 964 Εἰρήνη
1254 895 1409 955 πᾶσι,
1437 897 1720 951 »τουτέστι
1754 899 1917 972 Εἰρη-

330 971 515 1025 νεύετε
543 975 601 1025 ὲν
633 976 886 1046 ἀλλήλοις
918 983 1312 1052 παριστάμενοι
1330 986 1386 1037 ὲν
1408 987 1614 1076 τῇρείᾳ
1638 990 1910 1062 τραπέζῃ.

343 1062 404 1114 Ἡ
433 1063 487 1116 δὲ
520 1069 757 1136 σφραγὶς
808 1069 876 1140 ἢν
934 1072 1094 1125 εἴωθε
1154 1078 1329 1128 ποιεῖν
1357 1079 1383 1128 ὀ
1420 1062 1713 1149 ἀρχιερεὺς
1747 1082 1805 1132 ὲν
1836 1083 1913 1151 τῷ

328 1153 468 1209 τέλει
496 1159 586 1213 τοῦ
619 1160 935 1231 Τρισαγίου,
1000 1167 1082 1229 εἰς
1112 1167 1417 1237 πλήρωσιν
1471 1171 1570 1240 μὲν
1605 1174 1698 1224 καὶ
1747 1174 1911 1241 οἱονεὶ

334 1246 726 1319 ἐκσφράγισμα
786 1252 896 1304 τῶν
949 1257 1080 1326 περὶ
1139 1258 1376 1328 Χριστοῦ
1413 1264 1910 1333 προηγορευμένων

328 1338 685 1405 προφητικῶν
712 1343 904 1410 φωνῶν
963 1346 1431 1416 χαρακτηρίζεται
1458 1365 1473 1379 ο
1522 1352 1555 1421 ἠ
1605 1354 1714 1422 γὰρ
1740 1353 1907 1405 αὑτοῦ

325 1427 412 1481 διὰ
464 1432 664 1501 σαρκὸς
715 1436 986 1507 παρουσία
1038 1442 1272 1507 σφραγὶς
1318 1440 1535 1509 ἐγένετο
1568 1444 1907 1515 ἐπικουροῦσα

329 1517 398 1570 τὰ
439 1519 529 1571 ὑπ’
562 1523 787 1576 ἐκείνων
822 1530 1277 1600 προηγορευμένα
1334 1531 1408 1594 ὼς
1439 1533 1616 1603 ἀληθῆ
1638 1550 1651 1564 ·
1682 1534 1819 1606 αὕτη
1848 1537 1905 1589 δὲ

323 1611 417 1662 καὶ
448 1613 530 1675 εἰς
563 1614 737 1686 ἀρχὴν
756 1617 863 1669 τῶν
886 1619 1210 1692 θεοπρεπὼν
1232 1622 1409 1693 ἔργων
1441 1624 1650 1678 καὶτοῦ
1686 1628 1783 1681 ἀνθ
1794 1646 1903 1700 ρω-

324 1704 479 1758 πίνου
540 1709 733 1776 γένους
790 1712 1094 1767 ἀνάπλασιν
1153 1717 1453 1770 τέτακται’
1511 1720 1739 1788 ἀρκέσει
1783 1723 1900 1793 δὲή

324 1801 557 1869 σφραγὶς
588 1803 683 1855 καὶ
741 1806 822 1879 3};
872 1808 1116 1879 είρήνην,
1166 1810 1288 1880 ἥτις
1338 1811 1436 1873 τὰς
1487 1812 1608 1866 τότε
1664 1815 1898 1885 μερικάς

2023 632 2141 675 stus
2199 623 2523 691 discipulos.

2096 784 2470 867 l7.'Trisagio
2529 799 2789 869 perfecto,
2838 806 3091 874 populum
3145 808 3324 875 signat
3352 812 3606 869 sacerdos

2018 888 2285 945 dicendo:
2315 908 2334 942 ι
2402 890 2510 947 Pax
2565 894 2849 961 omnibus,
2889 915 2907 947 ι
2951 896 3003 951 id
3033 910 3132 962 est,
3174 914 3363 969 pacem
3398 902 3465 956 ad
3517 903 3607 958 in-

2019 980 2190 1034 vicem
2218 982 2465 1038 habeatis
2484 985 2572 1053 qui
2606 987 2768 1041 Statis
2798 989 2863 1042 ad
2894 1005 3139 1044 mensam
3164 992 3404 1048 Domini.
3426 994 3599 1061 Quam

2017 1074 2081 1124 ad
2115 1072 2276 1127 linem
2311 1073 2540 1143 Trisagii
2604 1077 2784 1132 facere
2816 1084 3102 1135 consuevit
3132 1085 3374 1140 nontil’ex
3408 1088 3598 1157 signa-

2019 1167 2243 1231 tionem,
2306 1168 2541 1223 intendit
2579 1172 3023 1241 adimplctiouem
3083 1190 3136 1230 et
3176 1177 3412 1246 sigillum
3470 1195 3597 1249 pro-

2015 1258 2322 1328 phetiarutn
2352 1259 2417 1314 de
2447 1259 2704 1331 Christo;
2734 1268 2875 1332 quod
2913 1268 3058 1319 enim
3088 1268 3339 1324 Christus
3362 1271 3599 1328 incarne

2013 1352 2348 1420 apparuerit,
2387 1352 2598 1408 ﬁrmata
2631 1365 2677 1409 et
2740 1359 3023 1425 obsignata
3052 1371 3177 1413 sunt
3202 1377 3320 1430 quae
3348 1364 3414 1417 de
3449 1364 3599 1418 Chri-

2010 1449 2097 1493 sto
2127 1438 2342 1496 t'ueraut
2383 1445 2702 1509 vaticinata;
2773 1448 3058 1502 ordinatur
3117 1466 3334 1520 quoque
3366 1452 3431 1505 ad
3488 1454 3592 1506 iui—

2014 1531 2144 1586 tium
2169 1547 2393 1599 operum
2431 1535 2736 1590 divinorum
2772 1549 2824 1591 et
2855 1539 2922 1591 ad
2956 1540 3240 1595 hominum
3273 1544 3596 1612 redemptio-

2008 1639 2155 1678 nem.
2196 1625 2274 1680 Ad
2303 1641 2489 1694 pacem
2528 1629 2693 1682 etiam
2727 1630 2865 1683 Valet
2922 1632 3177 1700 signatio,
3220 1650 3341 1702 quae
3395 1637 3596 1691 divisas

2007 1717 2257 1772 dissolvit
2281 1728 2574 1786 potestates
2602 1731 2654 1776 et
2691 1734 2881 1789 gentes
2905 1724 3061 1792 longe
3084 1725 3302 1793 lateque
3342 1743 3594 1782 remune-

2005 1811 2186 1864 t'avit:
2220 1811 2498 1863 terrestria
2532 1820 2587 1865 et
2625 1812 2867 1866 caelestia
2942 1815 2994 1865 in
3033 1816 3295 1869 unitatem
3332 1819 3595 1871 ccutluxit

318 1893 493 1962 ἀρχὰς
546 1895 835 1960 κατέλυσε,
893 1901 984 1953 καὶ
1049 1904 1161 1964 τοῖς
1196 1904 1361 1970 ἐγγὺς
1393 1907 1633 1967 καὶτοῖς
1678 1908 1891 1978 μακρὰν

1999 1901 2268 1963 Christus,
2288 1905 2375 1970 qui
2406 1900 2567 1955 Pater
2594 1905 2743 1970 pacis
2778 1915 3002 1959 vocatur
3033 1907 3173 1960 ²¹’”.
3204 1907 3452 1976 Deposito
3490 1908 3597 1963 Vc-

316 1984 527 2038 ἔθνεσιν
556 1988 861 2059 ὲϐράὸευσε
884 2009 897 2020 -
943 1992 1075 2063 πρὶς
1099 1993 1153 2045 δὲ
1186 1997 1253 2047 τά
1282 1996 1515 2072 ἐπίγεια·
1540 1999 1634 2051 καὶ
1669 2000 1898 2071 οὐράνια

314 2076 342 2126 6
374 2077 603 2144 Χριστὸς
629 2080 656 2131 6
682 2079 781 2148 τῆς
832 2082 1058 2152 εἰρήνης
1108 2085 1295 2156 Πατὴρ
1331 2088 1409 2149 είς
1442 2088 1673 2156 ἑνότητα
1725 2091 1900 2161 ἦγαγε

314 2164 411 2218 καὶ
443 2166 577 2233 μετά
598 2167 660 2220 τὸ
688 2168 906 2222 καθίσαι
937 2172 1075 2240 μετά
1107 2175 1203 2242 τῆς
1224 2176 1464 2240 Ιῐαλαιᾶς
1496 2178 1748 2243 καὶΝέας
1777 2184 1901 2234 Δια-

315 2256 488 2325 θήκης
518 2300 531 2318 ,
582 2260 1014 2324 ἀναγινώσκεται
1066 2266 1126 2318 τὸ
1188 2267 1482 2338 λεγόμενον
1536 2271 1899 2343 προκείμενον

314 2350 655 2420 φερωνύμως
685 2351 992 2422 ὀνομασθέν
1018 2372 1030 2385 ’
1063 2359 1350 2426 πρόκειται
1400 2361 1510 2432 γάρ
1539 2363 1758 2416 πάντων
1781 2365 1892 2418 τῶν

313 2442 659 2510 συμϐολαίων
706 2446 803 2516 τῆς
853 2448 1079 2519 χάριτος
1099 2452 1198 2521 τῆς
1235 2453 1359 2516 νέας
1386 2469 1399 2481 ·
1435 2454 1627 2524 μηνύει
1654 2452 1748 2509 οῦν
1797 2459 1896 2528 τὴν

309 2532 417 2591 τῶν
462 2539 759 2609 προφητῶν
822 2543 1207 2613 ἐκφαντορίαν,
1257 2548 1355 2616 τὴν
1408 2551 1753 2620 προμήνυσιν
1793 2552 1893 2620 τῆς

310 2633 614 2700 παρουσίας
646 2636 891 2711 Χρηστοῦ
918 2639 1007 2692 τοῦ
1034 2640 1191 2696 Θεοῦ.
1228 2641 1382 2695 Μετά
1408 2641 1582 2697 ταῦτα
1608 2643 1896 2714 ἀνέρχεται

308 2729 336 2780 6
387 2726 595 2791 Παῦλος
642 2726 834 2801 ὥσπερ
881 2748 965 2793 τις
1031 2732 1391 2805 στρατιώτης,
1432 2734 1527 2786 καὶ
1556 2735 1657 2805 τὴν
1681 2737 1892 2788 οἰκείαν

307 2817 656 2871 διδασκαλίαν
689 2821 767 2890 τῷ
833 2823 1031 2893 πλήθει
1060 2824 1360 2896 διατρανοῖ,
1406 2808 1719 2898 ἤγουν-τῶν
1752 2830 1893 2882 ἀπο-

308 2911 575 2965 σιολικῶν
597 2915 943 2984 πραγμάτων
973 2916 1305 2986 ἀνάγνωσιν,
1329 2918 1544 2972 καὶτῶν
1560 2919 1895 2974 Ἐπιστολῶν

2001 2002 2115 2047 tere
2144 1991 2516 2058 Testamento,
2549 1999 2793 2064 quaedam
2824 2013 2852 2051 e
2882 1997 3048 2061 Novo,
3081 2016 3110 2052 e
3143 2001 3389 2066 symbolo
3408 2004 3597 2070 gratia:

1999 2086 2253 2153 leguntur
2281 2103 2295 2139 :
2330 2096 2665 2140 evanesciiut
2693 2090 2838 2141 enim
2878 2091 3155 2157 prophetae
3179 2106 3303 2143 cum
3341 2091 3595 2147 Christus

2002 2178 2113 2245 ipse
2144 2175 2364 2244 prodiit.
2402 2175 2669 2231 Praecedit
2704 2179 2928 2242 Paulus,
2989 2190 3240 2249 tauquam
3293 2182 3448 2235 miles
3479 2182 3594 2234 l'or-

2004 2270 2245 2323 tissimus
2268 2277 2324 2324 et
2375 2270 2674 2324 doctrinam
2711 2287 2867 2324 suam
2903 2273 3233 2325 multitudini
3296 2274 3591 2339 explanat:

2002 2360 2252 2427 leguntur
2293 2360 2459 2415 Actus
2483 2362 2871 2429 apostolorum,
2904 2374 2958 2416 et
3004 2373 3261 2429 excerpta
3321 2362 3625 2429 Εμὶειιιιιι-⁵

2007 2471 2149 2521 rum,
2191 2456 2330 2510 etin
2365 2455 2471 2508 ﬁne
2526 2454 2921 2524 promissiones
2980 2453 3186 2509 Christi
3242 2456 3340 2509 Dei
3399 2456 3591 2510 nostri.

2004 2545 2061 2600 lu
2090 2547 2172 2601 his
2207 2555 2313 2602 stat
2346 2548 2516 2600 virtus
2547 2556 2601 2599 et
2657 2546 2982 2601 inconcussa
3022 2548 3274 2600 veritatis
3337 2548 3585 2602 ﬁrmitas.
3672 2554 3677 2572 ‘

1991 2640 2073 2695 Ad
2109 2641 2381 2710 apostolos
2416 2639 2553 2693 dixit
2581 2658 2592 2692 :
2625 2656 2644 2688 ι
2692 2637 2881 2693 Venite
2906 2647 3026 2706 post
3061 2655 3146 2694 me
3184 2651 3237 2694 et
3270 2638 3462 2692 faciam
3493 2653 3590 2694 vos

1994 2735 2298 2802 piscatores
2340 2733 2619 2786 hominum
2651 2731 2735 2797 ²³;
2785 2751 2802 2783 ι
2862 2732 3019 2785 adest
3053 2746 3195 2785 nunc
3251 2732 3408 2793 hora,
3479 2744 3586 2800 qua

1996 2825 2296 2895 piscatores
2319 2836 2374 2876 et
2403 2823 2666 2877 illitterati
2696 2826 2951 2879 mundum
2982 2824 3298 2878 universum
3331 2838 3396 2879 ex
3428 2838 3580 2879 erro-

1997 2918 2072 2971 ris
2107 2917 2307 2985 ahyssu
2334 2916 2660 2969 eduxerunt.

314 3003 500 3057 αὐτῶν
547 3008 847 3077 παρίστησι
894 3008 996 3080 τὴν
1051 3009 1306 3080 ἐκλογὴν,
1363 3010 1458 3063 καὶ
1512 3009 1573 3064 τὸ
1611 3010 1763 3073 τέλος
1793 3010 1903 3064 τῶν
1935 3008 2288 3089 ὑποσχέσεων
2333 3005 2574 3077 Χριστοῦ
2633 3004 2729 3059 τοῦ
2766 3005 2902 3059 Θεοῦ
2952 3008 3146 3094 ήμςὺνυ
3177 3007 3237 3072 ἐξ
3260 3003 3393 3078 ὧνή
3424 3007 3587 3059 δύνα-

309 3098 607 3165 μιςτούτου
642 3101 737 3156 καὶ
768 3102 829 3155 τὸ
854 3103 1196 3159 ἀδιάπτωτον
1248 3108 1346 3177 τῆς
1394 3106 1655 3177 ἀληθείας
1695 3105 2045 3159 συνίσταται·
2106 3102 2212 3174 ἔφη
2258 3101 2314 3154 δὲ
2343 3101 2480 3172 πρὸς
2533 3102 2756 3166 αὐτοὺς,
2811 3120 2830 3151 ί
2894 3100 3059 3154 Δεῦτε
3109 3102 3287 3154 ὀπίσω
3347 3118 3450 3171 μου
3495 3103 3590 3152 καὶ

304 3197 520 3266 ποιήσω
554 3196 698 3266 ὑμᾶς
729 3197 902 3261 ἁλιεῖς
967 3198 1308 3270 ἀνθρώπων·
1350 3220 1368 3253 ι
1406 3201 1510 3273 ὅρα
1550 3201 1731 3254 τοίνυν
1767 3199 1887 3263 πῶς
1918 3201 2011 3253 τὸν
2043 3199 2248 3269 κόσμον
2271 3197 2391 3250 ὅλον
2430 3195 2754 3267 ἐζώγρησαν
2796 3197 2860 3249 ἐκ
2911 3196 3005 3249 τοῦ
3038 3195 3202 3265 βυοοὖ
3231 3198 3331 3266 τῆς
3370 3196 3590 3264 πλάνης

304 3287 399 3340 καὶ
429 3288 476 3340 οί
508 3288 682 3353 ἁλιεῖς
704 3291 796 3349 καὶ
810 3290 1193 3363 ἀγράμματοι.

376 3385 463 3448 ιη’.
500 3374 631 3432 Εἶτα
668 3382 832 3451 σμετά
882 3385 981 3455 τὴν
1037 3385 1345 3454 ἀνάγνωσιν
1366 3386 1458 3441 τοῦ
1476 3386 1824 3449 Ἀποστὸλου,
1864 3385 1893 3438 6
1921 3388 1962 3444 Ο

303 3470 467 3523 Δαῦὶδ
505 3470 621 3540 ᾄδει
647 3472 707 3525 τὸ
737 3474 1106 3541 Ἀλληλούϊιι
1131 3493 1143 3508 ο
1164 3477 1314 3547 δηλοῖ
1339 3476 1399 3530 τὸ
1421 3478 1520 3548 μὲν
1549 3478 1651 3541 ἄλ,
1683 3478 1883 3548 ἐφάνη·

302 3562 361 3615 τὸ
393 3561 450 3614 δὲ
507 3563 608 3629 in,
642 3566 669 3617 6
704 3563 836 3629 Θεός
858 3581 869 3593 ·
892 3566 951 3619 τὸ
977 3568 1137 3629 odia.
1172 3571 1371 3621 αἱνεῖτε
1397 3570 1490 3623 τὸν
1520 3568 1702 3633 ζῶντα
1728 3568 1883 3625 Θεόν.

300 3680 369 3693 --
398 3655 471 3707 Τὸ
504 3656 818 3725 ὠμοφόριον
866 3659 1186 3729 ἀφαιρεῖται
1241 3662 1336 3714 τοῦ
1384 3662 1691 3731 ἀρχιερέως
1716 3665 1794 3725 είς
1824 3663 1886 3715 τὺ

302 3743 528 3814 ἔσχατον
554 3746 936 3811 Ἀλληλούιῑι,
993 3752 1070 3809 εἰς
1103 3749 1380 3812 ἀπόδειξιν
1402 3749 1497 3802 τοῦ
1526 3750 1884 3821 πληρωθῆναι

301 3834 390 3887 τὸν
423 3834 608 3904 νόμον,
641 3838 736 3889 καὶ
760 3837 851 3889 τοῦ
885 3838 974 3891 τὸν
1004 3840 1268 3911 ἀρχιερέα
1297 3843 1603 3911 ἱερουργεῖν
1625 3843 1725 3909 τὴν
1759 3843 1884 3897 νέαν

298 3928 481 3998 χάριν.
528 3928 585 3983 Ὀ
619 3929 676 3982 δὲ
709 3929 988 3999 θυμιατὸς,
1045 3934 1071 3984 6
1096 3933 1154 3983 ὲν
1188 3931 1267 4002 τῷ
1303 3934 1481 4003 καιρῷ
1528 3934 1623 3987 τοῦ
1661 3935 1882 4002 Ἀλλη-

298 4022 477 4077 λούϊα
502 4019 640 4090 μετὰ
672 4020 1016 4092 θυμιάματος
1049 4024 1386 4095 κινούμενος,
1417 4027 1514 4097 τὴν
1546 4029 1705 4097 χάριν
1732 4027 1885 4096 δηλοῖ

298 4115 391 4167 τοῦ
420 4114 578 4184 ἁγίου
604 4116 925 4185 Πνεύματος
958 4118 1055 4189 τὴν
1106 4119 1401 4190 δεδομένην
1449 4122 1562 4184 τοῖς
1610 4120 1883 4191 μαθηταῖς

297 4207 385 4259 ὅτε
416 4207 639 4270 τούτους
694 4208 980 4263 ἀπέστειλε
1015 4208 1108 4263 τοῦ
1162 4212 1312 4264 ίᾶσαι
1366 4212 1545 4265 πᾶσαν
1594 4213 1751 4265 νόσον
1788 4214 1884 4266 καὶ

299 4298 478 4350 πᾶσαν
527 4298 805 4367 μαλακίαν
861 4300 919 4353 ὲν
959 4299 1194 4371 Ἰσραήλ.
1230 4301 1386 4355 Μετὰ
1434 4302 1496 4354 τὸ
1524 4301 1884 4369 Ἀλληλούΐα

295 4389 476 4444 λαϐὼν
497 4393 525 4443 6
562 4393 742 4463 ἱερεὺς
776 4392 808 4463 ἢ
839 4394 866 4445 ὁ
897 4393 1146 4458 διάκονος
1212 4395 1274 4449 τὸ
1316 4394 1587 4467 ἄχραντον
1632 4396 1882 4463 anm-

296 4480 431 4549 λιον,
457 4484 533 4549 ὡς
562 4486 790 4553 ἄγγελος
821 4487 1174 4550 ἀποσταλεὶς,
1212 4488 1350 4558 μετὰ
1381 4491 1478 4560 τῆς
1508 4489 1659 4552 θείας
1689 4488 1866 4542 κελεύ-

298 4591 437 4639 σεως
475 4576 765 4645 ἀνέρχεται
822 4579 902 4640 εἰς
960 4577 1051 4631 τὸν
1107 4577 1335 4647 ἀμϐιονα
1390 4579 1480 4631 καὶ
1542 4577 1745 4648 πληροί
1776 4576 1875 4648 τὴν

295 4663 873 4734 προφητείανΊΙσαΐου
906 4666 1005 4739 τὴν
1028 4667 1314 4736 λέγουσαν,
1344 4686 1363 4721 ι
1389 4668 1506 4722 Ἐπ’
1532 4667 1694 4739 ὅρους
1727 4669 1880 4723 πεδι-

2070 3379 2167 3434 18.-
2195 3378 2325 3432 Post
2376 3376 2730 3446 apostolicam
2792 3374 3102 3439 lectionem,
3162 3378 3313 3431 canit
3369 3380 3583 3433 David:

1990 3474 2239 3525 Alleluia.
2301 3468 2390 3534 Al,
2433 3468 2725 3539 signiﬁcat,
2768 3468 3055 3538 apparuit;
3118 3468 3205 3532 El,
3262 3471 3434 3534 Deus;
3473 3472 3584 3534 uia,

1991 3567 2235 3622 Laudate
2271 3567 2438 3621 Deum
2470 3566 2674 3619 vivum.
2713 3594 2782 3604 —
2811 3565 2893 3618 Ad
2947 3563 3193 3617 ultimum
3229 3561 3460 3615 Alleluia
3491 3577 3587 3615 au-

1991 3658 2168 3713 fertur
2228 3656 2511 3711 humerale
2560 3671 2589 3708 a
2659 3654 2916 3723 pontiﬁce
2973 3663 3031 3705 ut
3096 3651 3441 3706 manifestum
3495 3652 3589 3706 ﬁat

1989 3751 2157 3818 legem
2191 3747 2472 3814 adimpleri
2506 3757 2560 3800 et
2609 3760 2636 3797 a
2705 3745 2961 3814 pontiﬁce
3020 3759 3213 3797 novam
3271 3743 3582 3797 consecrari

1999 3840 2253 3910 gratiam.
2296 3837 2450 3904 Quod
2477 3852 2571 3907 per
2612 3835 2843 3889 Alleluia
2899 3844 3118 3889 cantum
3178 3851 3304 3889 cum
3360 3837 3585 3889 incenso

1991 3940 2240 3987 movetur
2304 3928 2690 3991 thuribulum,
2767 3927 2996 3998 gratiam
3089 3925 3326 3993 Spiritus
3407 3928 3581 3981 sanes}

1995 4023 2257 4092 apostolis
2286 4021 2541 4077 collatam
2571 4019 2864 4090 signiﬁcat,
2899 4036 3000 4086 qua
3037 4020 3264 4074 immissi
3318 4030 3449 4075 sunt
3483 4021 3586 4073 dis-

1986 4114 2150 4185 cipuli
2183 4123 2242 4168 ut
2266 4128 2459 4169 omnes
2488 4113 2711 4167 morbos
2743 4122 2797 4168 et
2824 4112 3106 4167 mollitiem
3146 4114 3198 4166 in
3231 4113 3393 4166 lsracl
3430 4114 3583 4168 tolle-

1987 4218 2130 4262 rent.
2188 4208 2312 4263 Post
2355 4205 2590 4259 Alleluia
2652 4215 2900 4262 sauctum
2958 4205 3310 4275 Erangclium
3356 4206 3583 4272 suscipit

1985 4301 2242 4357 sacerdos
2266 4301 2351 4356 vel
2381 4302 2672 4364 diaconus,
2706 4307 2760 4353 et
2810 4299 2951 4353 sicut
2987 4298 3213 4366 angelus
3253 4297 3462 4351 Domini
3501 4298 3583 4350 di-

1985 4396 2105 4449 vina
2136 4394 2422 4464 perﬁciens
2466 4393 2739 4454 mandata,
2800 4391 3144 4460 progreditur
3201 4391 3251 4443 in
3294 4388 3577 4443 amhoucm

1985 4499 2039 4544 et
2088 4475 2251 4543 hanc.
2280 4486 2622 4556 prophetiam
2673 4483 2826 4539 Isaiae
2872 4484 3134 4552 adimplet
3170 4500 3184 4537 :
3224 4502 3241 4534 ι
3296 4483 3348 4559 lu
3385 4481 3575 4535 collem

1986 4582 2167 4650 ponite
2227 4580 2442 4650 signum
2485 4578 2553 4632 “.
2586 4597 2604 4629 ι
2664 4575 2799 4632 Cum
2841 4578 3089 4632 fidelium
3172 4578 3330 4630 turba
3387 4593 3574 4629 tuanus

1983 4670 2247 4734 extendit,
2274 4668 2479 4739 gratias
2499 4668 2609 4723 Deo
2636 4684 2733 4737 pro
2759 4668 2995 4735 acceptis
3022 4669 3361 4728 ntirahililms
3389 4669 3574 4722 refert.

293 4756 383 4806 νοῦ
440 4755 607 4826 ἄρατε
654 4760 902 4826 σημεῖον.
932 4778 951 4809 ι
1001 4759 1066 4813 Ἢ
1102 4758 1326 4822 ἐκτασις
1370 4759 1481 4812 τῶν
1534 4759 1736 4831 χειρῶν
1777 4762 1870 4812 τοῦ

1999 4759 2118 4816 Sum
2152 4769 2387 4813 tremore
2423 4759 2617 4812 librqu
2670 4758 2843 4828 aperit
2893 4757 3150 4811 sacerdos
3208 4769 3261 4810 ct
3322 4759 3575 4811 mamlata

292 4845 532 4918 πλήθους
588 4850 828 4904 δείκνυσι
880 4851 980 4920 τὴν
1036 4854 1392 4923 εὐχαριστίαν
1436 4853 1512 4917 ὡς
1552 4853 1876 4920 ἀξιωθέντος

288 4939 549 4995 τοιούτων
609 4941 923 5013 θαυμάτων.
971 4945 1029 4998 Ὀ
1062 4945 1119 4997 δὲ
1172 4947 1350 5015 ἱερεὺς
1399 4934 1737 5001 ἀναπτύσσει
1775 4947 1875 5016 τὴν

289 5031 541 5085 κέλευσιν
604 5036 742 5102 μετά
795 5036 1019 5107 φρίκης,
1054 5037 1148 5090 καὶ
1187 5038 1515 5106 ἀναγγέλλει
1561 5039 1767 5111 ταύτην
1796 5039 1874 5108 τῷ

287 5122 429 5193 λαῷ·
466 5126 606 5196 μετά
660 5128 821 5199 σιγῆς
885 5129 1212 5200 ἱσταμένων,
1241 5131 1427 5196 καθὼς
1477 5133 1718 5203 Μωῦσῆς
1774 5134 1869 5186 καὶ

300 5211 488 5276 Ἠλίας
519 5216 615 5267 καὶ
646 5218 844 5285 πάντες
895 5220 946 5271 oi
996 5222 1296 5292 προφῆται,
1333 5221 1653 5293 ὁμιλοῦντος
1682 5225 1867 5289 αὐτοῖς

284 5303 379 5356 τοῦ
410 5305 568 5371 Θεοῦ,
593 5310 687 5360 καὶ
714 5312 825 5374 τοῖς
851 5311 1169 5377 ἀποστόλοις
1207 5314 1507 5384 λέγοντος,‹
1533 5314 1674 5382 Ἐγώ
1705 5318 1821 5388 εἰμι
1843 5321 1870 5371 ὁ

285 5397 531 5467 ποιμὴνὸ
562 5398 742 5462 καλὸς.
774 5420 792 5451 ι
816 5402 971 5455 Μετά
996 5402 1161 5473 δὲτὴν
1191 5406 1498 5474 ἀνάγνωσιν
1530 5408 1736 5472 πτύξας
1770 5409 1869 5461 αύ-

284 5488 384 5560 τὴν
438 5491 466 5542 ὁ
509 5491 798 5560 ἀναγνοὺς,
855 5496 1181 5566 μετέρχεται
1207 5498 1381 5562 διδοὺς
1435 5502 1602 5553 πᾶσιν
1628 5500 1704 5563 ὡς
1730 5504 1868 5564 υἱοῖς

264 5578 626 5644 ’ἀσπάζεσθαι
682 5583 979 5651 αὑτήν.Τὸ
1035 5584 1374 5655 Εὐαγγέλιόν
1401 5591 1523 5642 ἐστι
1573 5592 1870 5663 μηνυτικον

283 5669 384 5741 τῆς
426 5675 734 5743 παρουσίας
790 5677 1027 5744 Χριστοῦ
1091 5678 1223 5734 Υίοῦ
1267 5681 1360 5735 τοῦ
1414 5683 1573 5747 Θεοῦ,
1630 5684 1752 5737 καθ’
1805 5687 1870 5756 ἣν

389 5857 507 5889 ²¹·³²
538 5856 640 5915 isa.
665 5876 739 5925 ιχ,
764 5861 817 5918 6.
900 5863 943 5895 ⁸³
978 5862 1160 5917 Matth.
1187 5880 1260 5929 tv,
1294 5864 1374 5916 i9-

1986 4851 2180 4922 pOpulo
2226 4849 2449 4914 effatur;
2505 4865 2625 4905 cum
2664 4850 2884 4905 silentio
2939 4860 3083 4905 astat
3116 4849 3573 4911 ﬁdeliumcwtus,

1985 4946 2438 5015 quemadmodum
2473 4944 2706 5014 Moyses,
2751 4944 2901 4999 Elias
2942 4954 2996 4999 et
3030 4945 3306 5013 prophetae
3363 4958 3574 5003 nmnrs,

1985 5053 2106 5092 cum
2140 5037 2453 5106 loqueretur
2490 5038 2628 5092 Deus
2655 5037 2721 5092 ad
2746 5038 2869 5092 illos
2893 5047 2945 5090 et
2979 5039 3188 5091 diceret
3223 5035 3328 5088 illis
3359 5052 3372 5088 :
3414 5049 3432 5083 ι
3464 5031 3573 5101 Ego

1978 5147 2095 5185 sum
2141 5133 2311 5186 bonus
2334 5133 2604 5201 pastor".
2642 5151 2661 5182 ›
2715 5132 2972 5186 Lectione
3033 5129 3323 5198 completa,
3376 5125 3571 5180 librum

1978 5231 2227 5276 sanctum
2258 5222 2463 5276 claudit
2495 5223 2663 5277 lector
2690 5233 2742 5277 ct
2787 5222 3041 5275 ontnihus
3075 5220 3314 5273 lilialiter
3335 5218 3565 5272 deoscu-

1981 5314 2196 5366 landum
2224 5314 2394 5368 defert
2428 5333 2440 5367 :
2473 5314 2826 5383 Erangelium
2862 5314 3005 5365 enim
3042 5322 3448 5366 monumentum
3489 5324 3569 5368 est

1982 5408 2282 5475 praesentia:
2311 5406 2512 5462 Christi
2541 5407 2659 5460 Filii
2690 5408 2804 5469 Dei,
2837 5424 2943 5475 quo
2972 5421 3075 5459 non
3112 5406 3160 5458 in
3192 5405 3571 5474 mulgmatihus

1978 5501 2069 5553 sed
2091 5501 2308 5553 realitcr
2324 5501 2574 5568 apparuit
2592 5499 2743 5551 nobis
2762 5515 2776 5562 ;
2793 5499 2948 5551 docet
2973 5498 3132 5552 verba
3158 5506 3213 5551 et
3241 5482 3389 5567 gesta
3410 5496 3570 5551 Chri-

1979 5598 2068 5655 sti,
2091 5593 2206 5661 ejus
2237 5595 2303 5645 ad
2340 5608 2439 5647 nes
2462 5593 2737 5656 mandata,
2780 5592 3111 5660 passionem,
3155 5587 3487 5660 sepulturam
3517 5604 3571 5646 ct

1982 5686 2468 5750 resurrectionem;
2494 5686 2559 5739 de
2575 5682 2851 5738 miraculis
2871 5698 3000 5739 vero
3019 5684 3222 5741 Christi
3249 5700 3416 5756 pauca
3432 5688 3569 5753 scri-

1456 5862 1498 5894 "‘
1533 5862 1632 5915 Isa.
1664 5878 1786 5927 xm,
1818 5856 1875 5914 Ξῖ
1936 5856 2155 5919 "Joan.
2189 5882 2240 5933 χ,
2274 5868 2351 5919 Η.
