  <div class='ocr_page' id='page_1' title='image "/cluster/home/n/w/nwhite01/storage/ocr_20150623/87 pt.3 1965/mdp.39015012172931/646.png"; bbox 0 0 3986 6236; ppageno 0'>
   <div class='ocr_carea' id='block_1_1' title="bbox 380 316 511 382">
    <p class='ocr_par' dir='ltr' id='par_1_1' title="bbox 380 316 511 382">
     <span class='ocr_line' id='line_1_1' title="bbox 380 316 511 382; baseline 0.023 -3"><span class='ocrx_word' id='word_1_1' title='bbox 380 316 511 382; x_wconf 69' lang='grc'><strong>4001</strong></span> 
     </span>
    </p>
   </div>
   <div class='ocr_carea' id='block_1_2' title="bbox 1440 320 2576 384">
    <p class='ocr_par' dir='ltr' id='par_1_2' title="bbox 1440 320 2576 384">
     <span class='ocr_line' id='line_1_2' title="bbox 1440 320 2576 384; baseline 0.002 -5"><span class='ocrx_word' id='word_1_2' title='bbox 1440 320 2048 383; x_wconf 66' lang='lat' dir='ltr'><strong>COMMENTARIUS</strong></span> <span class='ocrx_word' id='word_1_3' title='bbox 2089 324 2576 384; x_wconf 70' lang='lat' dir='ltr'><strong>LITURGICUS.</strong></span> 
     </span>
    </p>
   </div>
   <div class='ocr_carea' id='block_1_3' title="bbox 3511 322 3655 384">
    <p class='ocr_par' dir='ltr' id='par_1_3' title="bbox 3511 322 3655 384">
     <span class='ocr_line' id='line_1_3' title="bbox 3511 322 3655 384; baseline 0.007 -1"><span class='ocrx_word' id='word_1_4' title='bbox 3511 322 3655 384; x_wconf 48' lang='lat'><strong>“02</strong></span> 
     </span>
    </p>
   </div>
   <div class='ocr_carea' id='block_1_4' title="bbox 378 422 1961 503">
    <p class='ocr_par' dir='ltr' id='par_1_4' title="bbox 378 422 1961 502">
     <span class='ocr_line' id='line_1_4' title="bbox 378 422 1961 502; baseline 0.001 -18"><span class='ocrx_word' id='word_1_5' title='bbox 378 432 429 484; x_wconf 73' lang='grc' dir='ltr'>δὲ</span> <span class='ocrx_word' id='word_1_6' title='bbox 459 430 779 501; x_wconf 76' lang='grc' dir='ltr'>χερουϐικδς</span> <span class='ocrx_word' id='word_1_7' title='bbox 806 430 974 502; x_wconf 82' lang='grc' dir='ltr'>ῦμνος</span> <span class='ocrx_word' id='word_1_8' title='bbox 1003 422 1452 500; x_wconf 69' lang='grc' dir='ltr'>παρακελεύεται</span> <span class='ocrx_word' id='word_1_9' title='bbox 1486 433 1696 494; x_wconf 81' lang='grc' dir='ltr'><strong>πάντας</strong></span> <span class='ocrx_word' id='word_1_10' title='bbox 1719 431 1961 485; x_wconf 54' lang='grc' dir='ltr'>ἐντεῦθεν</span> 
     </span>
    </p>
   </div>
   <div class='ocr_carea' id='block_1_5' title="bbox 2065 422 3651 503">
    <p class='ocr_par' dir='ltr' id='par_1_5' title="bbox 2076 428 3651 503">
     <span class='ocr_line' id='line_1_5' title="bbox 2076 428 3651 503; baseline -0.001 -15"><span class='ocrx_word' id='word_1_11' title='bbox 2076 438 2265 502; x_wconf 84' lang='lat' dir='ltr'><strong>menti,</strong></span> <span class='ocrx_word' id='word_1_12' title='bbox 2296 446 2570 490; x_wconf 83' lang='lat' dir='ltr'><strong>terrenam</strong></span> <span class='ocrx_word' id='word_1_13' title='bbox 2597 428 2864 501; x_wconf 77' lang='lat' dir='ltr'><strong>abjiciant</strong></span> <span class='ocrx_word' id='word_1_14' title='bbox 2894 434 3331 499; x_wconf 74' lang='lat' dir='ltr'><strong>sollicitudinem,</strong></span> <span class='ocrx_word' id='word_1_15' title='bbox 3357 436 3508 503; x_wconf 87' lang='lat' dir='ltr'><strong>quasi</strong></span> <span class='ocrx_word' id='word_1_16' title='bbox 3537 455 3651 487; x_wconf 84' lang='lat' dir='ltr'><strong>ma-</strong></span> 
     </span>
    </p>
   </div>
   <div class='ocr_carea' id='block_1_6' title="bbox 375 521 1960 593">
    <p class='ocr_par' dir='ltr' id='par_1_6' title="bbox 375 521 1960 593">
     <span class='ocr_line' id='line_1_6' title="bbox 375 521 1960 593; baseline 0 -18"><span class='ocrx_word' id='word_1_17' title='bbox 375 523 469 575; x_wconf 75' lang='grc' dir='ltr'>καὶ</span> <span class='ocrx_word' id='word_1_18' title='bbox 506 522 667 593; x_wconf 86' lang='grc' dir='ltr'>μέχρι</span> <span class='ocrx_word' id='word_1_19' title='bbox 700 522 793 575; x_wconf 87' lang='grc' dir='ltr'><strong>τοῦ</strong></span> <span class='ocrx_word' id='word_1_20' title='bbox 825 521 1010 585; x_wconf 80' lang='grc' dir='ltr'><strong>τέλους</strong></span> <span class='ocrx_word' id='word_1_21' title='bbox 1041 521 1139 591; x_wconf 83' lang='grc' dir='ltr'>τῆς</span> <span class='ocrx_word' id='word_1_22' title='bbox 1174 522 1492 591; x_wconf 75' lang='grc' dir='ltr'>ἱερουργίας</span> <span class='ocrx_word' id='word_1_23' title='bbox 1519 522 1960 592; x_wconf 80' lang='grc' dir='ltr'>προσεκτικώτε-</span> 
     </span>
    </p>
   </div>
   <div class='ocr_carea' id='block_1_7' title="bbox 374 609 1962 684">
    <p class='ocr_par' dir='ltr' id='par_1_7' title="bbox 374 609 1962 684">
     <span class='ocr_line' id='line_1_7' title="bbox 374 609 1962 684; baseline 0.001 -19"><span class='ocrx_word' id='word_1_24' title='bbox 374 630 469 684; x_wconf 87' lang='grc' dir='ltr'><strong>ρον</strong></span> <span class='ocrx_word' id='word_1_25' title='bbox 502 613 648 683; x_wconf 75' lang='grc' dir='ltr'>ἔχειν</span> <span class='ocrx_word' id='word_1_26' title='bbox 683 615 775 667; x_wconf 72' lang='grc' dir='ltr'>τὸν</span> <span class='ocrx_word' id='word_1_27' title='bbox 804 614 949 676; x_wconf 83' lang='grc' dir='ltr'><strong>νοῦν,</strong></span> <span class='ocrx_word' id='word_1_28' title='bbox 980 615 1161 666; x_wconf 82' lang='grc' dir='ltr'>πᾶσαν</span> <span class='ocrx_word' id='word_1_29' title='bbox 1195 609 1460 683; x_wconf 76' lang='grc' dir='ltr'>βιωτικὴν</span> <span class='ocrx_word' id='word_1_30' title='bbox 1510 613 1786 684; x_wconf 85' lang='grc' dir='ltr'>μέριμναν</span> <span class='ocrx_word' id='word_1_31' title='bbox 1811 614 1962 667; x_wconf 83' lang='grc' dir='ltr'>κάτω</span> 
     </span>
    </p>
   </div>
   <div class='ocr_carea' id='block_1_8' title="bbox 373 704 1960 776">
    <p class='ocr_par' dir='ltr' id='par_1_8' title="bbox 373 704 1960 776">
     <span class='ocr_line' id='line_1_8' title="bbox 373 704 1960 776; baseline 0 -18"><span class='ocrx_word' id='word_1_32' title='bbox 373 706 628 773; x_wconf 81' lang='grc' dir='ltr'>ἀφέντες,</span> <span class='ocrx_word' id='word_1_33' title='bbox 654 704 731 768; x_wconf 83' lang='grc' dir='ltr'>ὡς</span> <span class='ocrx_word' id='word_1_34' title='bbox 767 704 992 775; x_wconf 84' lang='grc' dir='ltr'>βασιλέα</span> <span class='ocrx_word' id='word_1_35' title='bbox 1049 704 1336 774; x_wconf 82' lang='grc' dir='ltr'><strong>μέλλοντες</strong></span> <span class='ocrx_word' id='word_1_36' title='bbox 1380 704 1553 774; x_wconf 86' lang='grc' dir='ltr'>μέγαν</span> <span class='ocrx_word' id='word_1_37' title='bbox 1599 705 1960 776; x_wconf 78' lang='grc' dir='ltr'>ὑποδέχεσθαι</span> 
     </span>
    </p>
   </div>
   <div class='ocr_carea' id='block_1_9' title="bbox 373 796 1960 868">
    <p class='ocr_par' dir='ltr' id='par_1_9' title="bbox 373 796 1960 868">
     <span class='ocr_line' id='line_1_9' title="bbox 373 796 1960 868; baseline 0.001 -18"><span class='ocrx_word' id='word_1_38' title='bbox 373 799 462 851; x_wconf 82' lang='grc' dir='ltr'>διὰ</span> <span class='ocrx_word' id='word_1_39' title='bbox 516 798 877 868; x_wconf 65' lang='grc' dir='ltr'>μεταλήψεως</span> <span class='ocrx_word' id='word_1_40' title='bbox 909 796 1003 849; x_wconf 88' lang='grc' dir='ltr'><strong>τοῦ</strong></span> <span class='ocrx_word' id='word_1_41' title='bbox 1037 797 1193 865; x_wconf 86' lang='grc' dir='ltr'>ἁγίου</span> <span class='ocrx_word' id='word_1_42' title='bbox 1249 798 1507 867; x_wconf 84' lang='grc' dir='ltr'>σώματος</span> <span class='ocrx_word' id='word_1_43' title='bbox 1556 797 1745 851; x_wconf 85' lang='grc' dir='ltr'>αὑτοῦ.</span> <span class='ocrx_word' id='word_1_44' title='bbox 1779 796 1872 852; x_wconf 83' lang='grc' dir='ltr'><strong>Ἐν</strong></span> <span class='ocrx_word' id='word_1_45' title='bbox 1902 798 1960 851; x_wconf 81' lang='grc' dir='ltr'>δὲ</span> 
     </span>
    </p>
   </div>
   <div class='ocr_carea' id='block_1_10' title="bbox 376 889 1957 961">
    <p class='ocr_par' dir='ltr' id='par_1_10' title="bbox 376 889 1957 961">
     <span class='ocr_line' id='line_1_10' title="bbox 376 889 1957 961; baseline -0.001 -17"><span class='ocrx_word' id='word_1_46' title='bbox 376 890 451 960; x_wconf 83' lang='grc' dir='ltr'><strong>τῷ</strong></span> <span class='ocrx_word' id='word_1_47' title='bbox 482 891 664 958; x_wconf 86' lang='grc' dir='ltr'>λέγειν</span> <span class='ocrx_word' id='word_1_48' title='bbox 688 891 810 955; x_wconf 76' lang='grc' dir='ltr'>τοὺς</span> <span class='ocrx_word' id='word_1_49' title='bbox 835 891 1046 961; x_wconf 77' lang='grc' dir='ltr'>ψάλτας</span> <span class='ocrx_word' id='word_1_50' title='bbox 1068 890 1159 944; x_wconf 76' lang='grc' dir='ltr'><strong>τὸν</strong></span> <span class='ocrx_word' id='word_1_51' title='bbox 1186 890 1346 944; x_wconf 70' lang='grc' dir='ltr'>αὑτὸν</span> <span class='ocrx_word' id='word_1_52' title='bbox 1373 889 1544 959; x_wconf 72' lang='grc' dir='ltr'>ὕμνον</span> <span class='ocrx_word' id='word_1_53' title='bbox 1575 891 1695 960; x_wconf 76' lang='grc' dir='ltr'>ἅμα</span> <span class='ocrx_word' id='word_1_54' title='bbox 1716 889 1793 961; x_wconf 79' lang='grc' dir='ltr'>τῷ</span> <span class='ocrx_word' id='word_1_55' title='bbox 1822 890 1957 961; x_wconf 82' lang='grc' dir='ltr'>λαῷ,</span> 
     </span>
    </p>
   </div>
   <div class='ocr_carea' id='block_1_11' title="bbox 376 983 641 1052">
    <p class='ocr_par' dir='ltr' id='par_1_11' title="bbox 376 983 641 1052">
     <span class='ocr_line' id='line_1_11' title="bbox 376 983 641 1052; baseline 0.008 -18"><span class='ocrx_word' id='word_1_56' title='bbox 376 983 641 1052; x_wconf 68' lang='grc' dir='ltr'>ὑψίστοις.</span> 
     </span>
    </p>
   </div>
   <div class='ocr_carea' id='block_1_12' title="bbox 445 1065 1961 1145">
    <p class='ocr_par' dir='ltr' id='par_1_12' title="bbox 445 1065 1961 1145">
     <span class='ocr_line' id='line_1_12' title="bbox 445 1065 1961 1145; baseline 0.002 -19"><span class='ocrx_word' id='word_1_57' title='bbox 445 1071 551 1126; x_wconf 82' lang='grc' dir='ltr'>κα’.</span> <span class='ocrx_word' id='word_1_58' title='bbox 593 1073 667 1126; x_wconf 84' lang='grc' dir='ltr'>Τὸ</span> <span class='ocrx_word' id='word_1_59' title='bbox 697 1073 1124 1144; x_wconf 85' lang='grc' dir='ltr'>σκευοφυλάκιον</span> <span class='ocrx_word' id='word_1_60' title='bbox 1152 1075 1210 1127; x_wconf 85' lang='grc' dir='ltr'>ὲν</span> <span class='ocrx_word' id='word_1_61' title='bbox 1238 1065 1281 1140; x_wconf 82' lang='grc' dir='ltr'>ᾧ</span> <span class='ocrx_word' id='word_1_62' title='bbox 1303 1072 1513 1141; x_wconf 84' lang='grc' dir='ltr'>γίνεται</span> <span class='ocrx_word' id='word_1_63' title='bbox 1539 1076 1572 1145; x_wconf 81' lang='grc' dir='ltr'>ή</span> <span class='ocrx_word' id='word_1_64' title='bbox 1598 1075 1961 1145; x_wconf 81' lang='grc' dir='ltr'>προσκομιδὴ,</span> 
     </span>
    </p>
   </div>
   <div class='ocr_carea' id='block_1_13' title="bbox 375 1163 2005 1237">
    <p class='ocr_par' dir='ltr' id='par_1_13' title="bbox 375 1163 2005 1237">
     <span class='ocr_line' id='line_1_13' title="bbox 375 1163 2005 1237; baseline 0 -20"><span class='ocrx_word' id='word_1_65' title='bbox 375 1164 630 1235; x_wconf 77' lang='grc' dir='ltr'>ἐμφαίνει</span> <span class='ocrx_word' id='word_1_66' title='bbox 653 1164 743 1217; x_wconf 67' lang='grc' dir='ltr'><strong>τον</strong></span> <span class='ocrx_word' id='word_1_67' title='bbox 776 1164 872 1219; x_wconf 91' lang='grc' dir='ltr'><strong>τοῦ</strong></span> <span class='ocrx_word' id='word_1_68' title='bbox 910 1165 1148 1236; x_wconf 84' lang='grc' dir='ltr'>Κρανίου</span> <span class='ocrx_word' id='word_1_69' title='bbox 1177 1168 1360 1229; x_wconf 77' lang='grc' dir='ltr'>τύπον,</span> <span class='ocrx_word' id='word_1_70' title='bbox 1391 1163 1574 1229; x_wconf 84' lang='grc' dir='ltr'>καθὼς</span> <span class='ocrx_word' id='word_1_71' title='bbox 1602 1165 1962 1237; x_wconf 85' lang='grc' dir='ltr'>προετυπώθη</span> <span class='ocrx_word' id='word_1_72' title='bbox 1999 1229 2005 1235; x_wconf 35' lang='grc'><strong>·</strong></span> 
     </span>
    </p>
   </div>
   <div class='ocr_carea' id='block_1_14' title="bbox 372 1255 1964 1327">
    <p class='ocr_par' dir='ltr' id='par_1_14' title="bbox 372 1255 1964 1327">
     <span class='ocr_line' id='line_1_14' title="bbox 372 1255 1964 1327; baseline 0.001 -18"><span class='ocrx_word' id='word_1_73' title='bbox 372 1255 451 1326; x_wconf 84' lang='grc' dir='ltr'><strong>τῷ</strong></span> <span class='ocrx_word' id='word_1_74' title='bbox 494 1255 746 1325; x_wconf 71' lang='grc' dir='ltr'>Ἀϐραὰμ</span> <span class='ocrx_word' id='word_1_75' title='bbox 771 1256 859 1309; x_wconf 86' lang='grc' dir='ltr'>ὅτε</span> <span class='ocrx_word' id='word_1_76' title='bbox 887 1256 1171 1321; x_wconf 72' lang='grc' dir='ltr'>ὲςτοίϐαζε</span> <span class='ocrx_word' id='word_1_77' title='bbox 1211 1257 1281 1310; x_wconf 76' lang='grc' dir='ltr'>τὰ</span> <span class='ocrx_word' id='word_1_78' title='bbox 1325 1257 1478 1325; x_wconf 82' lang='grc' dir='ltr'>ξύλα,</span> <span class='ocrx_word' id='word_1_79' title='bbox 1520 1258 1616 1310; x_wconf 74' lang='grc' dir='ltr'>καὶ</span> <span class='ocrx_word' id='word_1_80' title='bbox 1677 1256 1841 1327; x_wconf 79' lang='grc' dir='ltr'>ἔθηκε</span> <span class='ocrx_word' id='word_1_81' title='bbox 1872 1258 1964 1311; x_wconf 76' lang='grc' dir='ltr'>τὸν</span> 
     </span>
    </p>
   </div>
   <div class='ocr_carea' id='block_1_15' title="bbox 375 1347 1960 1420">
    <p class='ocr_par' dir='ltr' id='par_1_15' title="bbox 375 1347 1960 1420">
     <span class='ocr_line' id='line_1_15' title="bbox 375 1347 1960 1420; baseline 0 -19"><span class='ocrx_word' id='word_1_82' title='bbox 375 1350 511 1412; x_wconf 73' lang='grc' dir='ltr'>υἱὸν,</span> <span class='ocrx_word' id='word_1_83' title='bbox 542 1347 639 1407; x_wconf 70' lang='grc' dir='ltr'>καὶ</span> <span class='ocrx_word' id='word_1_84' title='bbox 672 1348 941 1419; x_wconf 82' lang='grc' dir='ltr'>ἀνήνεγκε</span> <span class='ocrx_word' id='word_1_85' title='bbox 972 1348 1063 1401; x_wconf 79' lang='grc' dir='ltr'><strong>τὸν</strong></span> <span class='ocrx_word' id='word_1_86' title='bbox 1090 1349 1267 1417; x_wconf 87' lang='grc' dir='ltr'>κριόν.</span> <span class='ocrx_word' id='word_1_87' title='bbox 1302 1348 1510 1420; x_wconf 83' lang='grc' dir='ltr'>Ἰερεὺς</span> <span class='ocrx_word' id='word_1_88' title='bbox 1541 1348 1701 1419; x_wconf 82' lang='grc' dir='ltr'>μόνος</span> <span class='ocrx_word' id='word_1_89' title='bbox 1733 1348 1960 1418; x_wconf 83' lang='grc' dir='ltr'>ἱστάμε-</span> 
     </span>
    </p>
   </div>
   <div class='ocr_carea' id='block_1_16' title="bbox 375 1438 1962 1512">
    <p class='ocr_par' dir='ltr' id='par_1_16' title="bbox 375 1438 1962 1512">
     <span class='ocr_line' id='line_1_16' title="bbox 375 1438 1962 1512; baseline 0.002 -20"><span class='ocrx_word' id='word_1_90' title='bbox 375 1457 466 1503; x_wconf 85' lang='grc' dir='ltr'>νος</span> <span class='ocrx_word' id='word_1_91' title='bbox 494 1442 551 1492; x_wconf 82' lang='grc' dir='ltr'>ὲν</span> <span class='ocrx_word' id='word_1_92' title='bbox 579 1438 658 1509; x_wconf 85' lang='grc' dir='ltr'>τῷ</span> <span class='ocrx_word' id='word_1_93' title='bbox 684 1439 797 1508; x_wconf 86' lang='grc' dir='ltr'>ναῷ</span> <span class='ocrx_word' id='word_1_94' title='bbox 823 1439 917 1492; x_wconf 86' lang='grc' dir='ltr'><strong>τοῦ</strong></span> <span class='ocrx_word' id='word_1_95' title='bbox 948 1439 1272 1510; x_wconf 78' lang='grc' dir='ltr'>χερουὸικοῦ</span> <span class='ocrx_word' id='word_1_96' title='bbox 1293 1438 1462 1505; x_wconf 82' lang='grc' dir='ltr'>ὕμνου</span> <span class='ocrx_word' id='word_1_97' title='bbox 1484 1440 1962 1512; x_wconf 79' lang='grc' dir='ltr'>ᾀδομένου,τύπον</span> 
     </span>
    </p>
   </div>
   <div class='ocr_carea' id='block_1_17' title="bbox 376 1530 1963 1605">
    <p class='ocr_par' dir='ltr' id='par_1_17' title="bbox 376 1530 1963 1605">
     <span class='ocr_line' id='line_1_17' title="bbox 376 1530 1963 1605; baseline 0.003 -22"><span class='ocrx_word' id='word_1_98' title='bbox 376 1531 612 1584; x_wconf 76' lang='grc' dir='ltr'>δεικνύει</span> <span class='ocrx_word' id='word_1_99' title='bbox 649 1530 743 1585; x_wconf 91' lang='grc' dir='ltr'><strong>τοῦ</strong></span> <span class='ocrx_word' id='word_1_100' title='bbox 776 1533 991 1603; x_wconf 85' lang='grc' dir='ltr'>Πατρὸς</span> <span class='ocrx_word' id='word_1_101' title='bbox 1018 1532 1377 1603; x_wconf 77' lang='grc' dir='ltr'>ἐκδεχομένου</span> <span class='ocrx_word' id='word_1_102' title='bbox 1414 1533 1512 1605; x_wconf 81' lang='grc' dir='ltr'>τὴν</span> <span class='ocrx_word' id='word_1_103' title='bbox 1541 1533 1800 1587; x_wconf 72' lang='grc' dir='ltr'>τοῦιΥίοῦ</span> <span class='ocrx_word' id='word_1_104' title='bbox 1829 1551 1963 1605; x_wconf 87' lang='grc' dir='ltr'>προ-</span> 
     </span>
    </p>
   </div>
   <div class='ocr_carea' id='block_1_18' title="bbox 375 1621 1958 1698">
    <p class='ocr_par' dir='ltr' id='par_1_18' title="bbox 375 1621 1958 1698">
     <span class='ocr_line' id='line_1_18' title="bbox 375 1621 1958 1698; baseline 0.004 -25"><span class='ocrx_word' id='word_1_105' title='bbox 375 1621 609 1676; x_wconf 87' lang='grc' dir='ltr'>έλευσιν.</span> <span class='ocrx_word' id='word_1_106' title='bbox 662 1623 742 1676; x_wconf 75' lang='grc' dir='ltr'><strong>Τὰ</strong></span> <span class='ocrx_word' id='word_1_107' title='bbox 782 1624 995 1693; x_wconf 81' lang='grc' dir='ltr'>ριπίδια</span> <span class='ocrx_word' id='word_1_108' title='bbox 1052 1623 1133 1686; x_wconf 84' lang='grc' dir='ltr'><strong>είς</strong></span> <span class='ocrx_word' id='word_1_109' title='bbox 1175 1625 1339 1676; x_wconf 84' lang='grc' dir='ltr'>τόπον</span> <span class='ocrx_word' id='word_1_110' title='bbox 1382 1624 1489 1677; x_wconf 91' lang='grc' dir='ltr'><strong>τῶν</strong></span> <span class='ocrx_word' id='word_1_111' title='bbox 1544 1627 1827 1698; x_wconf 76' lang='grc' dir='ltr'>Χερουϐὶμ</span> <span class='ocrx_word' id='word_1_112' title='bbox 1865 1627 1958 1680; x_wconf 76' lang='grc' dir='ltr'><strong>καὶ</strong></span> 
     </span>
    </p>
   </div>
   <div class='ocr_carea' id='block_1_19' title="bbox 2067 525 3652 598">
    <p class='ocr_par' dir='ltr' id='par_1_19' title="bbox 2067 525 3652 598">
     <span class='ocr_line' id='line_1_19' title="bbox 2067 525 3652 598; baseline -0.002 -17"><span class='ocrx_word' id='word_1_113' title='bbox 2067 545 2230 598; x_wconf 76' lang='lat' dir='ltr'><strong>gnum</strong></span> <span class='ocrx_word' id='word_1_114' title='bbox 2272 528 2599 597; x_wconf 82' lang='lat' dir='ltr'><strong>recipientes</strong></span> <span class='ocrx_word' id='word_1_115' title='bbox 2645 542 2828 597; x_wconf 63' lang='lat' dir='ltr'><strong>regem</strong></span> <span class='ocrx_word' id='word_1_116' title='bbox 2875 543 2971 595; x_wconf 84' lang='lat' dir='ltr'><strong>per</strong></span> <span class='ocrx_word' id='word_1_117' title='bbox 3013 525 3342 581; x_wconf 80' lang='lat' dir='ltr'><strong>sanctissimi</strong></span> <span class='ocrx_word' id='word_1_118' title='bbox 3402 528 3652 594; x_wconf 80' lang='lat' dir='ltr'><strong>corporis</strong></span> 
     </span>
    </p>
   </div>
   <div class='ocr_carea' id='block_1_20' title="bbox 2067 618 3652 689">
    <p class='ocr_par' dir='ltr' id='par_1_20' title="bbox 2067 618 3652 689">
     <span class='ocr_line' id='line_1_20' title="bbox 2067 618 3652 689; baseline -0.002 -16"><span class='ocrx_word' id='word_1_119' title='bbox 2067 619 2183 688; x_wconf 87' lang='lat' dir='ltr'><strong>ejus</strong></span> <span class='ocrx_word' id='word_1_120' title='bbox 2207 621 2701 689; x_wconf 76' lang='lat' dir='ltr'><strong>participationem.</strong></span> <span class='ocrx_word' id='word_1_121' title='bbox 2746 618 2883 673; x_wconf 87' lang='lat' dir='ltr'><strong>Dum</strong></span> <span class='ocrx_word' id='word_1_122' title='bbox 2917 627 3226 673; x_wconf 86' lang='lat' dir='ltr'><strong>cantatores</strong></span> <span class='ocrx_word' id='word_1_123' title='bbox 3269 633 3389 671; x_wconf 90' lang='lat' dir='ltr'><strong>cum</strong></span> <span class='ocrx_word' id='word_1_124' title='bbox 3454 618 3652 688; x_wconf 83' lang='lat' dir='ltr'><strong>popqu</strong></span> 
     </span>
    </p>
   </div>
   <div class='ocr_carea' id='block_1_21' title="bbox 2067 708 3649 783">
    <p class='ocr_par' dir='ltr' id='par_1_21' title="bbox 2067 708 3649 783">
     <span class='ocr_line' id='line_1_21' title="bbox 2067 708 3649 783; baseline 0 -20"><span class='ocrx_word' id='word_1_125' title='bbox 2067 711 2315 783; x_wconf 85' lang='lat' dir='ltr'><strong>eumdem</strong></span> <span class='ocrx_word' id='word_1_126' title='bbox 2374 719 2578 765; x_wconf 85' lang='lat' dir='ltr'><strong>canunt</strong></span> <span class='ocrx_word' id='word_1_127' title='bbox 2613 710 2907 777; x_wconf 84' lang='lat' dir='ltr'><strong>canticum,</strong></span> <span class='ocrx_word' id='word_1_128' title='bbox 2960 711 3372 764; x_wconf 68' lang='lat' dir='ltr'><strong>demonstratur</strong></span> <span class='ocrx_word' id='word_1_129' title='bbox 3429 708 3649 777; x_wconf 80' lang='lat' dir='ltr'><strong>angelos</strong></span> 
     </span>
    </p>
   </div>
   <div class='ocr_carea' id='block_1_22' title="bbox 2070 802 2726 857">
    <p class='ocr_par' dir='ltr' id='par_1_22' title="bbox 2070 802 2726 857">
     <span class='ocr_line' id='line_1_22' title="bbox 2070 802 2726 857; baseline 0.005 -4"><span class='ocrx_word' id='word_1_130' title='bbox 2070 802 2121 853; x_wconf 93' lang='lat' dir='ltr'><strong>in</strong></span> <span class='ocrx_word' id='word_1_131' title='bbox 2152 802 2384 857; x_wconf 82' lang='lat' dir='ltr'><strong>excelsis</strong></span> <span class='ocrx_word' id='word_1_132' title='bbox 2414 803 2726 857; x_wconf 79' lang='lat' dir='ltr'><strong>concinere.</strong></span> 
     </span>
    </p>
   </div>
   <div class='ocr_carea' id='block_1_23' title="bbox 2004 890 3649 964">
    <p class='ocr_par' dir='ltr' id='par_1_23' title="bbox 2004 890 3649 964">
     <span class='ocr_line' id='line_1_23' title="bbox 2004 890 3649 964; baseline -0.003 -18"><span class='ocrx_word' id='word_1_133' title='bbox 2004 894 2331 964; x_wconf 85' lang='grc' dir='ltr'>σημαίνεται</span> <span class='ocrx_word' id='word_1_134' title='bbox 2372 896 2452 949; x_wconf 81' lang='grc' dir='ltr'><strong>ὅτι</strong></span> <span class='ocrx_word' id='word_1_135' title='bbox 2513 895 2687 948; x_wconf 83' lang='grc' dir='ltr'>κα.ὶοὶ</span> <span class='ocrx_word' id='word_1_136' title='bbox 2744 893 2966 963; x_wconf 85' lang='grc' dir='ltr'>ἄγγελοι</span> <span class='ocrx_word' id='word_1_137' title='bbox 3030 890 3501 961; x_wconf 65' lang='grc' dir='ltr'>συνψάλλουσινὲν</span> <span class='ocrx_word' id='word_1_138' title='bbox 3536 890 3649 951; x_wconf 87' lang='grc' dir='ltr'>τοῖς</span> 
     </span>
    </p>
   </div>
   <div class='ocr_carea' id='block_1_24' title="bbox 2142 1071 3646 1145">
    <p class='ocr_par' dir='ltr' id='par_1_24' title="bbox 2142 1071 3646 1145">
     <span class='ocr_line' id='line_1_24' title="bbox 2142 1071 3646 1145; baseline 0.002 -18"><span class='ocrx_word' id='word_1_139' title='bbox 2142 1074 2229 1127; x_wconf 72' lang='lat' dir='ltr'><strong>2t.</strong></span> <span class='ocrx_word' id='word_1_140' title='bbox 2262 1074 2567 1145; x_wconf 81' lang='lat' dir='ltr'><strong>Apparatus</strong></span> <span class='ocrx_word' id='word_1_141' title='bbox 2600 1087 2707 1144; x_wconf 90' lang='lat' dir='ltr'><strong>quo</strong></span> <span class='ocrx_word' id='word_1_142' title='bbox 2768 1072 3049 1142; x_wconf 77' lang='lat' dir='ltr'><strong>perficitur</strong></span> <span class='ocrx_word' id='word_1_143' title='bbox 3092 1071 3420 1127; x_wconf 79' lang='lat' dir='ltr'><strong>sacrificium</strong></span> <span class='ocrx_word' id='word_1_144' title='bbox 3453 1088 3646 1143; x_wconf 60' lang='lat' dir='ltr'><strong>reprcu-</strong></span> 
     </span>
    </p>
   </div>
   <div class='ocr_carea' id='block_1_25' title="bbox 2073 1163 3647 1235">
    <p class='ocr_par' dir='ltr' id='par_1_25' title="bbox 2073 1163 3647 1235">
     <span class='ocr_line' id='line_1_25' title="bbox 2073 1163 3647 1235; baseline -0.001 -15"><span class='ocrx_word' id='word_1_145' title='bbox 2073 1174 2254 1220; x_wconf 88' lang='lat' dir='ltr'><strong>scntat</strong></span> <span class='ocrx_word' id='word_1_146' title='bbox 2280 1166 2546 1221; x_wconf 69' lang='lat' dir='ltr'><strong>Calvariaa</strong></span> <span class='ocrx_word' id='word_1_147' title='bbox 2571 1166 2770 1231; x_wconf 89' lang='lat' dir='ltr'><strong>locum,</strong></span> <span class='ocrx_word' id='word_1_148' title='bbox 2802 1180 2961 1233; x_wconf 86' lang='lat' dir='ltr'><strong>quem</strong></span> <span class='ocrx_word' id='word_1_149' title='bbox 3004 1163 3278 1218; x_wconf 84' lang='lat' dir='ltr'><strong>Abraham</strong></span> <span class='ocrx_word' id='word_1_150' title='bbox 3330 1164 3647 1235; x_wconf 76' lang='lat' dir='ltr'><strong>pra-figura-</strong></span> 
     </span>
    </p>
   </div>
   <div class='ocr_carea' id='block_1_26' title="bbox 2067 1255 3648 1327">
    <p class='ocr_par' dir='ltr' id='par_1_26' title="bbox 2067 1255 3648 1327">
     <span class='ocr_line' id='line_1_26' title="bbox 2067 1255 3648 1327; baseline -0.003 -15"><span class='ocrx_word' id='word_1_151' title='bbox 2067 1258 2169 1324; x_wconf 89' lang='lat' dir='ltr'><strong>vit,</strong></span> <span class='ocrx_word' id='word_1_152' title='bbox 2189 1274 2311 1312; x_wconf 89' lang='lat' dir='ltr'><strong>cum</strong></span> <span class='ocrx_word' id='word_1_153' title='bbox 2330 1267 2548 1327; x_wconf 81' lang='lat' dir='ltr'><strong>pararet</strong></span> <span class='ocrx_word' id='word_1_154' title='bbox 2576 1257 2742 1327; x_wconf 88' lang='lat' dir='ltr'><strong>ligna,</strong></span> <span class='ocrx_word' id='word_1_155' title='bbox 2768 1255 2878 1310; x_wconf 83' lang='lat' dir='ltr'><strong>ﬁlio</strong></span> <span class='ocrx_word' id='word_1_156' title='bbox 2902 1257 3204 1323; x_wconf 87' lang='lat' dir='ltr'><strong>imponeret</strong></span> <span class='ocrx_word' id='word_1_157' title='bbox 3231 1264 3285 1310; x_wconf 90' lang='lat' dir='ltr'><strong>et</strong></span> <span class='ocrx_word' id='word_1_158' title='bbox 3317 1255 3527 1309; x_wconf 69' lang='lat' dir='ltr'><strong>hmdum</strong></span> <span class='ocrx_word' id='word_1_159' title='bbox 3568 1271 3648 1309; x_wconf 89' lang='lat' dir='ltr'><strong>sa-</strong></span> 
     </span>
    </p>
   </div>
   <div class='ocr_carea' id='block_1_27' title="bbox 2068 1346 3647 1418">
    <p class='ocr_par' dir='ltr' id='par_1_27' title="bbox 2068 1346 3647 1418">
     <span class='ocr_line' id='line_1_27' title="bbox 2068 1346 3647 1418; baseline -0.003 -12"><span class='ocrx_word' id='word_1_160' title='bbox 2068 1351 2354 1406; x_wconf 81' lang='lat' dir='ltr'><strong>criﬁcavit.</strong></span> <span class='ocrx_word' id='word_1_161' title='bbox 2395 1350 2683 1415; x_wconf 86' lang='lat' dir='ltr'><strong>Sacerdos,</strong></span> <span class='ocrx_word' id='word_1_162' title='bbox 2718 1348 2810 1418; x_wconf 88' lang='lat' dir='ltr'><strong>qui</strong></span> <span class='ocrx_word' id='word_1_163' title='bbox 2875 1347 3102 1402; x_wconf 63' lang='lat' dir='ltr'><strong>solus&#39;in</strong></span> <span class='ocrx_word' id='word_1_164' title='bbox 3133 1346 3331 1415; x_wconf 87' lang='lat' dir='ltr'><strong>templo</strong></span> <span class='ocrx_word' id='word_1_165' title='bbox 3361 1355 3487 1411; x_wconf 77' lang='lat' dir='ltr'><strong>stat,</strong></span> <span class='ocrx_word' id='word_1_166' title='bbox 3521 1349 3647 1401; x_wconf 87' lang='lat' dir='ltr'><strong>dum</strong></span> 
     </span>
    </p>
   </div>
   <div class='ocr_carea' id='block_1_28' title="bbox 2061 1439 3647 1514">
    <p class='ocr_par' dir='ltr' id='par_1_28' title="bbox 2061 1439 3647 1514">
     <span class='ocr_line' id='line_1_28' title="bbox 2061 1439 3647 1514; baseline -0.003 -15"><span class='ocrx_word' id='word_1_167' title='bbox 2061 1447 2276 1499; x_wconf 84' lang='lat' dir='ltr'><strong>canitur</strong></span> <span class='ocrx_word' id='word_1_168' title='bbox 2301 1444 2536 1514; x_wconf 86' lang='lat' dir='ltr'><strong>hymnus</strong></span> <span class='ocrx_word' id='word_1_169' title='bbox 2559 1442 2929 1504; x_wconf 84' lang='lat' dir='ltr'><strong>Cherubicus,</strong></span> <span class='ocrx_word' id='word_1_170' title='bbox 2984 1440 3213 1510; x_wconf 88' lang='lat' dir='ltr'><strong>figuram</strong></span> <span class='ocrx_word' id='word_1_171' title='bbox 3274 1442 3415 1511; x_wconf 87' lang='lat' dir='ltr'><strong>gerit</strong></span> <span class='ocrx_word' id='word_1_172' title='bbox 3467 1439 3647 1495; x_wconf 84' lang='lat' dir='ltr'><strong>Patris</strong></span> 
     </span>
    </p>
   </div>
   <div class='ocr_carea' id='block_1_29' title="bbox 2062 1531 3648 1605">
    <p class='ocr_par' dir='ltr' id='par_1_29' title="bbox 2062 1531 3648 1605">
     <span class='ocr_line' id='line_1_29' title="bbox 2062 1531 3648 1605; baseline -0.004 -13"><span class='ocrx_word' id='word_1_173' title='bbox 2062 1536 2325 1604; x_wconf 61' lang='lat' dir='ltr'><strong>caelestis,</strong></span> <span class='ocrx_word' id='word_1_174' title='bbox 2352 1536 2443 1605; x_wconf 89' lang='lat' dir='ltr'><strong>qui</strong></span> <span class='ocrx_word' id='word_1_175' title='bbox 2479 1534 2674 1590; x_wconf 85' lang='lat' dir='ltr'><strong>Filium</strong></span> <span class='ocrx_word' id='word_1_176' title='bbox 2702 1534 3093 1589; x_wconf 79' lang='lat' dir='ltr'><strong>advenientem</strong></span> <span class='ocrx_word' id='word_1_177' title='bbox 3124 1533 3354 1603; x_wconf 80' lang='lat' dir='ltr'><strong>colligit.</strong></span> <span class='ocrx_word' id='word_1_178' title='bbox 3382 1531 3648 1599; x_wconf 80' lang='lat' dir='ltr'><strong>Flahclla,</strong></span> 
     </span>
    </p>
   </div>
   <div class='ocr_carea' id='block_1_30' title="bbox 2062 1624 3648 1698">
    <p class='ocr_par' dir='ltr' id='par_1_30' title="bbox 2062 1624 3648 1698">
     <span class='ocr_line' id='line_1_30' title="bbox 2062 1624 3648 1698; baseline -0.002 -15"><span class='ocrx_word' id='word_1_179' title='bbox 2062 1640 2282 1697; x_wconf 85' lang='lat' dir='ltr'><strong>sceptra</strong></span> <span class='ocrx_word' id='word_1_180' title='bbox 2311 1639 2364 1683; x_wconf 91' lang='lat' dir='ltr'><strong>et</strong></span> <span class='ocrx_word' id='word_1_181' title='bbox 2399 1628 2586 1698; x_wconf 80' lang='lat' dir='ltr'><strong>gladii,</strong></span> <span class='ocrx_word' id='word_1_182' title='bbox 2616 1637 2674 1681; x_wconf 89' lang='lat' dir='ltr'><strong>ut</strong></span> <span class='ocrx_word' id='word_1_183' title='bbox 2713 1626 2955 1698; x_wconf 88' lang='lat' dir='ltr'><strong>symbola</strong></span> <span class='ocrx_word' id='word_1_184' title='bbox 3002 1624 3285 1695; x_wconf 82' lang='lat' dir='ltr'><strong>dignitatis</strong></span> <span class='ocrx_word' id='word_1_185' title='bbox 3334 1628 3517 1696; x_wconf 63' lang='lat' dir='ltr'><strong>regite,</strong></span> <span class='ocrx_word' id='word_1_186' title='bbox 3549 1625 3648 1680; x_wconf 65' lang='lat' dir='ltr'><strong>deo</strong></span> 
     </span>
    </p>
   </div>
   <div class='ocr_carea' id='block_1_31' title="bbox 374 1708 1961 1787">
    <p class='ocr_par' dir='ltr' id='par_1_31' title="bbox 374 1710 1959 1785">
     <span class='ocr_line' id='line_1_31' title="bbox 374 1710 1959 1785; baseline 0.002 -23"><span class='ocrx_word' id='word_1_187' title='bbox 374 1710 484 1763; x_wconf 85' lang='grc' dir='ltr'><strong>τῶν</strong></span> <span class='ocrx_word' id='word_1_188' title='bbox 517 1710 771 1782; x_wconf 74' lang='grc' dir='ltr'>Σεραφὶμ</span> <span class='ocrx_word' id='word_1_189' title='bbox 805 1711 1200 1781; x_wconf 85' lang='grc' dir='ltr'>προηγοῦνται,</span> <span class='ocrx_word' id='word_1_190' title='bbox 1236 1711 1332 1764; x_wconf 73' lang='grc' dir='ltr'>καὶ</span> <span class='ocrx_word' id='word_1_191' title='bbox 1356 1712 1425 1764; x_wconf 78' lang='grc' dir='ltr'>τὰ</span> <span class='ocrx_word' id='word_1_192' title='bbox 1457 1712 1734 1785; x_wconf 82' lang='grc' dir='ltr'>σκῆπτρα,</span> <span class='ocrx_word' id='word_1_193' title='bbox 1778 1714 1874 1767; x_wconf 75' lang='grc' dir='ltr'><strong>καὶ</strong></span> <span class='ocrx_word' id='word_1_194' title='bbox 1902 1714 1959 1766; x_wconf 77' lang='lat' dir='ltr'><strong>at</strong></span> 
     </span>
    </p>
   </div>
   <div class='ocr_carea' id='block_1_32' title="bbox 2065 1708 3645 1787">
    <p class='ocr_par' dir='ltr' id='par_1_32' title="bbox 2065 1717 3645 1787">
     <span class='ocr_line' id='line_1_32' title="bbox 2065 1717 3645 1787; baseline -0.003 -12"><span class='ocrx_word' id='word_1_195' title='bbox 2065 1720 2311 1776; x_wconf 80' lang='lat' dir='ltr'><strong>feruntur</strong></span> <span class='ocrx_word' id='word_1_196' title='bbox 2345 1721 2397 1775; x_wconf 93' lang='lat' dir='ltr'><strong>in</strong></span> <span class='ocrx_word' id='word_1_197' title='bbox 2433 1720 2607 1774; x_wconf 90' lang='lat' dir='ltr'><strong>locum</strong></span> <span class='ocrx_word' id='word_1_198' title='bbox 2634 1718 2929 1774; x_wconf 88' lang='lat' dir='ltr'><strong>Cherubim</strong></span> <span class='ocrx_word' id='word_1_199' title='bbox 2954 1728 3008 1774; x_wconf 91' lang='lat' dir='ltr'><strong>et</strong></span> <span class='ocrx_word' id='word_1_200' title='bbox 3038 1718 3350 1787; x_wconf 86' lang='lat' dir='ltr'><strong>Seraphim.</strong></span> <span class='ocrx_word' id='word_1_201' title='bbox 3376 1717 3478 1783; x_wconf 88' lang='lat' dir='ltr'><strong>Qui</strong></span> <span class='ocrx_word' id='word_1_202' title='bbox 3506 1732 3645 1786; x_wconf 79' lang='lat' dir='ltr'><strong>pra:-</strong></span> 
     </span>
    </p>
   </div>
   <div class='ocr_carea' id='block_1_33' title="bbox 377 1802 1960 1875">
    <p class='ocr_par' dir='ltr' id='par_1_33' title="bbox 377 1802 1960 1875">
     <span class='ocr_line' id='line_1_33' title="bbox 377 1802 1960 1875; baseline 0.002 -21"><span class='ocrx_word' id='word_1_203' title='bbox 377 1804 642 1872; x_wconf 84' lang='grc' dir='ltr'>ρομφαῖαι</span> <span class='ocrx_word' id='word_1_204' title='bbox 718 1802 795 1867; x_wconf 87' lang='grc' dir='ltr'><strong>ὡς</strong></span> <span class='ocrx_word' id='word_1_205' title='bbox 864 1802 1110 1873; x_wconf 82' lang='grc' dir='ltr'>σύμϐολα</span> <span class='ocrx_word' id='word_1_206' title='bbox 1194 1803 1482 1872; x_wconf 70' lang='grc' dir='ltr'>βασιλέως.</span> <span class='ocrx_word' id='word_1_207' title='bbox 1556 1805 1960 1875; x_wconf 83' lang='grc' dir='ltr'>Ἀρχιδιάκονος</span> 
     </span>
    </p>
   </div>
   <div class='ocr_carea' id='block_1_34' title="bbox 377 1892 1961 1967">
    <p class='ocr_par' dir='ltr' id='par_1_34' title="bbox 377 1892 1961 1967">
     <span class='ocr_line' id='line_1_34' title="bbox 377 1892 1961 1967; baseline 0.001 -21"><span class='ocrx_word' id='word_1_208' title='bbox 377 1892 665 1964; x_wconf 77' lang='grc' dir='ltr'>βαστάζων</span> <span class='ocrx_word' id='word_1_209' title='bbox 697 1894 759 1947; x_wconf 83' lang='grc' dir='ltr'>τὺ</span> <span class='ocrx_word' id='word_1_210' title='bbox 801 1894 1114 1967; x_wconf 85' lang='grc' dir='ltr'>ὠμοφόριον</span> <span class='ocrx_word' id='word_1_211' title='bbox 1150 1895 1443 1965; x_wconf 77' lang='grc' dir='ltr'>διέρχεται,</span> <span class='ocrx_word' id='word_1_212' title='bbox 1471 1895 1546 1958; x_wconf 86' lang='grc' dir='ltr'>ὡς</span> <span class='ocrx_word' id='word_1_213' title='bbox 1581 1895 1825 1964; x_wconf 83' lang='grc' dir='ltr'>ἄγγελοι,</span> <span class='ocrx_word' id='word_1_214' title='bbox 1864 1895 1961 1965; x_wconf 81' lang='grc' dir='ltr'><strong>βα-</strong></span> 
     </span>
    </p>
   </div>
   <div class='ocr_carea' id='block_1_35' title="bbox 381 1984 1961 2056">
    <p class='ocr_par' dir='ltr' id='par_1_35' title="bbox 381 1984 1961 2056">
     <span class='ocr_line' id='line_1_35' title="bbox 381 1984 1961 2056; baseline 0 -19"><span class='ocrx_word' id='word_1_215' title='bbox 381 1985 595 2049; x_wconf 74' lang='grc' dir='ltr'>στάζων</span> <span class='ocrx_word' id='word_1_216' title='bbox 650 1985 749 2055; x_wconf 85' lang='grc' dir='ltr'>τὴν</span> <span class='ocrx_word' id='word_1_217' title='bbox 797 1985 1039 2038; x_wconf 83' lang='grc' dir='ltr'>παλαιὰν</span> <span class='ocrx_word' id='word_1_218' title='bbox 1093 1986 1257 2056; x_wconf 85' lang='grc' dir='ltr'>χάριν</span> <span class='ocrx_word' id='word_1_219' title='bbox 1307 1984 1670 2054; x_wconf 72' lang='grc' dir='ltr'>ὀψικεύουσαν</span> <span class='ocrx_word' id='word_1_220' title='bbox 1701 1985 1800 2055; x_wconf 79' lang='grc' dir='ltr'>τὴν</span> <span class='ocrx_word' id='word_1_221' title='bbox 1835 1986 1961 2038; x_wconf 90' lang='grc' dir='ltr'>νέαν</span> 
     </span>
    </p>
   </div>
   <div class='ocr_carea' id='block_1_36' title="bbox 376 2076 1958 2148">
    <p class='ocr_par' dir='ltr' id='par_1_36' title="bbox 376 2076 1958 2148">
     <span class='ocr_line' id='line_1_36' title="bbox 376 2076 1958 2148; baseline 0.001 -18"><span class='ocrx_word' id='word_1_222' title='bbox 376 2078 561 2148; x_wconf 83' lang='grc' dir='ltr'>χάριν.</span> <span class='ocrx_word' id='word_1_223' title='bbox 581 2077 833 2131; x_wconf 88' lang='grc' dir='ltr'>Διάκονοι</span> <span class='ocrx_word' id='word_1_224' title='bbox 855 2077 930 2141; x_wconf 87' lang='grc' dir='ltr'>ὼς</span> <span class='ocrx_word' id='word_1_225' title='bbox 959 2078 1185 2145; x_wconf 83' lang='grc' dir='ltr'>νεφέλαι</span> <span class='ocrx_word' id='word_1_226' title='bbox 1215 2076 1355 2148; x_wconf 74' lang='grc' dir='ltr'><strong>μετὰ</strong></span> <span class='ocrx_word' id='word_1_227' title='bbox 1378 2076 1630 2147; x_wconf 85' lang='grc' dir='ltr'>σώματος</span> <span class='ocrx_word' id='word_1_228' title='bbox 1661 2078 1958 2148; x_wconf 85' lang='grc' dir='ltr'>προέρχον-</span> 
     </span>
    </p>
   </div>
   <div class='ocr_carea' id='block_1_37' title="bbox 375 2142 1957 2239">
    <p class='ocr_par' dir='ltr' id='par_1_37' title="bbox 375 2142 1957 2239">
     <span class='ocr_line' id='line_1_37' title="bbox 375 2142 1957 2239; baseline 0 -18"><span class='ocrx_word' id='word_1_229' title='bbox 375 2142 467 2223; x_wconf 44' lang='lat' dir='ltr'><strong>ea;</strong></span> <span class='ocrx_word' id='word_1_230' title='bbox 495 2168 571 2234; x_wconf 85' lang='grc' dir='ltr'><strong>ὡς</strong></span> <span class='ocrx_word' id='word_1_231' title='bbox 604 2170 704 2239; x_wconf 86' lang='grc' dir='ltr'>τῆς</span> <span class='ocrx_word' id='word_1_232' title='bbox 735 2168 991 2235; x_wconf 86' lang='grc' dir='ltr'>θεότητος</span> <span class='ocrx_word' id='word_1_233' title='bbox 1018 2142 1512 2237; x_wconf 60' lang='grc' dir='ltr'>ἐπαναπᾶυομένης</span> <span class='ocrx_word' id='word_1_234' title='bbox 1542 2169 1618 2233; x_wconf 88' lang='grc' dir='ltr'>ὼς</span> <span class='ocrx_word' id='word_1_235' title='bbox 1649 2142 1742 2221; x_wconf 74' lang='grc' dir='ltr'>ἐπὶ</span> <span class='ocrx_word' id='word_1_236' title='bbox 1768 2142 1957 2239; x_wconf 57' lang='lat' dir='ltr'><strong>Opovou</strong></span> 
     </span>
    </p>
   </div>
   <div class='ocr_carea' id='block_1_38' title="bbox 372 2261 1959 2333">
    <p class='ocr_par' dir='ltr' id='par_1_38' title="bbox 372 2261 1959 2333">
     <span class='ocr_line' id='line_1_38' title="bbox 372 2261 1959 2333; baseline 0.001 -18"><span class='ocrx_word' id='word_1_237' title='bbox 372 2261 581 2333; x_wconf 77' lang='grc' dir='ltr'>ὑψηλοῦ</span> <span class='ocrx_word' id='word_1_238' title='bbox 612 2261 722 2315; x_wconf 85' lang='grc' dir='ltr'><strong>τῶν</strong></span> <span class='ocrx_word' id='word_1_239' title='bbox 751 2261 1057 2333; x_wconf 80' lang='grc' dir='ltr'>Χερουόίμ.</span> <span class='ocrx_word' id='word_1_240' title='bbox 1087 2262 1170 2317; x_wconf 83' lang='grc' dir='ltr'><strong>Τὰ</strong></span> <span class='ocrx_word' id='word_1_241' title='bbox 1201 2262 1335 2332; x_wconf 74' lang='grc' dir='ltr'>ἅγια</span> <span class='ocrx_word' id='word_1_242' title='bbox 1381 2261 1489 2316; x_wconf 79' lang='grc' dir='ltr'><strong>ἀπὸ</strong></span> <span class='ocrx_word' id='word_1_243' title='bbox 1518 2261 1617 2332; x_wconf 82' lang='grc' dir='ltr'>τῆς</span> <span class='ocrx_word' id='word_1_244' title='bbox 1647 2261 1959 2333; x_wconf 82' lang='grc' dir='ltr'>προθέσεως</span> 
     </span>
    </p>
   </div>
   <div class='ocr_carea' id='block_1_39' title="bbox 375 2352 1957 2427">
    <p class='ocr_par' dir='ltr' id='par_1_39' title="bbox 375 2352 1957 2427">
     <span class='ocr_line' id='line_1_39' title="bbox 375 2352 1957 2427; baseline -0.001 -20"><span class='ocrx_word' id='word_1_245' title='bbox 375 2353 484 2417; x_wconf 67' lang='lat' dir='ltr'><strong>Iw;</strong></span> <span class='ocrx_word' id='word_1_246' title='bbox 508 2352 602 2407; x_wconf 88' lang='grc' dir='ltr'><strong>τοῦ</strong></span> <span class='ocrx_word' id='word_1_247' title='bbox 640 2353 1031 2425; x_wconf 80' lang='grc' dir='ltr'>θυσιαστηρίου</span> <span class='ocrx_word' id='word_1_248' title='bbox 1084 2354 1468 2427; x_wconf 83' lang='grc' dir='ltr'>προέρχονται,</span> <span class='ocrx_word' id='word_1_249' title='bbox 1511 2356 1593 2417; x_wconf 82' lang='grc' dir='ltr'><strong>είς</strong></span> <span class='ocrx_word' id='word_1_250' title='bbox 1642 2355 1813 2407; x_wconf 86' lang='grc' dir='ltr'>τύπον</span> <span class='ocrx_word' id='word_1_251' title='bbox 1858 2354 1957 2423; x_wconf 76' lang='grc' dir='ltr'>τῆς</span> 
     </span>
    </p>
   </div>
   <div class='ocr_carea' id='block_1_40' title="bbox 373 2445 1957 2520">
    <p class='ocr_par' dir='ltr' id='par_1_40' title="bbox 373 2445 1957 2520">
     <span class='ocr_line' id='line_1_40' title="bbox 373 2445 1957 2520; baseline 0.001 -21"><span class='ocrx_word' id='word_1_252' title='bbox 373 2446 471 2499; x_wconf 83' lang='grc' dir='ltr'><strong>τοῦ</strong></span> <span class='ocrx_word' id='word_1_253' title='bbox 507 2447 712 2517; x_wconf 83' lang='grc' dir='ltr'>κόσμου</span> <span class='ocrx_word' id='word_1_254' title='bbox 740 2445 1015 2517; x_wconf 78' lang='grc' dir='ltr'><strong>διαγωγῆς</strong></span> <span class='ocrx_word' id='word_1_255' title='bbox 1052 2446 1151 2501; x_wconf 87' lang='grc' dir='ltr'><strong>τοῦ</strong></span> <span class='ocrx_word' id='word_1_256' title='bbox 1195 2447 1437 2520; x_wconf 79' lang='grc' dir='ltr'>Χριστοῦ</span> <span class='ocrx_word' id='word_1_257' title='bbox 1490 2448 1594 2511; x_wconf 74' lang='grc' dir='ltr'>ἕως</span> <span class='ocrx_word' id='word_1_258' title='bbox 1622 2448 1723 2518; x_wconf 87' lang='grc' dir='ltr'>τῆς</span> <span class='ocrx_word' id='word_1_259' title='bbox 1777 2446 1957 2516; x_wconf 78' lang='grc' dir='ltr'>ταφῆς</span> 
     </span>
    </p>
   </div>
   <div class='ocr_carea' id='block_1_41' title="bbox 375 2537 1963 2614">
    <p class='ocr_par' dir='ltr' id='par_1_41' title="bbox 375 2537 1963 2614">
     <span class='ocr_line' id='line_1_41' title="bbox 375 2537 1963 2614; baseline 0 -24"><span class='ocrx_word' id='word_1_260' title='bbox 375 2537 545 2592; x_wconf 85' lang='grc' dir='ltr'>αὐτοῦ</span> <span class='ocrx_word' id='word_1_261' title='bbox 565 2555 580 2570; x_wconf 80' lang='grc' dir='ltr'><strong>ο</strong></span> <span class='ocrx_word' id='word_1_262' title='bbox 616 2538 714 2592; x_wconf 77' lang='grc' dir='ltr'>καὶ</span> <span class='ocrx_word' id='word_1_263' title='bbox 742 2538 825 2614; x_wconf 68' lang='grc' dir='ltr'><strong>δτι</strong></span> <span class='ocrx_word' id='word_1_264' title='bbox 850 2539 879 2591; x_wconf 81' lang='grc' dir='ltr'>ὁ</span> <span class='ocrx_word' id='word_1_265' title='bbox 901 2537 1034 2600; x_wconf 82' lang='grc' dir='ltr'>Θεὸς</span> <span class='ocrx_word' id='word_1_266' title='bbox 1070 2538 1234 2601; x_wconf 80' lang='grc' dir='ltr'>αὐτὸς</span> <span class='ocrx_word' id='word_1_267' title='bbox 1273 2540 1365 2593; x_wconf 72' lang='grc' dir='ltr'><strong>καὶ</strong></span> <span class='ocrx_word' id='word_1_268' title='bbox 1392 2538 1647 2610; x_wconf 83' lang='grc' dir='ltr'>ὡδήγησε</span> <span class='ocrx_word' id='word_1_269' title='bbox 1689 2538 1816 2601; x_wconf 80' lang='grc' dir='ltr'>τοὺς</span> <span class='ocrx_word' id='word_1_270' title='bbox 1843 2537 1963 2591; x_wconf 80' lang='grc' dir='ltr'><strong>Μά-</strong></span> 
     </span>
    </p>
   </div>
   <div class='ocr_carea' id='block_1_42' title="bbox 374 2627 1961 2700">
    <p class='ocr_par' dir='ltr' id='par_1_42' title="bbox 374 2627 1961 2700">
     <span class='ocr_line' id='line_1_42' title="bbox 374 2627 1961 2700; baseline -0.001 -18"><span class='ocrx_word' id='word_1_271' title='bbox 374 2644 507 2698; x_wconf 80' lang='grc' dir='ltr'>γους</span> <span class='ocrx_word' id='word_1_272' title='bbox 537 2627 665 2682; x_wconf 83' lang='grc' dir='ltr'>ἰδεῖν</span> <span class='ocrx_word' id='word_1_273' title='bbox 692 2627 793 2700; x_wconf 78' lang='grc' dir='ltr'><strong>τὴν</strong></span> <span class='ocrx_word' id='word_1_274' title='bbox 824 2630 883 2682; x_wconf 84' lang='grc' dir='ltr'>ὲν</span> <span class='ocrx_word' id='word_1_275' title='bbox 924 2629 1090 2700; x_wconf 75' lang='grc' dir='ltr'>σαρκὶ</span> <span class='ocrx_word' id='word_1_276' title='bbox 1114 2628 1278 2682; x_wconf 87' lang='grc' dir='ltr'>αὐτοῦ</span> <span class='ocrx_word' id='word_1_277' title='bbox 1328 2629 1466 2700; x_wconf 82' lang='grc' dir='ltr'>πρὸς</span> <span class='ocrx_word' id='word_1_278' title='bbox 1495 2629 1645 2700; x_wconf 81' lang='grc' dir='ltr'>ἡμᾶς</span> <span class='ocrx_word' id='word_1_279' title='bbox 1693 2629 1961 2699; x_wconf 69' lang='grc' dir='ltr'>σωτήριον</span> 
     </span>
    </p>
   </div>
   <div class='ocr_carea' id='block_1_43' title="bbox 376 2713 1962 2791">
    <p class='ocr_par' dir='ltr' id='par_1_43' title="bbox 376 2713 1962 2791">
     <span class='ocr_line' id='line_1_43' title="bbox 376 2713 1962 2791; baseline -0.001 -20"><span class='ocrx_word' id='word_1_280' title='bbox 376 2718 672 2789; x_wconf 69' lang='grc' dir='ltr'>ἐπιδημίαν</span> <span class='ocrx_word' id='word_1_281' title='bbox 695 2733 712 2751; x_wconf 73' lang='lat'><strong>&#39;</strong></span> <span class='ocrx_word' id='word_1_282' title='bbox 746 2718 899 2786; x_wconf 86' lang='grc' dir='ltr'>δηλοῖ</span> <span class='ocrx_word' id='word_1_283' title='bbox 925 2719 980 2773; x_wconf 83' lang='grc' dir='ltr'>δὲ</span> <span class='ocrx_word' id='word_1_284' title='bbox 1000 2719 1094 2773; x_wconf 73' lang='grc' dir='ltr'>καὶ</span> <span class='ocrx_word' id='word_1_285' title='bbox 1126 2718 1225 2790; x_wconf 83' lang='grc' dir='ltr'>τὴν</span> <span class='ocrx_word' id='word_1_286' title='bbox 1255 2713 1368 2773; x_wconf 68' lang='grc' dir='ltr'>ἀπο</span> <span class='ocrx_word' id='word_1_287' title='bbox 1396 2719 1666 2791; x_wconf 82' lang='grc' dir='ltr'>Βηθανίας</span> <span class='ocrx_word' id='word_1_288' title='bbox 1706 2717 1841 2789; x_wconf 85' lang='grc' dir='ltr'>πρὸς</span> <span class='ocrx_word' id='word_1_289' title='bbox 1864 2716 1962 2787; x_wconf 84' lang='grc' dir='ltr'><strong>τὴν</strong></span> 
     </span>
    </p>
   </div>
   <div class='ocr_carea' id='block_1_44' title="bbox 388 2808 1815 2883">
    <p class='ocr_par' dir='ltr' id='par_1_44' title="bbox 388 2808 1815 2883">
     <span class='ocr_line' id='line_1_44' title="bbox 388 2808 1815 2883; baseline 0 -19"><span class='ocrx_word' id='word_1_290' title='bbox 388 2808 742 2883; x_wconf 77' lang='grc' dir='ltr'>Ἰερουσαλὴμ</span> <span class='ocrx_word' id='word_1_291' title='bbox 763 2810 857 2864; x_wconf 89' lang='grc' dir='ltr'><strong>τοῦ</strong></span> <span class='ocrx_word' id='word_1_292' title='bbox 896 2810 1107 2881; x_wconf 83' lang='grc' dir='ltr'>Κυρίου</span> <span class='ocrx_word' id='word_1_293' title='bbox 1130 2809 1475 2866; x_wconf 73' lang='grc' dir='ltr'>εἰσέλευσιν..</span> <span class='ocrx_word' id='word_1_294' title='bbox 1587 2810 1815 2864; x_wconf 82' lang='grc' dir='ltr'>Λείπει.</span> 
     </span>
    </p>
   </div>
   <div class='ocr_carea' id='block_1_45' title="bbox 384 3030 2251 3059">
    <p class='ocr_par' dir='ltr' id='par_1_45' title="bbox 384 3030 2251 3059">
     <span class='ocr_line' id='line_1_45' title="bbox 384 3030 2251 3059; baseline -0.003 -14"><span class='ocrx_word' id='word_1_295' title='bbox 384 3030 2251 3059; x_wconf 79' lang='lat'><strong>_______________________________________</strong></span> 
     </span>
    </p>
   </div>
   <div class='ocr_carea' id='block_1_46' title="bbox 2068 1807 3649 1879">
    <p class='ocr_par' dir='ltr' id='par_1_46' title="bbox 2068 1807 3649 1879">
     <span class='ocr_line' id='line_1_46' title="bbox 2068 1807 3649 1879; baseline -0.003 -13"><span class='ocrx_word' id='word_1_296' title='bbox 2068 1810 2328 1867; x_wconf 88' lang='lat' dir='ltr'><strong>tereundo</strong></span> <span class='ocrx_word' id='word_1_297' title='bbox 2354 1817 2533 1879; x_wconf 89' lang='lat' dir='ltr'><strong>portat</strong></span> <span class='ocrx_word' id='word_1_298' title='bbox 2586 1807 2888 1872; x_wconf 80' lang='lat' dir='ltr'><strong>humerale,</strong></span> <span class='ocrx_word' id='word_1_299' title='bbox 2938 1808 3028 1861; x_wconf 93' lang='lat' dir='ltr'><strong>hic</strong></span> <span class='ocrx_word' id='word_1_300' title='bbox 3069 1808 3490 1862; x_wconf 84' lang='lat' dir='ltr'><strong>archidiaconus</strong></span> <span class='ocrx_word' id='word_1_301' title='bbox 3527 1808 3649 1861; x_wconf 87' lang='lat' dir='ltr'><strong>imi-</strong></span> 
     </span>
    </p>
   </div>
   <div class='ocr_carea' id='block_1_47' title="bbox 2068 1899 3646 1973">
    <p class='ocr_par' dir='ltr' id='par_1_47' title="bbox 2068 1899 3646 1973">
     <span class='ocr_line' id='line_1_47' title="bbox 2068 1899 3646 1973; baseline -0.003 -15"><span class='ocrx_word' id='word_1_302' title='bbox 2068 1912 2226 1958; x_wconf 84' lang='lat' dir='ltr'><strong>tatur</strong></span> <span class='ocrx_word' id='word_1_303' title='bbox 2251 1902 2517 1973; x_wconf 84' lang='lat' dir='ltr'><strong>angelos;</strong></span> <span class='ocrx_word' id='word_1_304' title='bbox 2558 1899 2838 1955; x_wconf 84' lang='lat' dir='ltr'><strong>evanescit</strong></span> <span class='ocrx_word' id='word_1_305' title='bbox 2858 1899 3004 1953; x_wconf 87' lang='lat' dir='ltr'><strong>enim</strong></span> <span class='ocrx_word' id='word_1_306' title='bbox 3040 1899 3243 1954; x_wconf 83' lang='lat' dir='ltr'><strong>veteris</strong></span> <span class='ocrx_word' id='word_1_307' title='bbox 3294 1899 3427 1969; x_wconf 82' lang='lat' dir='ltr'><strong>legis</strong></span> <span class='ocrx_word' id='word_1_308' title='bbox 3450 1901 3646 1970; x_wconf 87' lang='lat' dir='ltr'><strong>gratia,</strong></span> 
     </span>
    </p>
   </div>
   <div class='ocr_carea' id='block_1_48' title="bbox 2064 1988 3649 2061">
    <p class='ocr_par' dir='ltr' id='par_1_48' title="bbox 2064 1988 3649 2061">
     <span class='ocr_line' id='line_1_48' title="bbox 2064 1988 3649 2061; baseline -0.005 -12"><span class='ocrx_word' id='word_1_309' title='bbox 2064 2010 2186 2049; x_wconf 88' lang='lat' dir='ltr'><strong>cmn</strong></span> <span class='ocrx_word' id='word_1_310' title='bbox 2220 2007 2374 2048; x_wconf 67' lang='lat' dir='ltr'><strong>novae</strong></span> <span class='ocrx_word' id='word_1_311' title='bbox 2404 1992 2536 2061; x_wconf 85' lang='lat' dir='ltr'><strong>legis</strong></span> <span class='ocrx_word' id='word_1_312' title='bbox 2559 1990 2840 2061; x_wconf 87' lang='lat' dir='ltr'><strong>apparuit.</strong></span> <span class='ocrx_word' id='word_1_313' title='bbox 2879 1988 3105 2043; x_wconf 87' lang='lat' dir='ltr'><strong>Diaconi</strong></span> <span class='ocrx_word' id='word_1_314' title='bbox 3140 2004 3237 2044; x_wconf 90' lang='lat' dir='ltr'><strong>ceu</strong></span> <span class='ocrx_word' id='word_1_315' title='bbox 3271 1988 3427 2043; x_wconf 87' lang='lat' dir='ltr'><strong>alites</strong></span> <span class='ocrx_word' id='word_1_316' title='bbox 3453 1990 3504 2042; x_wconf 92' lang='lat' dir='ltr'><strong>in</strong></span> <span class='ocrx_word' id='word_1_317' title='bbox 3526 2004 3649 2042; x_wconf 90' lang='lat' dir='ltr'><strong>cor-</strong></span> 
     </span>
    </p>
   </div>
   <div class='ocr_carea' id='block_1_49' title="bbox 2064 2076 3649 2152">
    <p class='ocr_par' dir='ltr' id='par_1_49' title="bbox 2064 2076 3649 2152">
     <span class='ocr_line' id='line_1_49' title="bbox 2064 2076 3649 2152; baseline -0.002 -16"><span class='ocrx_word' id='word_1_318' title='bbox 2064 2096 2217 2152; x_wconf 91' lang='lat' dir='ltr'><strong>pore,</strong></span> <span class='ocrx_word' id='word_1_319' title='bbox 2252 2082 2572 2152; x_wconf 89' lang='lat' dir='ltr'><strong>procedunt,</strong></span> <span class='ocrx_word' id='word_1_320' title='bbox 2629 2094 2781 2134; x_wconf 89' lang='lat' dir='ltr'><strong>more</strong></span> <span class='ocrx_word' id='word_1_321' title='bbox 2831 2076 3156 2142; x_wconf 88' lang='lat' dir='ltr'><strong>Cherubim,</strong></span> <span class='ocrx_word' id='word_1_322' title='bbox 3210 2077 3304 2145; x_wconf 91' lang='lat' dir='ltr'><strong>qui</strong></span> <span class='ocrx_word' id='word_1_323' title='bbox 3348 2077 3403 2131; x_wconf 92' lang='lat' dir='ltr'><strong>in</strong></span> <span class='ocrx_word' id='word_1_324' title='bbox 3452 2078 3649 2133; x_wconf 87' lang='lat' dir='ltr'><strong>throno</strong></span> 
     </span>
    </p>
   </div>
   <div class='ocr_carea' id='block_1_50' title="bbox 2068 2168 3647 2240">
    <p class='ocr_par' dir='ltr' id='par_1_50' title="bbox 2068 2168 3647 2240">
     <span class='ocr_line' id='line_1_50' title="bbox 2068 2168 3647 2240; baseline -0.001 -15"><span class='ocrx_word' id='word_1_325' title='bbox 2068 2173 2438 2240; x_wconf 81' lang='lat' dir='ltr'><strong>quiescentem</strong></span> <span class='ocrx_word' id='word_1_326' title='bbox 2467 2170 2815 2225; x_wconf 83' lang='lat' dir='ltr'><strong>Divinitatem</strong></span> <span class='ocrx_word' id='word_1_327' title='bbox 2846 2177 3085 2240; x_wconf 85' lang='lat' dir='ltr'><strong>portant,</strong></span> <span class='ocrx_word' id='word_1_328' title='bbox 3130 2179 3314 2223; x_wconf 90' lang='lat' dir='ltr'><strong>sancta</strong></span> <span class='ocrx_word' id='word_1_329' title='bbox 3351 2182 3380 2223; x_wconf 88' lang='lat' dir='ltr'><strong>e</strong></span> <span class='ocrx_word' id='word_1_330' title='bbox 3404 2168 3647 2236; x_wconf 84' lang='lat' dir='ltr'><strong>prothesl</strong></span> 
     </span>
    </p>
   </div>
   <div class='ocr_carea' id='block_1_51' title="bbox 2068 2259 3647 2330">
    <p class='ocr_par' dir='ltr' id='par_1_51' title="bbox 2068 2259 3647 2330">
     <span class='ocr_line' id='line_1_51' title="bbox 2068 2259 3647 2330; baseline -0.003 -12"><span class='ocrx_word' id='word_1_331' title='bbox 2068 2265 2118 2318; x_wconf 91' lang='lat' dir='ltr'><strong>in</strong></span> <span class='ocrx_word' id='word_1_332' title='bbox 2167 2267 2338 2318; x_wconf 87' lang='lat' dir='ltr'><strong>altare</strong></span> <span class='ocrx_word' id='word_1_333' title='bbox 2389 2263 2727 2329; x_wconf 82' lang='lat' dir='ltr'><strong>deferuntur,</strong></span> <span class='ocrx_word' id='word_1_334' title='bbox 2773 2270 2832 2315; x_wconf 90' lang='lat' dir='ltr'><strong>ut</strong></span> <span class='ocrx_word' id='word_1_335' title='bbox 2882 2260 3150 2330; x_wconf 75' lang='lat' dir='ltr'><strong>figuretur</strong></span> <span class='ocrx_word' id='word_1_336' title='bbox 3202 2259 3485 2314; x_wconf 88' lang='lat' dir='ltr'><strong>terrestris</strong></span> <span class='ocrx_word' id='word_1_337' title='bbox 3536 2259 3647 2313; x_wconf 79' lang='lat' dir='ltr'><strong>vita</strong></span> 
     </span>
    </p>
   </div>
   <div class='ocr_carea' id='block_1_52' title="bbox 2064 2348 3648 2426">
    <p class='ocr_par' dir='ltr' id='par_1_52' title="bbox 2064 2348 3648 2426">
     <span class='ocr_line' id='line_1_52' title="bbox 2064 2348 3648 2426; baseline -0.003 -15"><span class='ocrx_word' id='word_1_338' title='bbox 2064 2356 2261 2411; x_wconf 85' lang='lat' dir='ltr'><strong>Christi</strong></span> <span class='ocrx_word' id='word_1_339' title='bbox 2282 2371 2312 2410; x_wconf 90' lang='lat' dir='ltr'><strong>e</strong></span> <span class='ocrx_word' id='word_1_340' title='bbox 2337 2355 2561 2426; x_wconf 74' lang='lat' dir='ltr'><strong>przesepi</strong></span> <span class='ocrx_word' id='word_1_341' title='bbox 2587 2356 2653 2409; x_wconf 88' lang='lat' dir='ltr'><strong>ad</strong></span> <span class='ocrx_word' id='word_1_342' title='bbox 2667 2353 3008 2423; x_wconf 87' lang='lat' dir='ltr'><strong>sepulcrum;</strong></span> <span class='ocrx_word' id='word_1_343' title='bbox 3044 2350 3188 2407; x_wconf 82' lang='lat' dir='ltr'><strong>Deus</strong></span> <span class='ocrx_word' id='word_1_344' title='bbox 3222 2366 3437 2421; x_wconf 85' lang='lat' dir='ltr'><strong>quoque</strong></span> <span class='ocrx_word' id='word_1_345' title='bbox 3464 2348 3648 2421; x_wconf 83' lang='lat' dir='ltr'><strong>Magos</strong></span> 
     </span>
    </p>
   </div>
   <div class='ocr_carea' id='block_1_53' title="bbox 2064 2443 3646 2519">
    <p class='ocr_par' dir='ltr' id='par_1_53' title="bbox 2064 2443 3646 2519">
     <span class='ocr_line' id='line_1_53' title="bbox 2064 2443 3646 2519; baseline -0.004 -14"><span class='ocrx_word' id='word_1_346' title='bbox 2064 2451 2322 2519; x_wconf 81' lang='lat' dir='ltr'><strong>conduxit</strong></span> <span class='ocrx_word' id='word_1_347' title='bbox 2346 2460 2403 2503; x_wconf 92' lang='lat' dir='ltr'><strong>ut</strong></span> <span class='ocrx_word' id='word_1_348' title='bbox 2427 2450 2714 2503; x_wconf 80' lang='lat' dir='ltr'><strong>adventura</strong></span> <span class='ocrx_word' id='word_1_349' title='bbox 2746 2446 3045 2502; x_wconf 82' lang='lat' dir='ltr'><strong>Salvatoris</strong></span> <span class='ocrx_word' id='word_1_350' title='bbox 3074 2447 3125 2499; x_wconf 91' lang='lat' dir='ltr'><strong>in</strong></span> <span class='ocrx_word' id='word_1_351' title='bbox 3178 2459 3343 2498; x_wconf 85' lang='lat' dir='ltr'><strong>carne</strong></span> <span class='ocrx_word' id='word_1_352' title='bbox 3377 2443 3646 2508; x_wconf 80' lang='lat' dir='ltr'><strong>viderent;</strong></span> 
     </span>
    </p>
   </div>
   <div class='ocr_carea' id='block_1_54' title="bbox 2066 2531 3648 2595">
    <p class='ocr_par' dir='ltr' id='par_1_54' title="bbox 2066 2531 3648 2595">
     <span class='ocr_line' id='line_1_54' title="bbox 2066 2531 3648 2595; baseline -0.004 -1"><span class='ocrx_word' id='word_1_353' title='bbox 2066 2541 2374 2595; x_wconf 80' lang='lat' dir='ltr'><strong>ostenditur</strong></span> <span class='ocrx_word' id='word_1_354' title='bbox 2399 2541 2562 2595; x_wconf 89' lang='lat' dir='ltr'><strong>etiam</strong></span> <span class='ocrx_word' id='word_1_355' title='bbox 2595 2538 2807 2593; x_wconf 90' lang='lat' dir='ltr'><strong>Domini</strong></span> <span class='ocrx_word' id='word_1_356' title='bbox 2833 2537 3085 2591; x_wconf 87' lang='lat' dir='ltr'><strong>introitus</strong></span> <span class='ocrx_word' id='word_1_357' title='bbox 3109 2550 3140 2590; x_wconf 86' lang='lat' dir='ltr'><strong>a</strong></span> <span class='ocrx_word' id='word_1_358' title='bbox 3170 2533 3434 2589; x_wconf 88' lang='lat' dir='ltr'><strong>Bethania</strong></span> <span class='ocrx_word' id='word_1_359' title='bbox 3472 2533 3526 2588; x_wconf 89' lang='lat' dir='ltr'><strong>in</strong></span> <span class='ocrx_word' id='word_1_360' title='bbox 3556 2531 3648 2589; x_wconf 82' lang='lat' dir='ltr'><strong>Je-</strong></span> 
     </span>
    </p>
   </div>
   <div class='ocr_carea' id='block_1_55' title="bbox 2070 2630 3037 2691">
    <p class='ocr_par' dir='ltr' id='par_1_55' title="bbox 2070 2630 3037 2691">
     <span class='ocr_line' id='line_1_55' title="bbox 2070 2630 3037 2691; baseline -0.008 -1"><span class='ocrx_word' id='word_1_361' title='bbox 2070 2635 2399 2691; x_wconf 63' lang='lat' dir='ltr'><strong>rusalem...</strong></span> <span class='ocrx_word' id='word_1_362' title='bbox 2426 2630 2631 2690; x_wconf 70' lang='lat' dir='ltr'><strong>Ca’tera</strong></span> <span class='ocrx_word' id='word_1_363' title='bbox 2649 2631 3037 2685; x_wconf 75' lang='lat' dir='ltr'><strong>desiderantur.</strong></span> 
     </span>
    </p>
   </div>
   <div class='ocr_carea' id='block_1_56' title="bbox 2259 3010 3631 3039">
    <p class='ocr_par' dir='ltr' id='par_1_56' title="bbox 2259 3010 3631 3039">
     <span class='ocr_line' id='line_1_56' title="bbox 2259 3010 3631 3039; baseline -0.004 -2"><span class='ocrx_word' id='word_1_364' title='bbox 2259 3010 3631 3039; x_wconf 54' lang='lat' dir='ltr'><strong>—_———————-—-————w</strong></span> 
     </span>
    </p>
   </div>
   <div class='ocr_carea' id='block_1_57' title="bbox 1080 3176 3019 3293">
    <p class='ocr_par' dir='ltr' id='par_1_57' title="bbox 1080 3176 3019 3293">
     <span class='ocr_line' id='line_1_57' title="bbox 1080 3176 3019 3293; baseline -0.011 -1"><span class='ocrx_word' id='word_1_365' title='bbox 1080 3201 1495 3293; x_wconf 85' lang='lat' dir='ltr'><strong>SANCTI</strong></span> <span class='ocrx_word' id='word_1_366' title='bbox 1575 3191 2337 3288; x_wconf 80' lang='lat' dir='ltr'><strong>SOPHORONII</strong></span> <span class='ocrx_word' id='word_1_367' title='bbox 2418 3182 2918 3281; x_wconf 78' lang='lat' dir='ltr'><strong>ORATIO.</strong></span> <span class='ocrx_word' id='word_1_368' title='bbox 3014 3176 3019 3181; x_wconf 54' lang='grc'><strong>”</strong></span> 
     </span>
    </p>
   </div>
   <div class='ocr_carea' id='block_1_58' title="bbox 1562 3380 2492 3452">
    <p class='ocr_par' dir='ltr' id='par_1_58' title="bbox 1562 3380 2492 3452">
     <span class='ocr_line' id='line_1_58' title="bbox 1562 3380 2492 3452; baseline -0.012 -7"><span class='ocrx_word' id='word_1_369' title='bbox 1562 3381 1761 3452; x_wconf 64' lang='grc' dir='ltr'><strong>(6οη.</strong></span> <span class='ocrx_word' id='word_1_370' title='bbox 1801 3383 2003 3439; x_wconf 71' lang='lat' dir='ltr'><strong>Ritual.</strong></span> <span class='ocrx_word' id='word_1_371' title='bbox 2047 3382 2215 3437; x_wconf 67' lang='lat' dir='ltr'><strong>Graec.</strong></span> <span class='ocrx_word' id='word_1_372' title='bbox 2252 3400 2302 3452; x_wconf 77' lang='grc' dir='ltr'><strong>ιι.</strong></span> <span class='ocrx_word' id='word_1_373' title='bbox 2341 3380 2492 3452; x_wconf 66' lang='grc'><strong>436.)</strong></span> 
     </span>
    </p>
   </div>
   <div class='ocr_carea' id='block_1_59' title="bbox 403 3694 2023 3779">
    <p class='ocr_par' dir='ltr' id='par_1_59' title="bbox 403 3694 2023 3779">
     <span class='ocr_line' id='line_1_59' title="bbox 403 3694 2023 3779; baseline -0.014 -14"><span class='ocrx_word' id='word_1_374' title='bbox 403 3709 635 3779; x_wconf 73' lang='grc' dir='ltr'>Ποίημα</span> <span class='ocrx_word' id='word_1_375' title='bbox 665 3707 1007 3776; x_wconf 74' lang='grc' dir='ltr'>Σωφρονίου</span> <span class='ocrx_word' id='word_1_376' title='bbox 1044 3703 1413 3772; x_wconf 78' lang='grc' dir='ltr'>πατριάρχου</span> <span class='ocrx_word' id='word_1_377' title='bbox 1463 3696 1913 3767; x_wconf 76' lang='grc' dir='ltr'>Ἰεροσολύμων.</span> <span class='ocrx_word' id='word_1_378' title='bbox 1977 3694 2023 3755; x_wconf 81' lang='lat' dir='ltr'><strong>C</strong></span> 
     </span>
    </p>
   </div>
   <div class='ocr_carea' id='block_1_60' title="bbox 445 3817 1955 3910">
    <p class='ocr_par' dir='ltr' id='par_1_60' title="bbox 445 3817 1955 3910">
     <span class='ocr_line' id='line_1_60' title="bbox 445 3817 1955 3910; baseline -0.01 -19"><span class='ocrx_word' id='word_1_379' title='bbox 445 3840 618 3910; x_wconf 78' lang='grc' dir='ltr'>Τριὰς</span> <span class='ocrx_word' id='word_1_380' title='bbox 675 3835 989 3907; x_wconf 86' lang='grc' dir='ltr'>ύπερούσιε,</span> <span class='ocrx_word' id='word_1_381' title='bbox 1018 3817 1353 3902; x_wconf 73' lang='grc' dir='ltr'>ύπεράγαθε,</span> <span class='ocrx_word' id='word_1_382' title='bbox 1396 3829 1652 3898; x_wconf 85' lang='grc' dir='ltr'>ύπέρθεε,</span> <span class='ocrx_word' id='word_1_383' title='bbox 1689 3823 1955 3879; x_wconf 70' lang='grc' dir='ltr'>παντοδύ-</span> 
     </span>
    </p>
   </div>
   <div class='ocr_carea' id='block_1_61' title="bbox 373 3914 1956 4001">
    <p class='ocr_par' dir='ltr' id='par_1_61' title="bbox 373 3914 1956 4001">
     <span class='ocr_line' id='line_1_61' title="bbox 373 3914 1956 4001; baseline -0.013 -15"><span class='ocrx_word' id='word_1_384' title='bbox 373 3947 536 4001; x_wconf 77' lang='grc' dir='ltr'>ναμε,</span> <span class='ocrx_word' id='word_1_385' title='bbox 556 3927 989 3990; x_wconf 84' lang='grc' dir='ltr'>παντεπίσκοπε,</span> <span class='ocrx_word' id='word_1_386' title='bbox 1005 3925 1226 3995; x_wconf 82' lang='grc' dir='ltr'>ἁόρατε,</span> <span class='ocrx_word' id='word_1_387' title='bbox 1263 3920 1635 3990; x_wconf 86' lang='grc' dir='ltr'>ἁκατάληπτε,</span> <span class='ocrx_word' id='word_1_388' title='bbox 1655 3914 1956 3987; x_wconf 74' lang='grc' dir='ltr'>δημιουργὲ</span> 
     </span>
    </p>
   </div>
   <div class='ocr_carea' id='block_1_62' title="bbox 374 4007 1954 4091">
    <p class='ocr_par' dir='ltr' id='par_1_62' title="bbox 374 4007 1954 4091">
     <span class='ocr_line' id='line_1_62' title="bbox 374 4007 1954 4091; baseline -0.011 -15"><span class='ocrx_word' id='word_1_389' title='bbox 374 4024 483 4076; x_wconf 90' lang='grc' dir='ltr'><strong>τῶν</strong></span> <span class='ocrx_word' id='word_1_390' title='bbox 517 4022 718 4091; x_wconf 72' lang='grc' dir='ltr'>νοερῶν</span> <span class='ocrx_word' id='word_1_391' title='bbox 769 4018 989 4083; x_wconf 81' lang='grc' dir='ltr'>οὐσιῶν,</span> <span class='ocrx_word' id='word_1_392' title='bbox 1039 4017 1134 4070; x_wconf 59' lang='grc' dir='ltr'><strong>καὶ¹</strong></span> <span class='ocrx_word' id='word_1_393' title='bbox 1188 4014 1297 4069; x_wconf 89' lang='grc' dir='ltr'><strong>τῶν</strong></span> <span class='ocrx_word' id='word_1_394' title='bbox 1340 4011 1574 4081; x_wconf 83' lang='grc' dir='ltr'>λογικῶν</span> <span class='ocrx_word' id='word_1_395' title='bbox 1630 4011 1868 4078; x_wconf 81' lang='grc' dir='ltr'>φύσεων,</span> <span class='ocrx_word' id='word_1_396' title='bbox 1922 4007 1954 4075; x_wconf 84' lang='grc' dir='ltr'>ἡ</span> 
     </span>
    </p>
   </div>
   <div class='ocr_carea' id='block_1_63' title="bbox 374 4099 1955 4186">
    <p class='ocr_par' dir='ltr' id='par_1_63' title="bbox 374 4099 1955 4186">
     <span class='ocr_line' id='line_1_63' title="bbox 374 4099 1955 4186; baseline -0.011 -17"><span class='ocrx_word' id='word_1_397' title='bbox 374 4118 613 4186; x_wconf 74' lang='grc' dir='ltr'>ἔμφυτος</span> <span class='ocrx_word' id='word_1_398' title='bbox 647 4111 942 4182; x_wconf 75' lang='grc' dir='ltr'>ἁγαθότης,</span> <span class='ocrx_word' id='word_1_399' title='bbox 968 4110 1029 4163; x_wconf 84' lang='grc' dir='ltr'>τὸ</span> <span class='ocrx_word' id='word_1_400' title='bbox 1058 4109 1173 4178; x_wconf 83' lang='grc' dir='ltr'><strong>φῶς</strong></span> <span class='ocrx_word' id='word_1_401' title='bbox 1206 4108 1266 4161; x_wconf 84' lang='grc' dir='ltr'><strong>τὸ</strong></span> <span class='ocrx_word' id='word_1_402' title='bbox 1302 4105 1619 4177; x_wconf 81' lang='grc' dir='ltr'>ἀπρόσιτον,</span> <span class='ocrx_word' id='word_1_403' title='bbox 1639 4103 1699 4155; x_wconf 78' lang='grc' dir='ltr'><strong>τὸ</strong></span> <span class='ocrx_word' id='word_1_404' title='bbox 1725 4099 1955 4170; x_wconf 75' lang='grc' dir='ltr'>φωτίζον</span> 
     </span>
    </p>
   </div>
   <div class='ocr_carea' id='block_1_64' title="bbox 376 4192 2029 4275">
    <p class='ocr_par' dir='ltr' id='par_1_64' title="bbox 376 4192 2029 4275">
     <span class='ocr_line' id='line_1_64' title="bbox 376 4192 2029 4275; baseline -0.011 -14"><span class='ocrx_word' id='word_1_405' title='bbox 376 4208 555 4261; x_wconf 84' lang='grc' dir='ltr'>πάντα</span> <span class='ocrx_word' id='word_1_406' title='bbox 582 4204 870 4275; x_wconf 82' lang='grc' dir='ltr'>ἄνθρωπον</span> <span class='ocrx_word' id='word_1_407' title='bbox 914 4201 1214 4274; x_wconf 78' lang='grc' dir='ltr'>ἐρχόμενον</span> <span class='ocrx_word' id='word_1_408' title='bbox 1244 4201 1326 4262; x_wconf 83' lang='grc' dir='ltr'><strong>είς</strong></span> <span class='ocrx_word' id='word_1_409' title='bbox 1354 4200 1444 4251; x_wconf 75' lang='grc' dir='ltr'><strong>τὸν</strong></span> <span class='ocrx_word' id='word_1_410' title='bbox 1469 4197 1673 4264; x_wconf 84' lang='grc' dir='ltr'>κόσμον</span> <span class='ocrx_word' id='word_1_411' title='bbox 1695 4211 1709 4226; x_wconf 77' lang='grc' dir='ltr'><strong>ο</strong></span> <span class='ocrx_word' id='word_1_412' title='bbox 1741 4192 1955 4262; x_wconf 69' lang='grc' dir='ltr'>λάμψον</span> <span class='ocrx_word' id='word_1_413' title='bbox 2016 4256 2029 4273; x_wconf 29' lang='grc' dir='ltr'><em>κ</em></span> 
     </span>
    </p>
   </div>
   <div class='ocr_carea' id='block_1_65' title="bbox 375 4280 1955 4367">
    <p class='ocr_par' dir='ltr' id='par_1_65' title="bbox 375 4280 1955 4367">
     <span class='ocr_line' id='line_1_65' title="bbox 375 4280 1955 4367; baseline -0.011 -17"><span class='ocrx_word' id='word_1_414' title='bbox 375 4298 545 4367; x_wconf 68' lang='grc' dir='ltr'>κάμοὶ</span> <span class='ocrx_word' id='word_1_415' title='bbox 569 4294 646 4365; x_wconf 82' lang='grc' dir='ltr'>τῷ</span> <span class='ocrx_word' id='word_1_416' title='bbox 687 4294 893 4363; x_wconf 79' lang='grc' dir='ltr'>ἀναξίῳ</span> <span class='ocrx_word' id='word_1_417' title='bbox 926 4292 1099 4362; x_wconf 82' lang='grc' dir='ltr'>δούλῳ</span> <span class='ocrx_word' id='word_1_418' title='bbox 1132 4307 1249 4355; x_wconf 88' lang='grc' dir='ltr'>σου,</span> <span class='ocrx_word' id='word_1_419' title='bbox 1285 4286 1520 4356; x_wconf 79' lang='grc' dir='ltr'>φώτισόν</span> <span class='ocrx_word' id='word_1_420' title='bbox 1569 4301 1673 4355; x_wconf 85' lang='grc' dir='ltr'><strong>μου</strong></span> <span class='ocrx_word' id='word_1_421' title='bbox 1711 4285 1808 4351; x_wconf 82' lang='grc' dir='ltr'>τῆς</span> <span class='ocrx_word' id='word_1_422' title='bbox 1837 4280 1955 4333; x_wconf 83' lang='grc' dir='ltr'>δια-</span> 
     </span>
    </p>
   </div>
   <div class='ocr_carea' id='block_1_66' title="bbox 374 4372 1955 4458">
    <p class='ocr_par' dir='ltr' id='par_1_66' title="bbox 374 4372 1955 4458">
     <span class='ocr_line' id='line_1_66' title="bbox 374 4372 1955 4458; baseline -0.011 -15"><span class='ocrx_word' id='word_1_423' title='bbox 374 4389 522 4454; x_wconf 65' lang='grc' dir='ltr'>νοίας</span> <span class='ocrx_word' id='word_1_424' title='bbox 571 4388 639 4442; x_wconf 74' lang='grc' dir='ltr'>τὰ</span> <span class='ocrx_word' id='word_1_425' title='bbox 673 4388 938 4458; x_wconf 76' lang='grc' dir='ltr'>ὄμματα,</span> <span class='ocrx_word' id='word_1_426' title='bbox 992 4385 1141 4445; x_wconf 79' lang='grc' dir='ltr'>ὅπως</span> <span class='ocrx_word' id='word_1_427' title='bbox 1180 4382 1489 4451; x_wconf 81' lang='grc' dir='ltr'>ἁνυμνῆσαι</span> <span class='ocrx_word' id='word_1_428' title='bbox 1544 4377 1802 4446; x_wconf 86' lang='grc' dir='ltr'>τολμήσω</span> <span class='ocrx_word' id='word_1_429' title='bbox 1855 4372 1955 4443; x_wconf 86' lang='grc' dir='ltr'>τὴν</span> 
     </span>
    </p>
   </div>
   <div class='ocr_carea' id='block_1_67' title="bbox 373 4469 1955 4553">
    <p class='ocr_par' dir='ltr' id='par_1_67' title="bbox 373 4469 1955 4553">
     <span class='ocr_line' id='line_1_67' title="bbox 373 4469 1955 4553; baseline -0.012 -18"><span class='ocrx_word' id='word_1_430' title='bbox 373 4480 613 4553; x_wconf 76' lang='grc' dir='ltr'>ἄμετρον</span> <span class='ocrx_word' id='word_1_431' title='bbox 640 4477 962 4550; x_wconf 81' lang='grc' dir='ltr'>εὐεργεσίαν</span> <span class='ocrx_word' id='word_1_432' title='bbox 986 4475 1079 4529; x_wconf 79' lang='grc' dir='ltr'><strong>καὶ</strong></span> <span class='ocrx_word' id='word_1_433' title='bbox 1103 4475 1366 4541; x_wconf 71' lang='grc' dir='ltr'>δύναμιν.</span> <span class='ocrx_word' id='word_1_434' title='bbox 1410 4469 1819 4542; x_wconf 81' lang='grc' dir='ltr'>Εύπρύσδεκτος</span> <span class='ocrx_word' id='word_1_435' title='bbox 1860 4481 1955 4533; x_wconf 87' lang='grc' dir='ltr'>γε·</span> 
     </span>
    </p>
   </div>
   <div class='ocr_carea' id='block_1_68' title="bbox 374 4558 1950 4644">
    <p class='ocr_par' dir='ltr' id='par_1_68' title="bbox 374 4558 1950 4644">
     <span class='ocr_line' id='line_1_68' title="bbox 374 4558 1950 4644; baseline -0.01 -18"><span class='ocrx_word' id='word_1_436' title='bbox 374 4573 549 4628; x_wconf 83' lang='grc' dir='ltr'>νέσθω</span> <span class='ocrx_word' id='word_1_437' title='bbox 576 4574 609 4644; x_wconf 82' lang='grc' dir='ltr'>ἡ</span> <span class='ocrx_word' id='word_1_438' title='bbox 641 4573 775 4643; x_wconf 73' lang='grc' dir='ltr'>παρ’</span> <span class='ocrx_word' id='word_1_439' title='bbox 803 4568 938 4640; x_wconf 81' lang='grc' dir='ltr'>ἐμοῦ</span> <span class='ocrx_word' id='word_1_440' title='bbox 972 4569 1157 4639; x_wconf 87' lang='grc' dir='ltr'>δέησις</span> <span class='ocrx_word' id='word_1_441' title='bbox 1186 4565 1276 4619; x_wconf 79' lang='grc' dir='ltr'>διὰ</span> <span class='ocrx_word' id='word_1_442' title='bbox 1302 4564 1391 4618; x_wconf 79' lang='grc' dir='ltr'><strong>τὸν</strong></span> <span class='ocrx_word' id='word_1_443' title='bbox 1420 4561 1751 4634; x_wconf 86' lang='grc' dir='ltr'>παρεστῶτα</span> <span class='ocrx_word' id='word_1_444' title='bbox 1790 4558 1917 4612; x_wconf 86' lang='grc' dir='ltr'>λαόν</span> <span class='ocrx_word' id='word_1_445' title='bbox 1936 4574 1950 4586; x_wconf 87' lang='grc'><strong>·</strong></span> 
     </span>
    </p>
   </div>
   <div class='ocr_carea' id='block_1_69' title="bbox 372 4649 1954 4733">
    <p class='ocr_par' dir='ltr' id='par_1_69' title="bbox 372 4649 1954 4733">
     <span class='ocr_line' id='line_1_69' title="bbox 372 4649 1954 4733; baseline -0.011 -14"><span class='ocrx_word' id='word_1_446' title='bbox 372 4666 523 4728; x_wconf 80' lang='grc' dir='ltr'>ὅπως</span> <span class='ocrx_word' id='word_1_447' title='bbox 555 4663 623 4717; x_wconf 84' lang='grc' dir='ltr'>τὰ</span> <span class='ocrx_word' id='word_1_448' title='bbox 674 4659 1126 4733; x_wconf 75' lang='grc' dir='ltr'>πλημμελήματα</span> <span class='ocrx_word' id='word_1_449' title='bbox 1160 4675 1262 4729; x_wconf 89' lang='grc' dir='ltr'><strong>μου</strong></span> <span class='ocrx_word' id='word_1_450' title='bbox 1314 4655 1389 4728; x_wconf 81' lang='grc' dir='ltr'><strong>μὴ</strong></span> <span class='ocrx_word' id='word_1_451' title='bbox 1410 4654 1732 4709; x_wconf 84' lang='grc' dir='ltr'>κωλύσωσιν</span> <span class='ocrx_word' id='word_1_452' title='bbox 1766 4649 1954 4705; x_wconf 75' lang='grc' dir='ltr'>ἐνθάδε</span> 
     </span>
    </p>
   </div>
   <div class='ocr_carea' id='block_1_70' title="bbox 379 4741 1953 4825">
    <p class='ocr_par' dir='ltr' id='par_1_70' title="bbox 379 4741 1953 4825">
     <span class='ocr_line' id='line_1_70' title="bbox 379 4741 1953 4825; baseline -0.009 -17"><span class='ocrx_word' id='word_1_453' title='bbox 379 4752 785 4825; x_wconf 83' lang='grc' dir='ltr'>παραγενέσθαι</span> <span class='ocrx_word' id='word_1_454' title='bbox 828 4752 887 4804; x_wconf 79' lang='grc' dir='ltr'>τὸ</span> <span class='ocrx_word' id='word_1_455' title='bbox 919 4750 1074 4818; x_wconf 75' lang='grc' dir='ltr'>ἅγιόν</span> <span class='ocrx_word' id='word_1_456' title='bbox 1107 4766 1201 4802; x_wconf 88' lang='grc' dir='ltr'><strong>σου</strong></span> <span class='ocrx_word' id='word_1_457' title='bbox 1235 4747 1484 4820; x_wconf 87' lang='grc' dir='ltr'>Πνεῦμα.</span> <span class='ocrx_word' id='word_1_458' title='bbox 1533 4744 1694 4799; x_wconf 87' lang='grc' dir='ltr'>Ἀλλὰ</span> <span class='ocrx_word' id='word_1_459' title='bbox 1742 4741 1953 4814; x_wconf 85' lang='grc' dir='ltr'>συγχώ-</span> 
     </span>
    </p>
   </div>
   <div class='ocr_carea' id='block_1_71' title="bbox 379 4832 1952 4918">
    <p class='ocr_par' dir='ltr' id='par_1_71' title="bbox 379 4832 1952 4918">
     <span class='ocr_line' id='line_1_71' title="bbox 379 4832 1952 4918; baseline -0.01 -19"><span class='ocrx_word' id='word_1_460' title='bbox 379 4847 543 4918; x_wconf 68' lang='grc' dir='ltr'>ρησον</span> <span class='ocrx_word' id='word_1_461' title='bbox 574 4863 664 4916; x_wconf 86' lang='grc' dir='ltr'><strong>μοι</strong></span> <span class='ocrx_word' id='word_1_462' title='bbox 691 4840 1078 4912; x_wconf 83' lang='grc' dir='ltr'>ἁκατακρίτως</span> <span class='ocrx_word' id='word_1_463' title='bbox 1111 4838 1241 4911; x_wconf 80' lang='grc' dir='ltr'>βοᾷν</span> <span class='ocrx_word' id='word_1_464' title='bbox 1267 4856 1351 4891; x_wconf 88' lang='grc' dir='ltr'><strong>σοι</strong></span> <span class='ocrx_word' id='word_1_465' title='bbox 1386 4836 1482 4891; x_wconf 75' lang='grc' dir='ltr'><strong>καὶ</strong></span> <span class='ocrx_word' id='word_1_466' title='bbox 1512 4835 1805 4904; x_wconf 77' lang='grc' dir='ltr'>λέγεινκαὶ</span> <span class='ocrx_word' id='word_1_467' title='bbox 1836 4832 1952 4897; x_wconf 89' lang='grc' dir='ltr'>νῦν,</span> 
     </span>
    </p>
   </div>
   <div class='ocr_carea' id='block_1_72' title="bbox 375 4927 1953 5010">
    <p class='ocr_par' dir='ltr' id='par_1_72' title="bbox 375 4927 1953 5010">
     <span class='ocr_line' id='line_1_72' title="bbox 375 4927 1953 5010; baseline -0.01 -17"><span class='ocrx_word' id='word_1_468' title='bbox 375 4937 713 5010; x_wconf 82' lang='grc' dir='ltr'>ὑπεράγαθε,</span> <span class='ocrx_word' id='word_1_469' title='bbox 765 4934 1073 5004; x_wconf 81' lang='grc' dir='ltr'>Δοξάζομέν</span> <span class='ocrx_word' id='word_1_470' title='bbox 1124 4949 1205 4995; x_wconf 89' lang='grc' dir='ltr'><strong>σε,</strong></span> <span class='ocrx_word' id='word_1_471' title='bbox 1256 4931 1533 4993; x_wconf 87' lang='grc' dir='ltr'>Δέσποτα,</span> <span class='ocrx_word' id='word_1_472' title='bbox 1584 4927 1953 4998; x_wconf 85' lang='grc' dir='ltr'>φιλάνθρωπε,</span> 
     </span>
    </p>
   </div>
   <div class='ocr_carea' id='block_1_73' title="bbox 2162 3680 3531 3756">
    <p class='ocr_par' dir='ltr' id='par_1_73' title="bbox 2162 3680 3531 3756">
     <span class='ocr_line' id='line_1_73' title="bbox 2162 3680 3531 3756; baseline -0.001 -17"><span class='ocrx_word' id='word_1_473' title='bbox 2162 3684 2309 3756; x_wconf 76' lang='lat' dir='ltr'><strong>Opus</strong></span> <span class='ocrx_word' id='word_1_474' title='bbox 2336 3683 2621 3752; x_wconf 80' lang='lat' dir='ltr'><strong>Sophronii</strong></span> <span class='ocrx_word' id='word_1_475' title='bbox 2659 3681 2980 3745; x_wconf 70' lang='lat' dir='ltr'><strong>patriarchae</strong></span> <span class='ocrx_word' id='word_1_476' title='bbox 3016 3680 3531 3750; x_wconf 76' lang='lat' dir='ltr'><strong>Hierosolymorum.</strong></span> 
     </span>
    </p>
   </div>
   <div class='ocr_carea' id='block_1_74' title="bbox 2134 3812 3643 3883">
    <p class='ocr_par' dir='ltr' id='par_1_74' title="bbox 2134 3812 3643 3883">
     <span class='ocr_line' id='line_1_74' title="bbox 2134 3812 3643 3883; baseline 0 -14"><span class='ocrx_word' id='word_1_477' title='bbox 2134 3816 2382 3869; x_wconf 79' lang='lat' dir='ltr'><strong>Trinitas</strong></span> <span class='ocrx_word' id='word_1_478' title='bbox 2411 3812 3129 3883; x_wconf 85' lang='lat' dir='ltr'><strong>supersubstantialis,vere</strong></span> <span class='ocrx_word' id='word_1_479' title='bbox 3159 3813 3322 3877; x_wconf 87' lang='lat' dir='ltr'><strong>bona,</strong></span> <span class='ocrx_word' id='word_1_480' title='bbox 3374 3830 3502 3869; x_wconf 87' lang='lat' dir='ltr'><strong>vere</strong></span> <span class='ocrx_word' id='word_1_481' title='bbox 3560 3816 3643 3869; x_wconf 85' lang='lat' dir='ltr'><strong>dl-</strong></span> 
     </span>
    </p>
   </div>
   <div class='ocr_carea' id='block_1_75' title="bbox 2064 3907 3641 3987">
    <p class='ocr_par' dir='ltr' id='par_1_75' title="bbox 2064 3907 3641 3987">
     <span class='ocr_line' id='line_1_75' title="bbox 2064 3907 3641 3987; baseline -0.004 -22"><span class='ocrx_word' id='word_1_482' title='bbox 2064 3914 2210 3972; x_wconf 85' lang='lat' dir='ltr'><strong>vina,</strong></span> <span class='ocrx_word' id='word_1_483' title='bbox 2272 3910 2637 3987; x_wconf 72' lang='lat' dir='ltr'><strong>omnipatens,</strong></span> <span class='ocrx_word' id='word_1_484' title='bbox 2668 3908 2853 3961; x_wconf 85' lang='lat' dir='ltr'><strong>omnia</strong></span> <span class='ocrx_word' id='word_1_485' title='bbox 2907 3920 3165 3969; x_wconf 86' lang='lat' dir='ltr'><strong>cernens,</strong></span> <span class='ocrx_word' id='word_1_486' title='bbox 3197 3907 3501 3971; x_wconf 84' lang='lat' dir='ltr'><strong>invisibilis,</strong></span> <span class='ocrx_word' id='word_1_487' title='bbox 3557 3908 3641 3959; x_wconf 88' lang='lat' dir='ltr'><strong>itt-</strong></span> 
     </span>
    </p>
   </div>
   <div class='ocr_carea' id='block_1_76' title="bbox 2064 3998 3643 4072">
    <p class='ocr_par' dir='ltr' id='par_1_76' title="bbox 2064 3998 3643 4072">
     <span class='ocr_line' id='line_1_76' title="bbox 2064 3998 3643 4072; baseline -0.003 -14"><span class='ocrx_word' id='word_1_488' title='bbox 2064 4004 2482 4072; x_wconf 82' lang='lat' dir='ltr'><strong>comprchensa,</strong></span> <span class='ocrx_word' id='word_1_489' title='bbox 2502 4000 2931 4054; x_wconf 85' lang='lat' dir='ltr'><strong>substantiarum</strong></span> <span class='ocrx_word' id='word_1_490' title='bbox 2965 3998 3409 4053; x_wconf 80' lang='lat' dir='ltr'><strong>intellectualium</strong></span> <span class='ocrx_word' id='word_1_491' title='bbox 3434 4007 3643 4053; x_wconf 71' lang='lat' dir='ltr'><strong>natum</strong></span> 
     </span>
    </p>
   </div>
   <div class='ocr_carea' id='block_1_77' title="bbox 2063 4091 3639 4165">
    <p class='ocr_par' dir='ltr' id='par_1_77' title="bbox 2063 4091 3639 4165">
     <span class='ocr_line' id='line_1_77' title="bbox 2063 4091 3639 4165; baseline -0.003 -15"><span class='ocrx_word' id='word_1_492' title='bbox 2063 4094 2269 4165; x_wconf 72' lang='lat' dir='ltr'><strong>onifex,</strong></span> <span class='ocrx_word' id='word_1_493' title='bbox 2315 4093 2529 4147; x_wconf 85' lang='lat' dir='ltr'><strong>bonitas</strong></span> <span class='ocrx_word' id='word_1_494' title='bbox 2583 4091 2770 4155; x_wconf 88' lang='lat' dir='ltr'><strong>insita,</strong></span> <span class='ocrx_word' id='word_1_495' title='bbox 2822 4091 3005 4145; x_wconf 88' lang='lat' dir='ltr'><strong>lumen</strong></span> <span class='ocrx_word' id='word_1_496' title='bbox 3055 4091 3391 4145; x_wconf 87' lang='lat' dir='ltr'><strong>inaccessum</strong></span> <span class='ocrx_word' id='word_1_497' title='bbox 3424 4106 3639 4147; x_wconf 85' lang='lat' dir='ltr'><strong>omnem</strong></span> 
     </span>
    </p>
   </div>
   <div class='ocr_carea' id='block_1_78' title="bbox 2063 4183 3638 4241">
    <p class='ocr_par' dir='ltr' id='par_1_78' title="bbox 2063 4183 3638 4241">
     <span class='ocr_line' id='line_1_78' title="bbox 2063 4183 3638 4241; baseline -0.003 0"><span class='ocrx_word' id='word_1_498' title='bbox 2063 4187 2338 4241; x_wconf 88' lang='lat' dir='ltr'><strong>hominem</strong></span> <span class='ocrx_word' id='word_1_499' title='bbox 2381 4185 2686 4237; x_wconf 87' lang='lat' dir='ltr'><strong>venientem</strong></span> <span class='ocrx_word' id='word_1_500' title='bbox 2723 4185 2773 4236; x_wconf 90' lang='lat' dir='ltr'><strong>in</strong></span> <span class='ocrx_word' id='word_1_501' title='bbox 2810 4183 2956 4236; x_wconf 88' lang='lat' dir='ltr'><strong>hunc</strong></span> <span class='ocrx_word' id='word_1_502' title='bbox 2990 4185 3247 4236; x_wconf 87' lang='lat' dir='ltr'><strong>mundum</strong></span> <span class='ocrx_word' id='word_1_503' title='bbox 3284 4184 3638 4237; x_wconf 82' lang='lat' dir='ltr'><strong>illuminans:</strong></span> 
     </span>
    </p>
   </div>
   <div class='ocr_carea' id='block_1_79' title="bbox 2064 4275 3643 4347">
    <p class='ocr_par' dir='ltr' id='par_1_79' title="bbox 2064 4275 3643 4347">
     <span class='ocr_line' id='line_1_79' title="bbox 2064 4275 3643 4347; baseline -0.004 -13"><span class='ocrx_word' id='word_1_504' title='bbox 2064 4279 2264 4334; x_wconf 83' lang='lat' dir='ltr'><strong>irradia</strong></span> <span class='ocrx_word' id='word_1_505' title='bbox 2314 4289 2532 4347; x_wconf 86' lang='lat' dir='ltr'><strong>quoque</strong></span> <span class='ocrx_word' id='word_1_506' title='bbox 2554 4275 2686 4329; x_wconf 91' lang='lat' dir='ltr'><strong>mihi</strong></span> <span class='ocrx_word' id='word_1_507' title='bbox 2718 4290 2878 4330; x_wconf 86' lang='lat' dir='ltr'><strong>servo</strong></span> <span class='ocrx_word' id='word_1_508' title='bbox 2919 4286 3008 4328; x_wconf 82' lang='lat' dir='ltr'><strong>tuo</strong></span> <span class='ocrx_word' id='word_1_509' title='bbox 3043 4276 3284 4344; x_wconf 86' lang='lat' dir='ltr'><strong>indigno,</strong></span> <span class='ocrx_word' id='word_1_510' title='bbox 3319 4288 3372 4327; x_wconf 77' lang='lat' dir='ltr'><strong>et</strong></span> <span class='ocrx_word' id='word_1_511' title='bbox 3443 4275 3643 4329; x_wconf 83' lang='lat' dir='ltr'><strong>mentis</strong></span> 
     </span>
    </p>
   </div>
   <div class='ocr_carea' id='block_1_80' title="bbox 2064 4370 3639 4437">
    <p class='ocr_par' dir='ltr' id='par_1_80' title="bbox 2064 4370 3639 4437">
     <span class='ocr_line' id='line_1_80' title="bbox 2064 4370 3639 4437; baseline -0.003 -8"><span class='ocrx_word' id='word_1_512' title='bbox 2064 4391 2198 4429; x_wconf 78' lang='lat' dir='ltr'><strong>mea:</strong></span> <span class='ocrx_word' id='word_1_513' title='bbox 2230 4374 2415 4429; x_wconf 89' lang='lat' dir='ltr'><strong>oculos</strong></span> <span class='ocrx_word' id='word_1_514' title='bbox 2476 4372 2704 4437; x_wconf 89' lang='lat' dir='ltr'><strong>illustra,</strong></span> <span class='ocrx_word' id='word_1_515' title='bbox 2739 4382 2797 4425; x_wconf 90' lang='lat' dir='ltr'><strong>ut</strong></span> <span class='ocrx_word' id='word_1_516' title='bbox 2847 4371 3172 4425; x_wconf 90' lang='lat' dir='ltr'><strong>immensum</strong></span> <span class='ocrx_word' id='word_1_517' title='bbox 3216 4370 3535 4423; x_wconf 77' lang='lat' dir='ltr'><strong>beneficium</strong></span> <span class='ocrx_word' id='word_1_518' title='bbox 3586 4381 3639 4424; x_wconf 88' lang='lat' dir='ltr'><strong>ct</strong></span> 
     </span>
    </p>
   </div>
   <div class='ocr_carea' id='block_1_81' title="bbox 2066 4459 3642 4533">
    <p class='ocr_par' dir='ltr' id='par_1_81' title="bbox 2066 4459 3642 4533">
     <span class='ocr_line' id='line_1_81' title="bbox 2066 4459 3642 4533; baseline -0.001 -18"><span class='ocrx_word' id='word_1_519' title='bbox 2066 4467 2317 4519; x_wconf 81' lang='lat' dir='ltr'><strong>virtutem</strong></span> <span class='ocrx_word' id='word_1_520' title='bbox 2355 4462 2636 4519; x_wconf 81' lang='lat' dir='ltr'><strong>celebrare</strong></span> <span class='ocrx_word' id='word_1_521' title='bbox 2658 4459 2945 4533; x_wconf 78' lang='lat' dir='ltr'><strong>aggrediar</strong></span> <span class='ocrx_word' id='word_1_522' title='bbox 2976 4477 2990 4525; x_wconf 93' lang='lat'>;</span> <span class='ocrx_word' id='word_1_523' title='bbox 3020 4471 3239 4531; x_wconf 88' lang='lat' dir='ltr'><strong>accepta</strong></span> <span class='ocrx_word' id='word_1_524' title='bbox 3294 4460 3386 4514; x_wconf 88' lang='lat' dir='ltr'><strong>fiat</strong></span> <span class='ocrx_word' id='word_1_525' title='bbox 3421 4469 3642 4529; x_wconf 79' lang='lat' dir='ltr'><strong>propter</strong></span> 
     </span>
    </p>
   </div>
   <div class='ocr_carea' id='block_1_82' title="bbox 2063 4538 3639 4625">
    <p class='ocr_par' dir='ltr' id='par_1_82' title="bbox 2063 4538 3639 4625">
     <span class='ocr_line' id='line_1_82' title="bbox 2063 4538 3639 4625; baseline -0.003 -14"><span class='ocrx_word' id='word_1_526' title='bbox 2063 4566 2332 4611; x_wconf 84' lang='lat' dir='ltr'><strong>astantem</strong></span> <span class='ocrx_word' id='word_1_527' title='bbox 2366 4554 2618 4625; x_wconf 85' lang='lat' dir='ltr'><strong>populum</strong></span> <span class='ocrx_word' id='word_1_528' title='bbox 2653 4568 2772 4608; x_wconf 86' lang='lat' dir='ltr'><strong>mea</strong></span> <span class='ocrx_word' id='word_1_529' title='bbox 2820 4553 3169 4623; x_wconf 75' lang='lat' dir='ltr'><strong>supplicatio,</strong></span> <span class='ocrx_word' id='word_1_530' title='bbox 3203 4567 3268 4607; x_wconf 93' lang='lat' dir='ltr'><strong>ne</strong></span> <span class='ocrx_word' id='word_1_531' title='bbox 3324 4554 3426 4608; x_wconf 86' lang='lat' dir='ltr'><strong>huc</strong></span> <span class='ocrx_word' id='word_1_532' title='bbox 3475 4538 3639 4608; x_wconf 79' lang='lat' dir='ltr'><strong>adve-</strong></span> 
     </span>
    </p>
   </div>
   <div class='ocr_carea' id='block_1_83' title="bbox 2064 4648 3641 4719">
    <p class='ocr_par' dir='ltr' id='par_1_83' title="bbox 2064 4648 3641 4719">
     <span class='ocr_line' id='line_1_83' title="bbox 2064 4648 3641 4719; baseline -0.002 -16"><span class='ocrx_word' id='word_1_533' title='bbox 2064 4651 2299 4705; x_wconf 85' lang='lat' dir='ltr'><strong>nieutem</strong></span> <span class='ocrx_word' id='word_1_534' title='bbox 2334 4648 2597 4719; x_wconf 83' lang='lat' dir='ltr'><strong>Spiritum</strong></span> <span class='ocrx_word' id='word_1_535' title='bbox 2638 4656 2786 4700; x_wconf 91' lang='lat' dir='ltr'><strong>tuum</strong></span> <span class='ocrx_word' id='word_1_536' title='bbox 2835 4656 3083 4701; x_wconf 87' lang='lat' dir='ltr'><strong>sanctum</strong></span> <span class='ocrx_word' id='word_1_537' title='bbox 3116 4656 3332 4715; x_wconf 74' lang='lat' dir='ltr'><strong>peccata</strong></span> <span class='ocrx_word' id='word_1_538' title='bbox 3362 4661 3477 4699; x_wconf 80' lang='lat' dir='ltr'><strong>mea</strong></span> <span class='ocrx_word' id='word_1_539' title='bbox 3504 4661 3641 4714; x_wconf 81' lang='lat' dir='ltr'><strong>prae-</strong></span> 
     </span>
    </p>
   </div>
   <div class='ocr_carea' id='block_1_84' title="bbox 2064 4737 3637 4812">
    <p class='ocr_par' dir='ltr' id='par_1_84' title="bbox 2064 4737 3637 4812">
     <span class='ocr_line' id='line_1_84' title="bbox 2064 4737 3637 4812; baseline -0.004 -16"><span class='ocrx_word' id='word_1_540' title='bbox 2064 4742 2326 4812; x_wconf 87' lang='lat' dir='ltr'><strong>pediant:</strong></span> <span class='ocrx_word' id='word_1_541' title='bbox 2364 4741 2458 4795; x_wconf 91' lang='lat' dir='ltr'><strong>sed</strong></span> <span class='ocrx_word' id='word_1_542' title='bbox 2488 4750 2540 4794; x_wconf 89' lang='lat' dir='ltr'><strong>et</strong></span> <span class='ocrx_word' id='word_1_543' title='bbox 2573 4738 2828 4808; x_wconf 88' lang='lat' dir='ltr'><strong>permitte</strong></span> <span class='ocrx_word' id='word_1_544' title='bbox 2861 4739 2991 4792; x_wconf 88' lang='lat' dir='ltr'><strong>mihi</strong></span> <span class='ocrx_word' id='word_1_545' title='bbox 3027 4737 3299 4807; x_wconf 86' lang='lat' dir='ltr'><strong>ineulpatc</strong></span> <span class='ocrx_word' id='word_1_546' title='bbox 3332 4737 3399 4791; x_wconf 86' lang='lat' dir='ltr'><strong>ad</strong></span> <span class='ocrx_word' id='word_1_547' title='bbox 3437 4748 3487 4791; x_wconf 87' lang='lat' dir='ltr'><strong>te</strong></span> <span class='ocrx_word' id='word_1_548' title='bbox 3527 4739 3637 4791; x_wconf 83' lang='lat' dir='ltr'><strong>cla-</strong></span> 
     </span>
    </p>
   </div>
   <div class='ocr_carea' id='block_1_85' title="bbox 2063 4829 3637 4901">
    <p class='ocr_par' dir='ltr' id='par_1_85' title="bbox 2063 4829 3637 4901">
     <span class='ocr_line' id='line_1_85' title="bbox 2063 4829 3637 4901; baseline -0.009 -12"><span class='ocrx_word' id='word_1_549' title='bbox 2063 4851 2238 4898; x_wconf 83' lang='lat' dir='ltr'><strong>ntare,</strong></span> <span class='ocrx_word' id='word_1_550' title='bbox 2270 4832 2750 4901; x_wconf 88' lang='lat' dir='ltr'><strong>etdicere:Super</strong></span> <span class='ocrx_word' id='word_1_551' title='bbox 2789 4846 2978 4885; x_wconf 91' lang='lat' dir='ltr'><strong>omnes</strong></span> <span class='ocrx_word' id='word_1_552' title='bbox 3022 4831 3183 4894; x_wconf 88' lang='lat' dir='ltr'><strong>bone,</strong></span> <span class='ocrx_word' id='word_1_553' title='bbox 3250 4829 3530 4883; x_wconf 84' lang='lat' dir='ltr'><strong>laudamus</strong></span> <span class='ocrx_word' id='word_1_554' title='bbox 3564 4839 3637 4893; x_wconf 71' lang='grc' dir='ltr'>ιιι,</span> 
     </span>
    </p>
   </div>
   <div class='ocr_carea' id='block_1_86' title="bbox 2065 4904 3643 4996">
    <p class='ocr_par' dir='ltr' id='par_1_86' title="bbox 2065 4904 3643 4996">
     <span class='ocr_line' id='line_1_86' title="bbox 2065 4904 3643 4996; baseline -0.007 -16"><span class='ocrx_word' id='word_1_555' title='bbox 2065 4927 2296 4996; x_wconf 80' lang='lat' dir='ltr'><strong>benigne</strong></span> <span class='ocrx_word' id='word_1_556' title='bbox 2330 4923 2583 4988; x_wconf 90' lang='lat' dir='ltr'><strong>Domine,</strong></span> <span class='ocrx_word' id='word_1_557' title='bbox 2626 4904 2993 4992; x_wconf 82' lang='lat' dir='ltr'><strong>omnipotens,</strong></span> <span class='ocrx_word' id='word_1_558' title='bbox 3046 4937 3141 4974; x_wconf 78' lang='lat' dir='ltr'><strong>rex</strong></span> <span class='ocrx_word' id='word_1_559' title='bbox 3195 4930 3414 4983; x_wconf 66' lang='lat' dir='ltr'><strong>aeterne,</strong></span> <span class='ocrx_word' id='word_1_560' title='bbox 3454 4919 3643 4973; x_wconf 76' lang='lat' dir='ltr'><strong>laudu-</strong></span> 
     </span>
    </p>
   </div>
   <div class='ocr_carea' id='block_1_87' title="bbox 377 5008 1961 5111">
    <p class='ocr_par' dir='ltr' id='par_1_87' title="bbox 377 5016 1954 5100">
     <span class='ocr_line' id='line_1_87' title="bbox 377 5016 1954 5100; baseline -0.01 -16"><span class='ocrx_word' id='word_1_561' title='bbox 377 5028 783 5100; x_wconf 81' lang='grc' dir='ltr'>παντοκράτορ.</span> <span class='ocrx_word' id='word_1_562' title='bbox 821 5024 1115 5095; x_wconf 87' lang='grc' dir='ltr'>προαιὼνιε</span> <span class='ocrx_word' id='word_1_563' title='bbox 1161 5020 1407 5092; x_wconf 85' lang='grc' dir='ltr'>βασιλεῦ,</span> <span class='ocrx_word' id='word_1_564' title='bbox 1439 5016 1735 5089; x_wconf 77' lang='grc' dir='ltr'>δοξάζομέν</span> <span class='ocrx_word' id='word_1_565' title='bbox 1772 5035 1831 5069; x_wconf 89' lang='grc' dir='ltr'><strong>σε</strong></span> <span class='ocrx_word' id='word_1_566' title='bbox 1862 5016 1954 5068; x_wconf 79' lang='grc' dir='ltr'><strong>τὸν</strong></span> 
     </span>
    </p>
   </div>
   <div class='ocr_carea' id='block_1_88' title="bbox 2065 5008 3639 5111">
    <p class='ocr_par' dir='ltr' id='par_1_88' title="bbox 2067 5008 3639 5080">
     <span class='ocr_line' id='line_1_88' title="bbox 2067 5008 3639 5080; baseline -0.006 -11"><span class='ocrx_word' id='word_1_567' title='bbox 2067 5031 2186 5069; x_wconf 88' lang='lat' dir='ltr'><strong>mus</strong></span> <span class='ocrx_word' id='word_1_568' title='bbox 2219 5025 2269 5069; x_wconf 90' lang='lat' dir='ltr'><strong>te</strong></span> <span class='ocrx_word' id='word_1_569' title='bbox 2294 5012 2636 5077; x_wconf 83' lang='lat' dir='ltr'><strong>Creatorem,</strong></span> <span class='ocrx_word' id='word_1_570' title='bbox 2668 5020 2724 5067; x_wconf 88' lang='lat' dir='ltr'><strong>et</strong></span> <span class='ocrx_word' id='word_1_571' title='bbox 2774 5012 2956 5067; x_wconf 90' lang='lat' dir='ltr'><strong>nmndi</strong></span> <span class='ocrx_word' id='word_1_572' title='bbox 2992 5010 3277 5080; x_wconf 87' lang='lat' dir='ltr'><strong>Opificem.</strong></span> <span class='ocrx_word' id='word_1_573' title='bbox 3328 5008 3639 5061; x_wconf 74' lang='lat' dir='ltr'><strong>Laudamus</strong></span> 
     </span>
    </p>
   </div>
   <div class='ocr_carea' id='block_1_89' title="bbox 377 5109 1954 5192">
    <p class='ocr_par' dir='ltr' id='par_1_89' title="bbox 377 5109 1954 5192">
     <span class='ocr_line' id='line_1_89' title="bbox 377 5109 1954 5192; baseline -0.012 -14"><span class='ocrx_word' id='word_1_574' title='bbox 377 5122 638 5192; x_wconf 74' lang='grc' dir='ltr'>κτίστην,</span> <span class='ocrx_word' id='word_1_575' title='bbox 673 5120 764 5173; x_wconf 75' lang='grc' dir='ltr'>καὶ</span> <span class='ocrx_word' id='word_1_576' title='bbox 790 5116 1130 5188; x_wconf 84' lang='grc' dir='ltr'>Δημιουργὸν</span> <span class='ocrx_word' id='word_1_577' title='bbox 1170 5114 1263 5168; x_wconf 87' lang='grc' dir='ltr'><strong>τοῦ</strong></span> <span class='ocrx_word' id='word_1_578' title='bbox 1312 5114 1536 5177; x_wconf 73' lang='grc' dir='ltr'>παντός’</span> <span class='ocrx_word' id='word_1_579' title='bbox 1571 5109 1866 5179; x_wconf 75' lang='grc' dir='ltr'>δοξάζομεν</span> <span class='ocrx_word' id='word_1_580' title='bbox 1895 5124 1954 5160; x_wconf 91' lang='grc' dir='ltr'><strong>σε</strong></span> 
     </span>
    </p>
   </div>
   <div class='ocr_carea' id='block_1_90' title="bbox 375 5198 1953 5282">
    <p class='ocr_par' dir='ltr' id='par_1_90' title="bbox 375 5198 1953 5282">
     <span class='ocr_line' id='line_1_90' title="bbox 375 5198 1953 5282; baseline -0.011 -14"><span class='ocrx_word' id='word_1_581' title='bbox 375 5217 467 5268; x_wconf 66' lang='grc' dir='ltr'>τὸν</span> <span class='ocrx_word' id='word_1_582' title='bbox 500 5214 749 5282; x_wconf 83' lang='grc' dir='ltr'>ἀπάτορα</span> <span class='ocrx_word' id='word_1_583' title='bbox 782 5212 847 5263; x_wconf 82' lang='grc' dir='ltr'>ὲκ</span> <span class='ocrx_word' id='word_1_584' title='bbox 903 5208 1128 5279; x_wconf 81' lang='grc' dir='ltr'>μητρὸς,</span> <span class='ocrx_word' id='word_1_585' title='bbox 1182 5208 1276 5259; x_wconf 78' lang='grc' dir='ltr'>καὶ</span> <span class='ocrx_word' id='word_1_586' title='bbox 1314 5206 1567 5275; x_wconf 81' lang='grc' dir='ltr'>ἀμήτορα</span> <span class='ocrx_word' id='word_1_587' title='bbox 1609 5205 1674 5256; x_wconf 81' lang='grc' dir='ltr'>ὲκ</span> <span class='ocrx_word' id='word_1_588' title='bbox 1724 5198 1953 5270; x_wconf 85' lang='grc' dir='ltr'>πατρός.</span> 
     </span>
    </p>
   </div>
   <div class='ocr_carea' id='block_1_91' title="bbox 336 5290 1951 5374">
    <p class='ocr_par' dir='ltr' id='par_1_91' title="bbox 336 5290 1951 5374">
     <span class='ocr_line' id='line_1_91' title="bbox 336 5290 1951 5374; baseline -0.013 -14"><span class='ocrx_word' id='word_1_589' title='bbox 336 5322 343 5329; x_wconf 83' lang='lat'><strong><em>&#39;</em></strong></span> <span class='ocrx_word' id='word_1_590' title='bbox 387 5307 476 5359; x_wconf 85' lang='grc' dir='ltr'>Ἐν</span> <span class='ocrx_word' id='word_1_591' title='bbox 508 5306 617 5374; x_wconf 84' lang='grc' dir='ltr'>γὰρ</span> <span class='ocrx_word' id='word_1_592' title='bbox 645 5305 711 5374; x_wconf 81' lang='grc' dir='ltr'>τῇ</span> <span class='ocrx_word' id='word_1_593' title='bbox 761 5297 1109 5372; x_wconf 79' lang='grc' dir='ltr'>προλαὸούσῃ</span> <span class='ocrx_word' id='word_1_594' title='bbox 1142 5299 1326 5369; x_wconf 78' lang='grc' dir='ltr'>ἑορτῇ,</span> <span class='ocrx_word' id='word_1_595' title='bbox 1370 5292 1563 5364; x_wconf 84' lang='grc' dir='ltr'>νήπιὸν</span> <span class='ocrx_word' id='word_1_596' title='bbox 1591 5308 1654 5345; x_wconf 90' lang='grc' dir='ltr'><strong>σε</strong></span> <span class='ocrx_word' id='word_1_597' title='bbox 1697 5290 1914 5358; x_wconf 75' lang='grc' dir='ltr'>εἴδομεν</span> <span class='ocrx_word' id='word_1_598' title='bbox 1937 5301 1951 5316; x_wconf 84' lang='grc'>⁶</span> 
     </span>
    </p>
   </div>
   <div class='ocr_carea' id='block_1_92' title="bbox 376 5380 1952 5466">
    <p class='ocr_par' dir='ltr' id='par_1_92' title="bbox 376 5380 1952 5466">
     <span class='ocr_line' id='line_1_92' title="bbox 376 5380 1952 5466; baseline -0.013 -14"><span class='ocrx_word' id='word_1_599' title='bbox 376 5401 434 5452; x_wconf 76' lang='grc' dir='ltr'>ὲν</span> <span class='ocrx_word' id='word_1_600' title='bbox 472 5398 529 5450; x_wconf 82' lang='grc' dir='ltr'>δὲ</span> <span class='ocrx_word' id='word_1_601' title='bbox 548 5398 614 5466; x_wconf 80' lang='grc' dir='ltr'>τῇ</span> <span class='ocrx_word' id='word_1_602' title='bbox 654 5392 928 5464; x_wconf 80' lang='grc' dir='ltr'>παρούσῃ,</span> <span class='ocrx_word' id='word_1_603' title='bbox 964 5390 1167 5443; x_wconf 80' lang='grc' dir='ltr'>τέλειόν</span> <span class='ocrx_word' id='word_1_604' title='bbox 1208 5406 1266 5441; x_wconf 90' lang='grc' dir='ltr'><strong>σε</strong></span> <span class='ocrx_word' id='word_1_605' title='bbox 1296 5387 1511 5459; x_wconf 79' lang='grc' dir='ltr'>ὁρῶμεν</span> <span class='ocrx_word' id='word_1_606' title='bbox 1536 5385 1629 5439; x_wconf 64' lang='grc' dir='ltr'><strong>τὸν</strong></span> <span class='ocrx_word' id='word_1_607' title='bbox 1650 5384 1713 5436; x_wconf 83' lang='grc' dir='ltr'>ὲκ</span> <span class='ocrx_word' id='word_1_608' title='bbox 1743 5380 1952 5434; x_wconf 85' lang='grc' dir='ltr'>τελείου</span> 
     </span>
    </p>
   </div>
   <div class='ocr_carea' id='block_1_93' title="bbox 374 5474 1955 5553">
    <p class='ocr_par' dir='ltr' id='par_1_93' title="bbox 374 5474 1955 5553">
     <span class='ocr_line' id='line_1_93' title="bbox 374 5474 1955 5553; baseline -0.013 -9"><span class='ocrx_word' id='word_1_609' title='bbox 374 5490 580 5544; x_wconf 78' lang='grc' dir='ltr'>τέλειον</span> <span class='ocrx_word' id='word_1_610' title='bbox 615 5483 950 5553; x_wconf 78' lang='grc' dir='ltr'>ἐπιφανέντα</span> <span class='ocrx_word' id='word_1_611' title='bbox 1002 5481 1135 5534; x_wconf 80' lang='grc' dir='ltr'>Θεὸν</span> <span class='ocrx_word' id='word_1_612' title='bbox 1185 5480 1364 5551; x_wconf 81' lang='grc' dir='ltr'>ἡμῶν.</span> <span class='ocrx_word' id='word_1_613' title='bbox 1419 5478 1669 5548; x_wconf 75' lang='grc' dir='ltr'>Σήμερον</span> <span class='ocrx_word' id='word_1_614' title='bbox 1710 5475 1820 5546; x_wconf 85' lang='grc' dir='ltr'><strong>γὰρ</strong></span> <span class='ocrx_word' id='word_1_615' title='bbox 1854 5474 1955 5543; x_wconf 75' lang='grc' dir='ltr'>τῆς</span> 
     </span>
    </p>
   </div>
   <div class='ocr_carea' id='block_1_94' title="bbox 376 5566 1952 5651">
    <p class='ocr_par' dir='ltr' id='par_1_94' title="bbox 376 5566 1952 5651">
     <span class='ocr_line' id='line_1_94' title="bbox 376 5566 1952 5651; baseline -0.011 -17"><span class='ocrx_word' id='word_1_616' title='bbox 376 5580 569 5651; x_wconf 72' lang='grc' dir='ltr'>ἑορτῆς</span> <span class='ocrx_word' id='word_1_617' title='bbox 602 5579 734 5647; x_wconf 81' lang='grc' dir='ltr'>ἡμῖν</span> <span class='ocrx_word' id='word_1_618' title='bbox 766 5574 971 5640; x_wconf 81' lang='grc' dir='ltr'>ἐπέστη</span> <span class='ocrx_word' id='word_1_619' title='bbox 996 5572 1208 5643; x_wconf 82' lang='grc' dir='ltr'>καιρὸς,</span> <span class='ocrx_word' id='word_1_620' title='bbox 1233 5572 1327 5624; x_wconf 75' lang='grc' dir='ltr'><strong>καὶ</strong></span> <span class='ocrx_word' id='word_1_621' title='bbox 1355 5570 1513 5640; x_wconf 73' lang='grc' dir='ltr'>χορὸς</span> <span class='ocrx_word' id='word_1_622' title='bbox 1539 5568 1713 5651; x_wconf 77' lang='grc' dir='ltr'>ἁγίων</span> <span class='ocrx_word' id='word_1_623' title='bbox 1750 5566 1952 5634; x_wconf 78' lang='grc' dir='ltr'>ἐκκλη-</span> 
     </span>
    </p>
   </div>
   <div class='ocr_carea' id='block_1_95' title="bbox 376 5657 1951 5739">
    <p class='ocr_par' dir='ltr' id='par_1_95' title="bbox 376 5657 1951 5739">
     <span class='ocr_line' id='line_1_95' title="bbox 376 5657 1951 5739; baseline -0.011 -13"><span class='ocrx_word' id='word_1_624' title='bbox 376 5672 552 5736; x_wconf 74' lang='grc' dir='ltr'>σιάζει</span> <span class='ocrx_word' id='word_1_625' title='bbox 581 5672 737 5739; x_wconf 78' lang='grc' dir='ltr'>ἡμῖν·</span> <span class='ocrx_word' id='word_1_626' title='bbox 773 5667 863 5719; x_wconf 68' lang='grc' dir='ltr'>καὶ</span> <span class='ocrx_word' id='word_1_627' title='bbox 888 5663 1110 5731; x_wconf 78' lang='grc' dir='ltr'>ἄγγελοι</span> <span class='ocrx_word' id='word_1_628' title='bbox 1147 5663 1284 5731; x_wconf 87' lang='grc' dir='ltr'>μετὰ</span> <span class='ocrx_word' id='word_1_629' title='bbox 1315 5658 1619 5730; x_wconf 73' lang='grc' dir='ltr'>ἀνθρώπων</span> <span class='ocrx_word' id='word_1_630' title='bbox 1660 5657 1951 5725; x_wconf 82' lang='grc' dir='ltr'>συνεορτά-</span> 
     </span>
    </p>
   </div>
   <div class='ocr_carea' id='block_1_96' title="bbox 372 5750 1954 5831">
    <p class='ocr_par' dir='ltr' id='par_1_96' title="bbox 372 5750 1954 5831">
     <span class='ocr_line' id='line_1_96' title="bbox 372 5750 1954 5831; baseline -0.027 11"><span class='ocrx_word' id='word_1_631' title='bbox 372 5764 545 5828; x_wconf 71' lang='grc' dir='ltr'><strong>ξουσιο</strong></span> <span class='ocrx_word' id='word_1_632' title='bbox 573 5762 819 5831; x_wconf 74' lang='grc' dir='ltr'>Σήμερον</span> <span class='ocrx_word' id='word_1_633' title='bbox 844 5757 1002 5827; x_wconf 72' lang='grc' dir='ltr'>γὰρὴ</span> <span class='ocrx_word' id='word_1_634' title='bbox 1031 5755 1190 5825; x_wconf 77' lang='grc' dir='ltr'>χάρις</span> <span class='ocrx_word' id='word_1_635' title='bbox 1226 5752 1317 5806; x_wconf 75' lang='grc' dir='ltr'><strong>τοῦ</strong></span> <span class='ocrx_word' id='word_1_636' title='bbox 1343 5752 1496 5820; x_wconf 72' lang='grc' dir='ltr'>ἁγίου</span> <span class='ocrx_word' id='word_1_637' title='bbox 1536 5750 1869 5819; x_wconf 73' lang='grc' dir='ltr'>Πνεύμοιτος,</span> <span class='ocrx_word' id='word_1_638' title='bbox 1897 5751 1954 5801; x_wconf 75' lang='grc' dir='ltr'><strong>ὲν</strong></span> 
     </span>
    </p>
   </div>
   <div class='ocr_carea' id='block_1_97' title="bbox 2063 5105 3644 5174">
    <p class='ocr_par' dir='ltr' id='par_1_97' title="bbox 2063 5105 3644 5174">
     <span class='ocr_line' id='line_1_97' title="bbox 2063 5105 3644 5174; baseline -0.003 -14"><span class='ocrx_word' id='word_1_639' title='bbox 2063 5118 2133 5169; x_wconf 86' lang='lat' dir='ltr'><strong>te,</strong></span> <span class='ocrx_word' id='word_1_640' title='bbox 2165 5122 2230 5161; x_wconf 85' lang='lat' dir='ltr'><strong>ex</strong></span> <span class='ocrx_word' id='word_1_641' title='bbox 2256 5117 2429 5160; x_wconf 87' lang='lat' dir='ltr'><strong>matre</strong></span> <span class='ocrx_word' id='word_1_642' title='bbox 2488 5106 2609 5160; x_wconf 84' lang='lat' dir='ltr'><strong>sine</strong></span> <span class='ocrx_word' id='word_1_643' title='bbox 2672 5115 2847 5174; x_wconf 90' lang='lat' dir='ltr'><strong>patre,</strong></span> <span class='ocrx_word' id='word_1_644' title='bbox 2884 5117 2939 5158; x_wconf 89' lang='lat' dir='ltr'><strong>et</strong></span> <span class='ocrx_word' id='word_1_645' title='bbox 2971 5120 3036 5160; x_wconf 78' lang='lat' dir='ltr'><strong>ex</strong></span> <span class='ocrx_word' id='word_1_646' title='bbox 3089 5114 3246 5171; x_wconf 88' lang='lat' dir='ltr'><strong>patre</strong></span> <span class='ocrx_word' id='word_1_647' title='bbox 3299 5105 3417 5155; x_wconf 88' lang='lat' dir='ltr'><strong>sine</strong></span> <span class='ocrx_word' id='word_1_648' title='bbox 3467 5114 3644 5156; x_wconf 77' lang='lat' dir='ltr'><strong>matre</strong></span> 
     </span>
    </p>
   </div>
   <div class='ocr_carea' id='block_1_98' title="bbox 2060 5191 3631 5262">
    <p class='ocr_par' dir='ltr' id='par_1_98' title="bbox 2060 5191 3631 5262">
     <span class='ocr_line' id='line_1_98' title="bbox 2060 5191 3631 5262; baseline -0.003 -12"><span class='ocrx_word' id='word_1_649' title='bbox 2060 5208 2269 5251; x_wconf 88' lang='lat' dir='ltr'><strong>natum.</strong></span> <span class='ocrx_word' id='word_1_650' title='bbox 2299 5195 2508 5251; x_wconf 62' lang='lat' dir='ltr'><strong>Praevio</strong></span> <span class='ocrx_word' id='word_1_651' title='bbox 2542 5210 2777 5262; x_wconf 88' lang='lat' dir='ltr'><strong>namque</strong></span> <span class='ocrx_word' id='word_1_652' title='bbox 2817 5194 2955 5249; x_wconf 75' lang='lat' dir='ltr'><strong>festo</strong></span> <span class='ocrx_word' id='word_1_653' title='bbox 2978 5192 3241 5246; x_wconf 77' lang='lat' dir='ltr'><strong>infantem</strong></span> <span class='ocrx_word' id='word_1_654' title='bbox 3274 5202 3325 5245; x_wconf 90' lang='lat' dir='ltr'><strong>te</strong></span> <span class='ocrx_word' id='word_1_655' title='bbox 3361 5191 3587 5246; x_wconf 78' lang='lat' dir='ltr'><strong>vidimus</strong></span> <span class='ocrx_word' id='word_1_656' title='bbox 3620 5207 3631 5250; x_wconf 88' lang='lat'><strong>:</strong></span> 
     </span>
    </p>
   </div>
   <div class='ocr_carea' id='block_1_99' title="bbox 2060 5282 3635 5357">
    <p class='ocr_par' dir='ltr' id='par_1_99' title="bbox 2060 5282 3635 5357">
     <span class='ocr_line' id='line_1_99' title="bbox 2060 5282 3635 5357; baseline -0.004 -15"><span class='ocrx_word' id='word_1_657' title='bbox 2060 5289 2113 5342; x_wconf 93' lang='lat' dir='ltr'><strong>in</strong></span> <span class='ocrx_word' id='word_1_658' title='bbox 2157 5289 2408 5357; x_wconf 64' lang='lat' dir='ltr'><strong>pra&#39;seuti</strong></span> <span class='ocrx_word' id='word_1_659' title='bbox 2438 5304 2565 5342; x_wconf 87' lang='lat' dir='ltr'><strong>vero</strong></span> <span class='ocrx_word' id='word_1_660' title='bbox 2608 5286 2912 5357; x_wconf 83' lang='lat' dir='ltr'><strong>perfectqu</strong></span> <span class='ocrx_word' id='word_1_661' title='bbox 2955 5298 3007 5342; x_wconf 93' lang='lat' dir='ltr'><strong>te</strong></span> <span class='ocrx_word' id='word_1_662' title='bbox 3055 5282 3350 5349; x_wconf 86' lang='lat' dir='ltr'><strong>cernimus,</strong></span> <span class='ocrx_word' id='word_1_663' title='bbox 3392 5298 3456 5336; x_wconf 82' lang='lat' dir='ltr'><strong>ex</strong></span> <span class='ocrx_word' id='word_1_664' title='bbox 3515 5296 3635 5351; x_wconf 87' lang='lat' dir='ltr'><strong>pcr—</strong></span> 
     </span>
    </p>
   </div>
   <div class='ocr_carea' id='block_1_100' title="bbox 2058 5373 3642 5448">
    <p class='ocr_par' dir='ltr' id='par_1_100' title="bbox 2058 5373 3642 5448">
     <span class='ocr_line' id='line_1_100' title="bbox 2058 5373 3642 5448; baseline -0.004 -16"><span class='ocrx_word' id='word_1_665' title='bbox 2058 5378 2202 5433; x_wconf 76' lang='lat' dir='ltr'><strong>fecto</strong></span> <span class='ocrx_word' id='word_1_666' title='bbox 2228 5379 2394 5433; x_wconf 89' lang='lat' dir='ltr'><strong>Deum</strong></span> <span class='ocrx_word' id='word_1_667' title='bbox 2421 5389 2663 5434; x_wconf 81' lang='lat' dir='ltr'><strong>nostrum</strong></span> <span class='ocrx_word' id='word_1_668' title='bbox 2697 5377 2997 5448; x_wconf 82' lang='lat' dir='ltr'><strong>perfectum</strong></span> <span class='ocrx_word' id='word_1_669' title='bbox 3053 5376 3249 5428; x_wconf 89' lang='lat' dir='ltr'><strong>mundo</strong></span> <span class='ocrx_word' id='word_1_670' title='bbox 3268 5373 3642 5427; x_wconf 86' lang='lat' dir='ltr'><strong>manifestum.</strong></span> 
     </span>
    </p>
   </div>
   <div class='ocr_carea' id='block_1_101' title="bbox 2014 5462 3644 5537">
    <p class='ocr_par' dir='ltr' id='par_1_101' title="bbox 2014 5462 3644 5537">
     <span class='ocr_line' id='line_1_101' title="bbox 2014 5462 3644 5537; baseline -0.005 -12"><span class='ocrx_word' id='word_1_671' title='bbox 2014 5462 2019 5466; x_wconf 55' lang='grc'><strong>’</strong></span> <span class='ocrx_word' id='word_1_672' title='bbox 2063 5471 2237 5526; x_wconf 86' lang='lat' dir='ltr'><strong>llodie</strong></span> <span class='ocrx_word' id='word_1_673' title='bbox 2270 5470 2492 5536; x_wconf 89' lang='lat' dir='ltr'><strong>etenim,</strong></span> <span class='ocrx_word' id='word_1_674' title='bbox 2538 5470 2790 5525; x_wconf 83' lang='lat' dir='ltr'><strong>festivum</strong></span> <span class='ocrx_word' id='word_1_675' title='bbox 2849 5479 3057 5537; x_wconf 84' lang='lat' dir='ltr'><strong>tempus</strong></span> <span class='ocrx_word' id='word_1_676' title='bbox 3093 5468 3266 5529; x_wconf 89' lang='lat' dir='ltr'><strong>adest,</strong></span> <span class='ocrx_word' id='word_1_677' title='bbox 3324 5475 3376 5521; x_wconf 89' lang='lat' dir='ltr'><strong>et</strong></span> <span class='ocrx_word' id='word_1_678' title='bbox 3426 5473 3644 5520; x_wconf 84' lang='lat' dir='ltr'><strong>sancto-</strong></span> 
     </span>
    </p>
   </div>
   <div class='ocr_carea' id='block_1_102' title="bbox 2060 5556 3642 5624">
    <p class='ocr_par' dir='ltr' id='par_1_102' title="bbox 2060 5556 3642 5624">
     <span class='ocr_line' id='line_1_102' title="bbox 2060 5556 3642 5624; baseline -0.005 -7"><span class='ocrx_word' id='word_1_679' title='bbox 2060 5578 2180 5617; x_wconf 91' lang='lat' dir='ltr'><strong>rum</strong></span> <span class='ocrx_word' id='word_1_680' title='bbox 2212 5564 2413 5617; x_wconf 91' lang='lat' dir='ltr'><strong>chorus</strong></span> <span class='ocrx_word' id='word_1_681' title='bbox 2450 5563 2730 5615; x_wconf 86' lang='lat' dir='ltr'><strong>nobiscum</strong></span> <span class='ocrx_word' id='word_1_682' title='bbox 2759 5560 3032 5622; x_wconf 86' lang='lat' dir='ltr'><strong>convenit,</strong></span> <span class='ocrx_word' id='word_1_683' title='bbox 3068 5568 3121 5611; x_wconf 88' lang='lat' dir='ltr'><strong>et</strong></span> <span class='ocrx_word' id='word_1_684' title='bbox 3144 5557 3318 5624; x_wconf 81' lang='lat' dir='ltr'><strong>angeli</strong></span> <span class='ocrx_word' id='word_1_685' title='bbox 3372 5572 3493 5610; x_wconf 88' lang='lat' dir='ltr'><strong>cmn</strong></span> <span class='ocrx_word' id='word_1_686' title='bbox 3543 5556 3642 5610; x_wconf 86' lang='lat' dir='ltr'><strong>ho-</strong></span> 
     </span>
    </p>
   </div>
   <div class='ocr_carea' id='block_1_103' title="bbox 2064 5642 3641 5715">
    <p class='ocr_par' dir='ltr' id='par_1_103' title="bbox 2064 5642 3641 5715">
     <span class='ocr_line' id='line_1_103' title="bbox 2064 5642 3641 5715; baseline -0.01 -8"><span class='ocrx_word' id='word_1_687' title='bbox 2064 5653 2302 5707; x_wconf 88' lang='lat' dir='ltr'><strong>minibus</strong></span> <span class='ocrx_word' id='word_1_688' title='bbox 2338 5650 2610 5705; x_wconf 83' lang='lat' dir='ltr'><strong>celebrem</strong></span> <span class='ocrx_word' id='word_1_689' title='bbox 2643 5649 2786 5703; x_wconf 87' lang='lat' dir='ltr'><strong>dicm</strong></span> <span class='ocrx_word' id='word_1_690' title='bbox 2824 5658 2988 5715; x_wconf 74' lang='lat' dir='ltr'><strong>agunt</strong></span> <span class='ocrx_word' id='word_1_691' title='bbox 3014 5663 3027 5699; x_wconf 92' lang='lat'><strong>:</strong></span> <span class='ocrx_word' id='word_1_692' title='bbox 3057 5662 3178 5698; x_wconf 86' lang='lat' dir='ltr'><strong>nam</strong></span> <span class='ocrx_word' id='word_1_693' title='bbox 3209 5644 3369 5700; x_wconf 86' lang='lat' dir='ltr'><strong>hodie</strong></span> <span class='ocrx_word' id='word_1_694' title='bbox 3400 5642 3641 5713; x_wconf 65' lang='lat' dir='ltr'><strong>Spiritha</strong></span> 
     </span>
    </p>
   </div>
   <div class='ocr_carea' id='block_1_104' title="bbox 2063 5718 3699 5814">
    <p class='ocr_par' dir='ltr' id='par_1_104' title="bbox 2063 5718 3699 5814">
     <span class='ocr_line' id='line_1_104' title="bbox 2063 5718 3699 5814; baseline -0.001 -17"><span class='ocrx_word' id='word_1_695' title='bbox 2063 5745 2236 5798; x_wconf 87' lang='lat' dir='ltr'><strong>sancti</strong></span> <span class='ocrx_word' id='word_1_696' title='bbox 2276 5742 2475 5814; x_wconf 83' lang='lat' dir='ltr'><strong>gratia,</strong></span> <span class='ocrx_word' id='word_1_697' title='bbox 2512 5742 2564 5797; x_wconf 88' lang='lat' dir='ltr'><strong>in</strong></span> <span class='ocrx_word' id='word_1_698' title='bbox 2597 5740 2855 5796; x_wconf 62' lang='lat' dir='ltr'><strong>colmnbzc</strong></span> <span class='ocrx_word' id='word_1_699' title='bbox 2887 5740 3061 5793; x_wconf 83' lang='lat' dir='ltr'><strong>forma</strong></span> <span class='ocrx_word' id='word_1_700' title='bbox 3111 5752 3273 5808; x_wconf 88' lang='lat' dir='ltr'><strong>super</strong></span> <span class='ocrx_word' id='word_1_701' title='bbox 3316 5752 3486 5808; x_wconf 74' lang='lat' dir='ltr'><strong>aquas</strong></span> <span class='ocrx_word' id='word_1_702' title='bbox 3536 5743 3633 5796; x_wconf 87' lang='lat' dir='ltr'><strong>ad-</strong></span> <span class='ocrx_word' id='word_1_703' title='bbox 3670 5718 3699 5727; x_wconf 49' lang='lat'><strong><em>&#39;</em></strong></span> 
     </span>
    </p>
   </div>
  </div>
