3986 6236
473 278 614 342 4093

1312 276 1373 336 S.
1410 275 1829 337 SOPIIRONII
1860 273 2364 337 PATRIARCH/E
2398 276 2803 338 HIEROSOL.

3626 277 3743 341 40θί

472 395 641 450 venit.
669 389 859 447 Oritur
896 388 1060 445 hodie
1101 388 1194 445 Sol
1252 404 1507 444 occasum
1558 391 1827 453 nesciens,
1857 400 1911 443 et
1949 388 2053 441 Do-

2166 392 2287 445 εἴδει
2327 397 2655 465 περιστερᾶς
2684 397 2798 458 τοῖς
2841 392 3025 449 ὕδασιν
3054 394 3417 463 ἔπεφοίτησε.
3451 393 3699 466 Σήμερον
3725 400 3746 451 ὀ

472 485 604 541 mini
635 484 752 538 luce
798 480 1031 536 mundus
1066 480 1431 551 perfunditur.
1481 480 1653 535 Hodie
1709 480 1833 534 luna
1869 482 2058 533 lucidis

473 574 642 629 radiis
665 572 867 627 mundo
894 570 1137 641 cﬂulget.
1166 570 1475 626 Rutilantes
1502 570 1661 626 hodie
1694 571 1862 626 stellae
1882 571 2058 640 splen-

473 666 603 722 dore
633 666 767 719 lucis
790 667 976 719 orbem
1031 663 1329 717 illustrant.
1364 662 1540 716 Hodie
1587 661 1758 717 nubes
1797 663 2060 716 imbribus

468 758 697 827 iustitiae
766 756 1162 811 lmmanitatem
1217 755 1436 810 etelitus
1486 753 1748 809 irrorant.
1782 752 2060 806 lncreatus

473 852 637 906 hodie
690 849 922 917 propria:
948 859 1217 903 creatura:
1275 847 1457 901 manui
1497 854 1689 916 sponte
1715 844 2055 914 supponitur.

473 943 647 998 Hodie
668 943 927 1012 propheta
961 950 1014 995 et
1035 942 1350 994 Pro-cursor
1400 940 1466 993 ad
1488 939 1777 993 Dominum
1806 935 2015 990 accedit
2041 952 2053 987 :

471 1034 567 1089 sed
611 1041 667 1088 et
718 1045 956 1090 tremore
1011 1029 1326 1098 corripitur,
1378 1043 1610 1083 cernens
1650 1028 1742 1082 Dei
1781 1042 1906 1096 erga
1962 1040 2059 1077 nos

472 1128 926 1182 condescensum.
969 1121 1142 1175 Hodie
1169 1120 1425 1176 Jordanis
1484 1118 1681 1174 ﬂuenta
1734 1119 1787 1171 in
1823 1117 2060 1170 medica-

472 1227 675 1281 menta,
729 1215 942 1269 Domini
1005 1214 1293 1282 prmsentia
1374 1218 1781 1265 convertuntur.
1820 1208 2062 1279 )lysticis

472 1311 635 1365 hodie
675 1308 891 1362 ﬂuentis
928 1308 1109 1361 omnis
1135 1305 1398 1373 irrigatur
1442 1314 1659 1356 natura.
1706 1299 1877 1354 Hodie
1907 1314 2055 1353 mor-

474 1402 664 1457 talium
690 1402 920 1456 crimina
974 1398 1229 1453 .lordanis
1275 1396 1415 1450 unda
1450 1395 1853 1465 absterguntur.
1889 1390 2061 1446 Hodie

472 1492 761 1564 paradisus
793 1491 1110 1545 hominibus
1143 1488 1389 1557 aperitur
1437 1496 1491 1540 et
1530 1485 1621 1539 Sol
1645 1484 1873 1553 justitite
1903 1482 2059 1536 nobis

473 1586 681 1642 illucet.
710 1582 885 1638 llodie
921 1581 1118 1651 populo
1167 1579 1428 1641 Mosaico,
1482 1577 1693 1632 Domini
1750 1575 2056 1646 praesentia.

473 1690 667 1731 amara
689 1673 1031 1729 convertitur
1062 1668 1412 1739 aqua.Hodie
1434 1668 1605 1723 veteri
1637 1667 1783 1721 lucro
1819 1665 2057 1726 liberati,

2165 484 2355 549 ἅδυτος
2378 487 2531 556 ἣλιος
2554 486 2819 551 ἀνέτειλε,
2850 487 2945 541 καὶ
2974 489 3000 538 6
3027 488 3232 556 κόσμος
3255 485 3340 556 τῷ
3374 487 3530 554 φωτὶ
3562 488 3747 556 Κυρίου

2168 577 2598 645 καταυγάζεται.
2665 578 2914 649 Σήμερον
2968 578 2999 646 ή
3040 576 3237 648 σελήνη
3287 576 3599 646 λαμπραῖς
3644 581 3748 643 ταῖς

2163 670 2347 722 ἀκτῖσι
2380 669 2458 740 τῷ
2526 672 2716 742 κόσμῳ
2768 669 3345 739 συνεκλαμπρύνεται.
3404 669 3662 740 Σήμερον
3706 672 3746 724 ci

2163 759 2473 826 φωτοειδεῖς
2505 761 2754 831 ἀστέρες,
2783 762 2851 830 τῇ
2882 759 3200 829 φαιδρότήτι
3230 759 3330 828 τῆς
3369 757 3643 827 λάμψεως
3667 758 3750 829 τήν

2163 852 2491 923 οἰκουμένην
2508 852 2933 917 καλλωπίζουσι.
2964 852 3212 922 Σήμερον
3254 852 3312 903 αἱ
3344 851 3581 918 νεφέλαι
3609 852 3748 904 ύετὶν

2165 941 2517 1013 δικαιοσύνης
2556 948 2621 1014 τῇ
2657 945 3037 1014 ἀνθρωπότητι
3072 943 3372 1014 οὐρανόθεν
3424 942 3745 1013 δροσίζουσι.

2165 1033 2413 1104 Σήμερον
2440 1037 2467 1087 6
2497 1037 2750 1099 ἄκτιστος
2780 1036 2885 1089 ὑπό
2917 1037 3011 1088 τοῦ
3043 1035 3174 1089 ἰδίου
3206 1035 3565 1103 πλάσματος,
3598 1035 3743 1104 βουλῇ

2165 1125 2576 1194 χειροθετεῖται.
2608 1127 2855 1196 Σήμερον
2890 1128 2919 1179 6
2961 1126 3249 1196 προφήτης
3290 1128 3394 1178 καὶ
3448 1126 3745 1196 Πρόδρομος

2164 1214 2242 1284 τῷ
2266 1215 2511 1284 Δεσπότῃ
2540 1217 2940 1286 προσέρχεται·
2978 1215 3114 1268 ἀλλὰ
3143 1215 3335 1286 τρόμῳ
3395 1233 3471 1267 πα
3484 1215 3741 1285 ρίσταται,

2165 1304 2306 1374 ὀρῶν
2345 1304 2479 1357 Θεοῦ
2531 1305 2668 1375 πρὸς
2702 1306 2849 1375 ἡμᾶς
2902 1304 3337 1373 συγκατάδασιν.
3386 1303 3643 1372 Σήμερον
3688 1302 3744 1354 τά

2164 1398 2260 1451 τοῦ
2323 1398 2592 1468 Ἰορδάνου
2641 1398 2856 1467 νάματα
2907 1399 2988 1459 εἰς
3025 1399 3229 1467 ἰάματα
3264 1393 3655 1467 μεταποιεῖται
3685 1398 3738 1464 τῇ

2164 1489 2257 1542 τοῦ
2293 1490 2502 1561 Κυρίου
2536 1489 2831 1561 παρουσίᾳ.
2883 1490 3131 1559 Σήμερον
3178 1488 3427 1558 ῥείθροις
3472 1488 3743 1557 μυστικοξ

2166 1585 2318 1636 πᾶσα
2343 1584 2376 1654 ή
2401 1583 2578 1646 κτίσις
2598 1582 2906 1653 ἀρδεύεται.
2939 1583 3185 1652 Σήμερον
3215 1581 3282 1634 τὰ
3310 1580 3429 1632 τῶν
3454 1580 3739 1650 ἀνθρώπων

2172 1672 2489 1743 πταίσματα
2523 1675 2633 1735 τοῖς
2665 1671 2819 1725 ὕδασι
2863 1670 2958 1724 τοῦ
3018 1672 3281 1743 Ἰορδάνου
3332 1672 3737 1740 ἁπαλείφονται.

475 1768 817 1822 velutnovus
850 1762 1017 1819 Israel
1067 1762 1297 1817 salutem
1330 1761 1470 1815 nacti
1524 1774 1734 1814 sumus.
1772 1757 1943 1812 Hodie
1985 1767 2060 1808 tc-

2168 1766 2415 1836 Σήμερον
2441 1767 2469 1818 6
2492 1764 2818 1834 παράδεισος
2844 1764 3116 1835 ήνέῳκται
3144 1767 3256 1826 τοῖς
3286 1762 3627 1831 ἀνθρώποις,
3658 1764 3737 1817 καί

476 1858 664 1916 nebris
712 1856 949 1925 exempti
998 1854 1179 1909 divina
1235 1853 1355 1907 luce
1408 1853 1860 1922 splendescimus.
1892 1848 2061 1904 Hodie

473 1951 687 2007 Domini
718 1949 1064 2021 apparitione
1096 1946 1274 2016 caligo
1321 1946 1507 1999 mundi
1550 1952 1905 2014 expurgatur.
1943 1940 2065 1996 0m-

473 2045 561 2101 nis
603 2044 762 2099 hodie
813 2052 1069 2095 creatura
1116 2052 1351 2108 superne
1385 2037 1666 2094 scintillat.
1714 2036 1882 2089 Error
1902 2034 2063 2088 hodie

474 2136 795 2192 dissolvitur
819 2153 836 2191 :
864 2143 921 2188 et
944 2133 1087 2185 viam
1120 2130 1311 2185 salutis
1336 2129 1551 2184 Domini
1585 2133 1853 2185 adventus
1876 2142 2066 2197 Opera-

475 2240 582 2285 Iur.
611 2227 783 2284 Hodie
817 2241 1050 2297 superna
1080 2240 1201 2278 cum
1228 2224 1418 2279 inferis
1450 2223 1592 2278 diem
1622 2223 1821 2277 festum
1852 2231 2017 2291 agunt
2045 2238 2059 2273 :

471 2333 526 2379 et
548 2320 717 2377 infera
747 2334 870 2375 cum
914 2316 1165 2388 supernis
1221 2325 1631 2371 conversantur.
1691 2314 1861 2369 Hodie
1909 2328 2063 2368 sacer

470 2424 530 2472 et
558 2428 789 2469 sonorus
820 2410 1058 2464 ﬁdelium
1114 2418 1412 2465 conventus
1464 2406 1721 2461 exsultat.
1755 2404 1925 2459 Hodie
1955 2404 2061 2458 Do-

476 2506 655 2559 minus
681 2504 746 2556 ad
778 2503 1109 2571 baptismum
1156 2498 1452 2560 contendit,
1504 2506 1563 2550 ut
1610 2496 1663 2549 in
1695 2495 1860 2549 altum
1894 2509 2061 2561 genus

477 2598 774 2651 humanum
809 2591 1045 2645 attollat.
1073 2588 1306 2642 lnllcxus
1329 2587 1589 2643 Dominus
1636 2586 1799 2640 hodie
1843 2586 2062 2655 proprio

474 2686 678 2742 l'atnnlo
721 2684 1039 2746 inclinatur,
1062 2691 1120 2733 ut
1164 2695 1262 2734 nos
1303 2681 1581 2734 servitutis
1609 2678 1738 2747 jngo
1777 2678 2063 2746 drpressos
2109 2700 2117 2707 -

473 2777 670 2847 erigat.
705 2774 877 2829 H'odie
911 2773 1176 2826 caelorum
1209 2784 1431 2839 regnum
1476 2768 1939 2837 cmnparavimus,
1976 2784 2061 2819 re-

473 2870 564 2940 gni
594 2867 739 2922 enim
772 2866 982 2920 Domini
1018 2879 1120 2918 non
1152 2863 1259 2918 erit
1289 2861 1433 2915 ﬁnis.
1480 2860 1647 2915 Terra
1678 2869 1730 2914 et
1779 2874 1926 2914 mare
1965 2861 2063 2912 ho-

476 2961 566 3014 die
601 2959 708 3014 sibi
744 2955 931 3011 muudi
957 2955 1215 3026 gaudium
1244 2954 1547 3008 diviserunt
1569 2963 1652 3006 :et
1687 2951 1870 3006 lzetitia
1905 2967 2061 3004 tutnt-

474 3055 576 3107 dus
606 3050 844 3120 repletus
876 3058 981 3103 est.
1026 3044 1293 3100 Viderunt
1326 3055 1379 3099 te
1410 3060 1584 3114 aqua»,
1610 3043 1772 3109 Deus,
1808 3044 2061 3097 viderunt

2168 1858 2195 1910 6
2222 1856 2321 1926 τῆς
2344 1856 2690 1927 δικαιοσύνης
2721 1856 2912 1920 ’Ἥλιος
2954 1856 3287 1923 καταυγάζει
3324 1858 3485 1928 ἡμῖν.
3514 1858 3736 1926 Σήμερον

2166 1948 2227 2001 τὸ
2257 1949 2450 2019 πικρὸν
2485 1947 2650 2018 ὕδωρ,
2687 1948 2747 2000 τὸ
2784 1949 2876 2007 ἐπὶ
2906 1948 3210 2011 Μωῡσέως,
3243 1949 3321 2018 τῷ
3357 1948 3477 2019 λαῷ
3522 1950 3601 2011 εἰς
3624 1947 3732 2015 γλυ-

2167 2041 2376 2113 κύτητα
2409 2043 2788 2110 μεταποιεῖται
2816 2043 2880 2111 τῇ
2922 2038 3016 2093 τοῦ
3062 2039 3266 2110 Κυρίου
3302 2040 3608 2111 παρουσίᾳ.
3650 2040 3736 2108 Σή-

2169 2152 2335 2206 μερον
2363 2136 2456 2187 τοῦ
2488 2133 2719 2188 παλαιοῦ
2745 2128 2945 2208 θρήνου
2967 2134 3396 2206 ἀπηλλάγημεν,
3429 2136 3526 2188 καί
3544 2134 3615 2197 ὠς
3631 2133 3732 2195 νέος

2180 2226 2400 2297 Ἰσραήλ
2427 2224 2790 2296 διεσώθημεν.
2833 2219 3081 2297 Σήμε⁶ρον
3126 2224 3222 2278 τοῦ
3252 2226 3489 2289 σκότους
3518 2224 3731 2295 ἐλυτρώ-

2168 2320 2365 2390 θημεν,
2398 2319 2494 2373 καὶ
2519 2317 2597 2388 τῷ
2624 2320 2763 2388 φωτί
2788 2318 2885 2387 τῆς
2906 2318 3238 2386 θεογνωσίας
3261 2314 3725 2386 καταυγαζόμεθα.

2166 2411 2413 2482 Σήμερον
2436 2412 2469 2480 ή
2500 2410 2669 2480 ἀχλὺς
2716 2408 2810 2462 τοῦ
2840 2408 3046 2480 κόσμου
3082 2406 3415 2480 καθαίρεται
3450 2410 3515 2479 τῇ
3558 2410 3729 2474 ἐπιφα-

2172 2499 2290 2572 νείᾳ
2312 2498 2406 2553 τοῦ
2430 2499 2565 2552 Θεοῦ
2619 2499 2795 2570 ήμῶν.
2829 2499 3075 2570 Σήμερον
3109 2498 3571 2568 λαμπαδοφεγγεί
3600 2499 3724 2551 πᾶσι

2166 2593 2199 2662 ή
2226 2592 2405 2654 κτίσις
2428 2590 2656 2646 ἄνωθεν.
2687 2592 2937 2661 Σήμερον
2970 2593 3002 2659 ἠ
3035 2590 3213 2660 πλάνη
3252 2592 3623 2660 κατήργηται,
3648 2585 3725 2639 καὶ

2166 2683 2284 2738 ὁδὸν
2337 2685 2469 2755 ἡμῖν
2530 2683 2806 2753 σωτηρίας
2865 2681 3159 2752 ἐργάζεται
3232 2682 3267 2752 ή
3310 2681 3415 2734 τοῦ
3479 2679 3723 2734 Δεσπότου

2164 2776 2475 2838 ἑπέλευσις.
2511 2776 2762 2845 Σήμερον
2795 2773 2861 2827 τὰ
2909 2774 3022 2828 ἄνω
3044 2776 3155 2836 τοῖς
3185 2774 3338 2827 κάτω
3379 2770 3721 2842 συνεορτάζει,

2165 2869 2259 2921 καὶ
2285 2867 2352 2920 τὰ
2400 2866 2552 2919 κάτω
2592 2868 2705 2928 τοῖς
2740 2865 2857 2919 ἄνω
2906 2864 3206 2934 συνομιλεῖ.
3261 2866 3520 2937 Σήμερον
3553 2865 3582 2934 ή
3622 2859 3722 2930 ἱερὰ

2166 2959 2551 3029 μεγαλόφωνος
2599 2957 2709 3011 τῶν
2737 2956 3033 3028 ὀρθοδόξων
3077 2958 3390 3028 πανήγυρις
3436 2954 3717 3025 ἀγάλλεται.

2161 3052 2410 3123 Σήμερον
2441 3054 2469 3105 ὁ
2513 3051 2790 3120 Δεσπότης
2825 3050 2958 3121 πρὸς
3005 3050 3065 3102 τὸ
3115 3050 3405 3120 βάπτισμα
3450 3047 3719 3115 ἐπείγεται,

474 3152 529 3197 te
592 3157 767 3210 aqme,
830 3150 885 3193 et
932 3139 1253 3193 timuerunt.
1311 3135 1565 3191 Jordanis
1615 3150 1911 3191 conversus
1975 3146 2057 3189 est

2166 3143 2254 3196 ἵνα
2284 3142 2590 3213 ἁναϐιῦάσῃ
2616 3143 2749 3211 πρὸς
2782 3140 2914 3209 ὕψος
2939 3140 2999 3194 τὸ
3038 3140 3406 3211 ἀνθρώπινον.
3438 3141 3666 3209 Σήμερον
3699 3136 3720 3187 6

483 3243 814 3294 retrorsum,
869 3231 1045 3298 ignem
1115 3226 1346 3282 Deitatis
1386 3228 1619 3283 intuitus
1697 3227 2057 3297 corporaliter

477 3326 923 3385 descendentem,
946 3330 998 3374 et
1024 3319 1076 3373 in
1114 3335 1171 3374 se
1193 3320 1614 3375 subiutranlem.
1647 3318 1900 3373 Jurdanis
1926 3334 2055 3371 con-

475 3430 669 3470 verStts
724 3423 807 3467 est
844 3423 1166 3478 retrorsum,
1200 3411 1466 3481 Spiritum
1507 3421 1763 3467 sanctum
1810 3423 2056 3466 coutetn-

479 3505 656 3574 platus
685 3504 737 3556 iu
759 3502 1024 3557 columbae
1057 3501 1229 3554 forma
1262 3502 1652 3565 demissum,et
1681 3502 1773 3555 tibi
1820 3502 2057 3556 circum-

476 3596 814 3650 VOlitantem.
830 3589 1083 3646 Jordanis
1098 3606 1392 3645 conversus
1408 3601 1491 3645 est
1512 3594 2056 3655 retrorsum,edoctus

475 3684 644 3741 Deum
697 3682 1048 3745 invisibilem,
1107 3680 1372 3735 visibilem
1426 3680 1628 3735 factum
1680 3701 1694 3737 :
1745 3684 2055 3737 Creatorem

475 3780 842 3840 incarnatum,
916 3774 1202 3829 Dominum
1262 3775 1313 3828 in
1365 3775 1509 3829 servi
1588 3776 1774 3829 habitu
1837 3777 2060 3830 demon-

477 3880 729 3926 stratum.
749 3868 1003 3923 Jordanis
1033 3881 1335 3922 conversus
1364 3876 1450 3920 est
1481 3876 1803 3933 retrorsum,
1824 3878 1877 3921 et
1906 3883 2029 3920 mon
2048 3898 2060 3908 -

477 3970 559 4017 tes
587 3960 1017 4023 exsultaverunt,
1046 3959 1212 4012 Deum
1240 3959 1291 4012 in
1327 3973 1494 4013 carne
1525 3970 1831 4012 cernentes.
1859 3956 2057 4012 Vocem

477 4057 642 4108 etiam
671 4055 937 4109 dederunt
966 4056 1163 4118 nubes,
1190 4051 1474 4106 admirata:
1501 4066 1626 4105 eum
1650 4051 1740 4120 qui
1760 4052 2057 4115 adveniret,

478 4150 658 4202 lumen
714 4148 781 4202 de
827 4148 1054 4209 lumine,
1097 4145 1266 4200 Deum
1297 4160 1484 4199 verum
1526 4145 1591 4197 de
1623 4143 1735 4199 Deo
1770 4159 1921 4199 vero.
1956 4145 2061 4198 Do-

480 4241 739 4294 minicam
769 4240 1142 4294 celebritatem
1173 4237 1334 4291 hodie
1376 4239 1429 4291 in
1463 4236 1701 4291 Jordane
1726 4237 2061 4305 contempla-

477 4350 599 4387 mur
627 4351 640 4387 :
673 4334 845 4402 ipsum
884 4348 1035 4397 vero,
1080 4330 1536 4401 transgressionis
1568 4339 1819 4392 mortem,
1858 4332 2062 4382 erroris

473 4424 779 4491 stimulum,
812 4424 1007 4477 inferni
1035 4437 1258 4487 nexum,
1291 4419 1599 4476 inJordane
1634 4421 2060 4489 demergentem,

2160 3232 2387 3304 ἀκλινὴς
2438 3231 2670 3303 τῷίδίῳ
2706 3234 2895 3303 οἰκέτῃ
2940 3232 3313 3297 ύποκλίνεται,
3360 3232 3452 3286 ἵνα
3497 3231 3633 3300 ήμᾶς
3670 3230 3721 3278 ἐκ

2157 3319 2259 3389 τῆς
2300 3319 2544 3381 δουλείας
2590 3319 2956 3403 ἐλευθερώσῃ.
2992 3320 3243 3390 Σήμερον
3269 3320 3548 3391 βασιλείαν
3575 3320 3719 3387 οὐρα-

2162 3413 2269 3465 νῶν
2293 3413 2627 3485 ιῖδνησάμεθα
2654 3431 2667 3444 ο
2697 3413 2798 3480 τῆς
2837 3416 2947 3482 γὰρ
2989 3412 3269 3483 βασιλείας
3298 3412 3396 3466 τοῦ
3428 3410 3621 3482 Κυρίου
3635 3407 3717 3458 οὐκ

2162 3505 2314 3558 ἔσται
2362 3506 2535 3568 τέλος.
2598 3507 2846 3576 Σήμερον
2896 3506 2966 3575 γῆ
3027 3504 3122 3556 καὶ
3176 3504 3443 3565 θάλασσα,
3502 3500 3592 3571 τὴν
3639 3492 3715 3548 τοῦ

2166 3599 2373 3668 κόσμου
2405 3597 2578 3669 χαρὰν
2609 3596 2962 3667 ἐμερίσαντο,
3001 3598 3095 3650 καὶ
3122 3598 3150 3651 6
3174 3596 3381 3666 κόσμος
3405 3588 3714 3663 εὐφροσύνης

2167 3690 2559 3761 πεπλήρωται·
2610 3689 2821 3742 είδοσάν
2850 3706 2911 3742 σε
2961 3688 3130 3742 ὕδατα
3157 3728 3171 3752 ,
3193 3691 3221 3741 6
3250 3688 3415 3751 Θεὸς,
3447 3682 3641 3739 είδοσάν
3668 3693 3712 3728 σε

2167 3782 2476 3848 ὖδατα,καὶ
2530 3781 2903 3853 ἐφοϐήθησαν.
2947 3781 3007 3834 Ὀ
3055 3781 3326 3852 Ἰορδάνης
3374 3776 3610 3847 ἐστράφη
3652 3771 3714 3829 εἰς

2166 3875 2233 3927 τά
2273 3874 2455 3928 ὀπίσω
2496 3874 2837 3944 θεασάμενος
2861 3872 2922 3925 τὸ
2956 3872 3069 3942 πῦρ
3100 3874 3197 3942 τῆς
3231 3872 3483 3943 θεότητος
3505 3878 3712 3935 σωματι-

2171 3966 2284 4029 κῶς
2316 3965 2737 4036 κατερχόμενον,
2772 3966 2867 4017 καὶ
2919 3965 3300 4035 εἰσερχόμενον
3333 3964 3420 4017 ἐπ’
3469 3959 3609 4014 αὐτό.
3666 3950 3711 4001 ὐ

2179 4056 2451 4126 Ἰορδάνης
2485 4055 2732 4127 ἐστράφη
2774 4058 2853 4118 εἰς
2883 4055 2949 4108 τὰ
2977 4056 3155 4107 ὀπίσω
3181 4054 3404 4125 θεωρῶν
3434 4054 3493 4105 τὸ
3519 4044 3710 4113 Πνεῦμα

2166 4149 2227 4203 τδ
2270 4149 2426 4217 ἆγιον
2481 4151 2539 4200 εν
2583 4148 2713 4201 ειδει
2764 4150 3097 4219 περιστερᾶς
3163 4147 3585 4216 κατερχόμενον,
3635 4135 3710 4190 καὶ

2169 4240 2611 4310 περιιπτάμενόν
2668 4256 2772 4291 σοι.
2838 4238 2897 4291 ’0
2952 4238 3221 4309 Ἰορδάνης
3254 4240 3499 4309 ἐστράφη
3531 4234 3601 4293 εἰς
3656 4225 3710 4275 τά

2167 4334 2370 4399 ὀπίσω,
2422 4332 2564 4404 ὀρῶν
2608 4333 2699 4385 τὸν
2738 4330 2969 4403 ἀόρατον
3015 4332 3312 4402 ὁραθέντα,
3363 4332 3455 4384 τὸν
3503 4323 3708 4386 κτίστην

2168 4423 2560 4495 σαρκωθέντα,
2628 4423 2719 4477 τὸν
2767 4423 3045 4492 Δεσπότην
3100 4423 3157 4475 ἐν
3190 4421 3385 4475 Δούλου
3418 4418 3604 4491 μορφῇ.
3662 4406 3710 4456 ’θ

472 4525 527 4569 et
558 4514 755 4570 salutis
809 4516 1087 4570 lavacrqu
1142 4515 1343 4568 mundo
1381 4513 1759 4583 clargientem.
1815 4510 1967 4567 Unde
2009 4523 2060 4565 et

2188 4518 2463 4588 Ἰορδάνης
2492 4513 2738 4585 ἐστράφη
2757 4518 2837 4577 εἰς
2859 4514 2927 4567 τὰ
2950 4515 3148 4579 ὀπίσω,
3172 4516 3267 4568 καὶ
3286 4515 3352 4568 τὰ
3368 4514 3469 4586 ὀρη
3487 4505 3701 4575 ἐσκίρτη·

475 4622 603 4676 θεο
635 4618 889 4675 peccator
942 4617 997 4663 et
1051 4606 1305 4679 indignus
1365 4621 1557 4661 servus
1610 4617 1734 4661 tuus
1790 4606 2056 4674 magnalia

475 4697 865 4753 miraculorum
925 4711 1136 4754 tuorum
1186 4714 1472 4765 enarrans,
1504 4701 1699 4755 timore
1753 4708 2053 4771 correptus,

477 4789 530 4844 in
558 4794 974 4861 compunctione
1009 4793 1103 4846 tibi
1136 4794 1407 4859 exclamo,
1432 4802 1538 4847 etc.

2169 4626 2290 4674 σαν,
2330 4606 2462 4660 Θεὸν
2506 4607 2565 4659 ἐν
2605 4606 2769 4674 σαρκί
2793 4604 3133 4676 καθορῶντα.
3169 4606 3280 4660 Καὶ
3306 4605 3519 4675 νεφέλαι
3553 4590 3707 4667 φωνῆν

2168 4700 2397 4763 ἔδωκαν,
2439 4698 2824 4769 θαυμάζουσαι
2875 4699 2966 4751 τὸν
3007 4699 3487 4770 παραγενόμενον,
3512 4692 3613 4763 φῶς
3654 4686 3704 4732 ἐκ

2169 4792 2366 4863 φωτὸς,
2409 4791 2541 4843 Θεὸν
2583 4789 2858 4860 ἀληθινὸν,
2913 4793 2977 4844 ὲκ
3003 4789 3134 4844 Θεοῦ
3167 4789 3444 4860 ἀληθινοῦ,
3476 4790 3700 4839 Δεσποτι-

476 4885 580 4956 κήν
616 4886 927 4957 πανήγυριν
979 4887 1219 4956 σήμερον
1267 4886 1327 4937 ἐν
1378 4882 1456 4954 τῷ
1503 4882 1740 4955 Ἰορδάνῃ
1794 4884 2046 4956 ὁρῶμεν,
2099 4885 2261 4939 αὐτὸν
2322 4883 2379 4935 δὲ
2413 4883 2503 4935 τὸν
2551 4883 2649 4953 τῆς
2701 4884 2991 4953 παρακοῆς
3021 4882 3253 4936 θάνατον
3273 4882 3365 4936 καὶ
3394 4882 3453 4935 τὸ
3482 4878 3571 4946 τῆς
3592 4864 3701 4957 πλάξ

474 4992 573 5049 νης
626 4956 877 5047 κέντρον,
936 4975 1030 5029 καί¹
1075 4975 1166 5028 τὸν
1211 4972 1305 5026 τοῦ
1366 4972 1494 5045 ᾅδου
1541 4974 1837 5046 σύνδεσμον
1901 4976 2088 5047 ἐν’τῷ
2150 4974 2389 5046 Ἰορδάνῃ
2442 4972 2767 5045 βυθίσαντα,
2833 4975 2928 5029 καὶ
2986 4974 3276 5047 βάπτισμα
3336 4971 3593 5043 σωτηρίας
3638 4956 3700 5028 τῷ

472 5069 667 5140 κόσμῳ
706 5066 1115 5139 θωρησάμενον.
1157 5066 1319 5120 Ὅθεν
1344 5066 1501 5135 κάγὼ
1532 5070 1561 5121 6
1595 5069 1916 5141 ἁμαρτωλὸς
1955 5072 2049 5123 καὶ
2080 5069 2296 5134 ἀνάξιος
2323 5068 2508 5133 δοῦλός
2538 5085 2655 5135 σου,
2705 5068 2775 5123 τὰ
2844 5070 3112 5140 μεγαλεῖα
3150 5070 3259 5126 τῶν
3320 5068 3594 5140 θαυμάτων
3622 5067 3697 5109 σου

472 5162 855 5233 διηγούμενος,
886 5161 1245 5232 συνεχόμενος
1276 5159 1427 5232 φόϐῳ
1448 5202 1464 5229 ,
1497 5162 1554 5215 ὲν
1590 5162 1879 5229 κατανύξει
1935 5164 2044 5234 βοῶ
2072 5180 2175 5229 σοι,
2217 5180 2272 5217 κ.
2302 5179 2357 5215 τ.
2392 5163 2442 5217 λ.
