3986 6236
489 281 633 348 4007

919 391 1063 446 "ora
1098 404 1263 458 sexta,
1305 404 1443 447 rant.
1479 394 1496 446 l
1537 394 1634 445 bis.

561 509 782 573 Adeste,
843 506 1044 571 litlcles,
1105 508 1403 561 exaltemus
1456 506 1699 561 divinum
1745 521 1773 563 e
1814 508 1965 561 cadis
2006 506 2056 558 iu

495 600 766 654 Bethleem
804 599 1119 653 descensum
1153 599 1216 651 ad
1270 615 1366 652 nos
1397 599 1698 660 visibilem;
1738 606 1787 649 et
1822 597 2059 650 animum

493 694 603 745 vita
652 699 781 761 pnt‘a
821 701 1079 745 ornantes
1127 706 1223 758 pro
1271 690 1556 759 unguentis
1606 690 1833 742 virtutes
1862 685 2059 740 offera-

495 798 636 846 mus,
690 789 1057 849 praeparautes
1116 790 1369 834 accurate
1422 779 1756 850 genethliaca
1806 779 1945 833 dona
2006 763 2076 830 iu’

504 872 877 940 spiritualibus
921 871 1210 926 thesauris.
1265 869 1562 923 clamantes
1596 886 1608 923 :
1639 869 1740 935 Qui
1774 868 1825 921 in
1860 867 2058 921 altissi-

495 964 599 1015 mis
634 970 738 1023 est,
767 960 933 1027 gloria
974 958 1079 1013 Dco
1118 960 1171 1013 in
1204 959 1493 1023 Trinitate,
1517 974 1610 1027 per
1638 974 1797 1026 quem
1828 958 2061 1013 benevo-

495 1050 655 1102 lentia
698 1050 748 1101 in
784 1047 1091 1101 hominibus
1133 1047 1415 1116 apparuit;
1454 1048 1544 1115 qui
1592 1046 1761 1100 Adam
1799 1048 1866 1100 ab
1893 1047 2062 1112 origi-

492 1139 599 1192 nali
671 1138 961 1191 maledicto
1035 1137 1307 1203 liberavit,
1371 1146 1427 1189 ttt
1488 1138 1734 1192 homines
1809 1138 2059 1206 diligens.

499 1229 646 1283 Vera.
686 1230 824 1283 Deus
860 1230 922 1282 ab
956 1228 1149 1284 Austro
1189 1230 1375 1293 veniet,
1417 1238 1559 1282 cant.
1588 1228 1621 1281 4
1652 1230 1751 1282 bis.

569 1358 587 1389 ‹
647 1339 807 1402 Δηὼ,
842 1341 1063 1400 ctelum,
1106 1348 1157 1394 et
1207 1339 1471 1403 ausculta,
1510 1347 1675 1402 terra,
1721 1338 2062 1392 excutiantur

493 1429 864 1492 fundamenta,
911 1439 1114 1483 tremor
1150 1437 1377 1497 occupet
1425 1429 1732 1494 terrestria;
1769 1429 1890 1496 quia
1924 1427 2064 1481 Deus

493 1530 547 1575 et
582 1521 805 1574 Creator
844 1521 1024 1576 carnis
1068 1520 1297 1575 formam
1352 1522 1555 1584 induit;
1608 1532 1663 1576 et
1715 1522 1806 1591 qui
1860 1522 2061 1592 potenti

494 1627 656 1664 manu
700 1623 1005 1664 creaturam
1048 1611 1222 1679 tinxit,
1254 1613 1370 1683 ejus
1401 1615 1453 1667 in
1477 1629 1611 1683 opus
1633 1630 1786 1668 suum
1825 1617 2064 1669 charitas

1340 285 1401 342 S.
1455 282 1872 343 SOPHRONII
1930 278 2432 340 PATRIARCIHZ
2494 282 2899 344 HIEROSOL.

2085 388 2135 444 A

3598 280 3767 344 tatus

2635 394 2778 461 Ὥρα
2815 401 2886 457 ς’,
2929 390 3026 464 vix.
3070 401 3122 447 a'
3164 395 3275 461 δίς.

2233 510 2397 563 Δεῦτε
2453 508 2670 569 πιστοί,
2718 508 3042 579 ἐπαρθῶμεν
3099 508 3503 576 συγκατάδασιν
3556 509 3775 581 Bai:th

2162 601 2385 665 ἄνωθεν,
2424 601 2480 651 ὲν
2513 599 2755 668 Βηθλεὲμ
2792 599 2922 670 πρὸς
2953 601 3096 669 ἡμᾶς
3140 601 3429 669 ἐμφανῶςο
3475 602 3571 653 καὶ
3629 602 3775 654 νοῦν

2162 691 2532 760 καθαρθέντες
2578 691 2654 761 τῷ
2700 691 2821 761 βίῳ,
2869 694 3323 762 προσενέγκωμεν
3368 694 3572 763 ἀρετὰς
3636 694 3773 746 ἀντὶ

2166 783 2360 854 μύρου,
2392 783 2907 851 προευτρεπίζοντες
2947 783 3151 845 πιστῶς
3183 782 3290 835 τῶν
3320 780 3620 851 γενεθλίων
3664 783 3779 846 τὰς

2163 875 2398 937 εἰσόδους
2430 873 2521 927 ἐπὶ
2549 873 2795 943 ψυχικῶν
2827 874 3282 944 θησαυρισμάτων
3318 873 3651 944 κράζοντες,
3710 875 3775 927 Ὀ

2163 968 2220 1018 ἐν
2253 967 2513 1035 ὑψίστοις,
2545 965 2670 1031 δόξα
2695 966 2812 1035 Θεῷ
2831 967 2907 1035 τῷ
2937 969 2994 1019 ὲν
3025 967 3236 1037 Τριάδι,
3258 969 3325 1021 δι’
3353 962 3413 1020 οὗ
3441 970 3499 1020 ὲν
3527 968 3640 1020 ἀνθ
3655 968 3770 1037 pri)-

2165 1076 2288 1122 ποις
2312 1058 2530 1112 εὐδοκία
2560 1060 2804 1129 ἐπεφάνη
2826 1078 2839 1090 ·
2872 1060 2962 1113 τὸν
2989 1061 3157 1129 Ἀδὰμ
3190 1061 3630 1131 ἐκλυτρούμενος
3661 1065 3773 1131 τῆς

2164 1150 2457 1221 ἀρχεγόνου
2483 1152 2621 1219 ἀρᾶς
2650 1149 2724 1213 ὼς
2760 1150 3157 1220 φιλάνθρωπος.
3190 1151 3431 1220 Στιχ.⁸0
3456 1153 3607 1218 Θεὸς
3635 1152 3773 1206 ἀπὸ

2166 1242 2390 1313 Θωμᾶν
2429 1243 2582 1309 ἥξει,
2622 1240 2722 1313 ἦχ.
2752 1243 2821 1297 δ’.
2850 1243 2964 1309 δίς.

2240 1355 2259 1388 ι
2276 1339 2493 1400 Ἀκουε,
2527 1337 2740 1405 οὐρανὲ,
2757 1329 2849 1390 καὶ
2880 1334 3157 1399 ὲνωτίζου,
3178 1337 3210 1406 ἡ
3232 1335 3324 1405 γῆ,
3343 1336 3672 1403 σαλευθήτω
3696 1338 3771 1389 τὰ

2166 1429 2407 1500 θεμέλια,
2432 1428 2735 1482 ὲπιλαδέτω
2759 1428 2957 1499 τρόμος
2981 1430 3048 1482 τὰ
3072 1429 3400 1497 καταχθόνιοι
3418 1444 3430 1457 ·
3454 1430 3533 1481 ὅτι
3559 1430 3593 1479 ὁ
3620 1429 3769 1490 Θεός

2163 1541 2220 1576 τε
2248 1525 2341 1576 καὶ
2371 1523 2615 1592 κτίστης,
2650 1522 2851 1593 σαρκὸς
2878 1522 3055 1575 είσέδυ
3089 1522 3283 1576 πλάσιν
3304 1539 3316 1551 ·
3361 1523 3454 1575 καὶ
3499 1539 3696 1591 κρατα

2165 1619 2353 1680 κτίσας
2383 1619 2524 1685 χειρὶ
2564 1617 2659 1687 τὴν
2693 1615 2890 1680 κτίσιν,
2924 1615 3227 1686 σπλάγχνον
3259 1614 3447 1683 ὁρᾶται
3481 1612 3764 1681 πλάσμα-

494 1704 755 1756 noscitur.
824 1721 841 1752 ι
901 1702 945 1757 0
1002 1704 1227 1758 altitudo
1283 1704 1615 1771 divitiarum,
1674 1706 1955 1774 sapientize
2008 1714 2060 1759 ct

2165 1712 2339 1772 τοςῑι
2384 1711 2447 1761 Ὢ
2475 1708 2633 1778 βάθος
2662 1707 2889 1761 πλούτου
2938 1707 3030 1760 καὶ
3083 1707 3274 1774 σοφίας
3323 1705 3417 1756 καὶ
3486 1704 3764 1770 γνώσεως

494 1792 730 1844 scientia:
754 1791 880 1846 Dei!
906 1808 1063 1860 quam
1090 1795 1458 1849 inscrutahilia
1483 1805 1609 1850 sunt
1628 1796 1743 1865 ejus
1761 1796 1979 1862 judicia,
2007 1807 2061 1848 et

489 1881 895 1951 inveStigahiles
924 1884 1023 1936 vim
1044 1884 1159 1952 ejus
1189 1884 1208 1913 '
1238 1885 1250 1938 ί
1283 1902 1303 1935 ι
1344 1882 1493 1941 γεγε.
1527 1885 1766 1954 Domine,
1791 1886 2057 1948 obaudivi.

492 1983 632 2025 cant.
669 1972 730 2025 81
775 1973 875 2028 bis.

559 2060 780 2128 Adeste,
814 2063 1111 2119 Christiani
1141 2065 1346 2134 populi,
1392 2068 1719 2134 aspiciamus
1751 2068 2057 2138 prodigium

487 2164 700 2205 onmem
734 2154 1113 2222 cogitationem
1144 2154 1443 2223 percellens
1486 2166 1539 2211 et
1565 2171 1864 2225 superans;
1898 2168 1951 2210 et
1975 2158 2060 2225 pie

488 2251 788 2309 cantantes,
829 2244 934 2298 [ide
964 2245 1274 2299 adoremus.
1320 2245 1491 2300 Hodie
1518 2247 1661 2299 cuitu
1692 2247 1757 2300 ad
1788 2246 2059 2302 Bethleem

487 2345 770 2403 praegnans
820 2334 995 2403 puella
1047 2336 1443 2406 appropinquat
1476 2336 1763 2391 Dominum
1794 2338 2057 2406 paritura.

485 2425 811 2494 Angeloruut
895 2426 1049 2480 chori
1107 2437 1481 2497 praecurrunt;
1550 2437 1601 2481 et
1656 2427 1771 2481 haec
1831 2442 2059 2482 cernens

486 2512 685 2583 Joseph
714 2530 945 2584 sponsus
979 2515 1177 2570 clamat
1215 2534 1228 2571 :
1257 2516 1427 2582 Quale
1455 2526 1538 2570 est
1583 2517 1631 2568 itt
1664 2527 1712 2569 te
1735 2515 2057 2584 stupendum

488 2604 831 2670 mysterium,
863 2603 1073 2673 Virgo?
1106 2615 1160 2659 et
1200 2606 1476 2674 quomodo
1511 2619 1702 2674 parere
1730 2605 1918 2668 debes,
1944 2605 2057 2675 jugi

491 2691 661 2746 inscia
685 2693 894 2762 puella?
920 2693 986 2747 Et
1021 2710 1161 2751 nunc
1189 2695 1351 2749 idem.

906 2904 1049 2958 Hora
1078 2920 1213 2959 nona
1241 2947 1256 2972 ,
1288 2916 1430 2959 eam.
1463 2907 1658 2977 gravis.

559 2995 930 3052 Couturbatus
973 3005 1058 3051 est
1087 2996 1326 3052 Herodes
1357 2998 1544 3053 videns
1587 2998 1860 3066 Magorum
1883 2999 2054 3068 pieta-

2167 1802 2301 1853 Θεοῦ
2325 1802 2337 1853 !
2360 1801 2432 1863 ὡς
2460 1800 2856 1870 ἀνεξερεύνητα
2884 1801 2950 1853 τὰ
2972 1800 3213 1868 κρίματα
3272 1797 3458 1861 αὑτοῦ,
3483 1798 3579 1849 καὶ
3627 1799 3762 1849 ἀνε-

2163 1891 2457 1961 ξιχνίαστοι
2489 1892 2544 1942 αἱ
2575 1891 2682 1943 ὁδοὶ
2734 1891 2919 1945 αὐτοῦ.
2966 1895 3128 1959 Στιχ.
3164 1892 3359 1958 Κύριε,
3408 1890 3759 1958 είσακήχοα

2162 1982 2247 2036 60'
2292 1980 2331 2053 ἦ
2336 1989 2406 2052 χ’.
2438 1990 2553 2037 παπ
2567 2043 2574 2053 ,
2590 1982 2700 2049 δίς.

2234 2077 2396 2131 Δεῦτε
2425 2077 2766 2146 χριστοφόροι
2797 2075 2916 2129 λαοὶ
2940 2117 2951 2138 ,
2988 2075 3293 2144 κατίδωμεν
3332 2075 3515 2142 θαῦμα
3556 2078 3754 2149 πᾶσαν

2164 2166 2370 2221 ἔννοιαν
2415 2168 2715 2235 ἐκπλῆττον
2760 2168 2855 2219 καὶ
2908 2166 3160 2235 συνέχον·
3212 2166 3306 2219 καὶ
3353 2166 3597 2229 εὑσεόὦς
3652 2169 3750 2219 iv-

2164 2261 2494 2331 υμνοῦντες,
2542 2260 2721 2312 πίστει
2774 2261 3270 2329 προσκυνήσωμεν·
3334 2263 3576 2332 σήμερον
3636 2262 3748 2329 γὰρ

2162 2356 2298 2428 πρὸς
2324 2357 2424 2426 τὴν
2453 2354 2699 2425 Βηθλεὲμ
2724 2353 2980 2423 ἐγκύμων
3016 2348 3149 2406 οὖσα
3178 2352 3314 2423 κόρη
3366 2354 3743 2422 παραγίνεται

2160 2447 2256 2502 τοῦ
2288 2447 2545 2516 γεννῆσαι
2574 2446 2664 2499 τὸν
2693 2446 2924 2515 Κύριον
2956 2445 3107 2516 χοροὶ
3147 2445 3193 2497 δ’
3224 2444 3475 2511 ἀγγέλων.
3499 2444 3746 2515 προτρέ-

2161 2558 2316 2612 χουσι
2337 2557 2351 2571 ο
2398 2540 2491 2592 καὶ
2538 2538 2709 2591 ταῦτα
2750 2538 2963 2607 βλέπων
2999 2538 3125 2591 ἐϐόα
3150 2538 3345 2607 Ἰωσὴφ
3373 2540 3400 2591 6
3432 2538 3701 2607 μνήστωρ
3724 2551 3741 2567 ·

2116 2674 2122 2680 .
2160 2632 2227 2686 Τί
2254 2632 2315 2685 τὸ
2337 2634 2393 2685 ὲν
2423 2633 2504 2684 σοὶ
2520 2629 2665 2696 ξένον
2697 2630 3010 2699 μυστήριον,
3033 2629 3306 2699 Παρθένε;
3333 2629 3440 2682 Καὶ
3464 2628 3584 2690 πῶς
3610 2629 3741 2697 μέλ-

2160 2725 2272 2787 λεις
2309 2723 2562 2794 λοχεῦσαι
2595 2725 2626 2792 ἡ
2662 2722 3020 2793 ἀπειρόζυγος
3053 2721 3318 2793 δάμαλις;
3373 2722 3483 2775 Καὶ
3527 2721 3627 2774 νῦν
3675 2721 3739 2775 τὸ

2160 2820 2310 2875 αὑτό.

2638 2912 2785 2981 Ὥρα
2826 2916 2895 2975 θ’,
2934 2907 3033 2982 ἦχ.
3069 2909 3255 2979 βαρύ.

2231 3006 2621 3077 Ἐξεπλήττετο
2651 3008 2678 3061 6
2710 3005 2953 3077 Ἡρώδης
2978 3004 3120 3075 ὁρῶν
3146 3003 3253 3056 τῶν
3281 3001 3487 3069 Μάγων
3513 3000 3617 3068 τὴν
3643 3000 3737 3054 εύ-

483 3096 617 3156 ῑθιιι,
660 3098 714 3143 et
782 3090 876 3143 ine
925 3104 1035 3142 suae
1090 3088 1286 3158 impos,
1339 3090 1465 3144 anni
1521 3093 1754 3160 spatium
1808 3104 2056 3146 accurate

2164 3098 2396 3162 σέϐειαν,
2429 3098 2523 3151 καὶ
2552 3097 2628 3169 τῷ
2653 3096 2809 3167 θυμῷ
2834 3092 3163 3165 νικώμενος,
3194 3092 3288 3147 τοῦ
3324 3092 3475 3155 ἔτους
3503 3090 3735 3161 ὴκριὸοο

484 3181 835 3248 computavit.
884 3178 1087 3234 Matres
1133 3179 1318 3234 libens
1362 3180 1565 3234 orbata:
1595 3189 1744 3245 sunt,
1768 3190 1823 3235 et
1859 3181 2051 3235 imma-

485 3277 602 3323 tura
654 3285 939 3337 puerorum
1000 3279 1130 3322 tetas
1184 3285 1365 3321 amare
1428 3271 1672 3322 demessa
1725 3279 1839 3336 est;
1889 3271 2053 3325 ubera

483 3371 742 3414 evacuata
797 3368 948 3422 sunt,
1009 3368 1062 3413 et
1111 3360 1267 3413 laetis
1319 3362 1418 3414 via:
1458 3361 1797 3427 constrictae;
1859 3377 2051 3429 magna

484 3450 587 3503 fuit
614 3451 835 3513 clades;
882 3449 999 3501 ideo
1036 3450 1141 3515 pie,
1187 3449 1387 3514 lideles,
1438 3459 1829 3505 concurrentes
1865 3450 2055 3505 adore-

485 3554 604 3592 mus
636 3536 838 3591 Christi
874 3536 1231 3590 nativitatetn.
1293 3536 1438 3590 γει-δ.
1480 3536 1617 3592 Deus
1654 3538 1718 3590 ab
1744 3538 1941 3593 Austro
1965 3557 2053 3593 ve-

485 3631 614 3691 niet,
644 3638 788 3680 cant.
820 3627 856 3679 2
892 3627 993 3681 bis.

559 3720 788 3786 Quando
816 3717 1037 3788 Joseph,
1067 3735 1097 3773 ο
1126 3717 1309 3789 Vitgo,
1343 3733 1573 3775 mmrore
1597 3720 1773 3788 adhuc
1801 3719 2053 3774 vulnera-

485 3821 636 3865 retur
689 3810 754 3864 ad
816 3810 1089 3864 Bethleem
1148 3824 1400 3879 pergens,
1468 3809 1686 3865 dicebas
1738 3810 1862 3863 illi:
1915 3810 2052 3875 Quid

485 3900 714 3955 videndo
756 3917 839 3955 me
886 3910 1257 3971 praegnantem
1311 3916 1508 3955 mteres
1554 3911 1607 3955 et
1657 3901 1911 3963 turbaris,
1947 3916 2051 3954 non

485 4010 820 4063 cognoscens
858 3995 1080 4049 omnino
1109 4010 1284 4050 meum
1324 3996 1646 4064 stupendum
1694 3993 2052 4065 mysterium?

483 4084 749 4155 Deinceps
806 4101 994 4139 amove
1030 4098 1230 4140 metum
1265 4102 1501 4152 omnem,
1545 4087 1845 4156 prodigium
1880 4100 2051 4156 agno-

483 4191 659 4232 scens.
694 4176 833 4231 Dens
862 4178 1004 4232 enim
1042 4178 1096 4233 in
1147 4188 1348 4231 terram
1396 4178 1674 4232 descendit
1706 4194 1802 4246 per
1838 4179 2050 4232 miscri-

482 4270 722 4324 cordiam
758 4270 897 4323 intra
931 4281 1139 4324 uterum
1175 4287 1351 4324 meum
1381 4286 1521 4324 nunc
1548 4270 1768 4340 degens,
1797 4280 1851 4323 et
1878 4286 2051 4338 quan-

482 4361 553 4415 do
590 4376 807 4415 carnetu
844 4360 1155 4429 assumpsit,
1188 4361 1328 4415 hunc
1376 4372 1561 4415 uatum
1597 4361 1799 4415 videbis
1830 4377 2048 4430 quomo-

483 4455 553 4509 do
590 4446 766 4508 bonus
812 4451 1015 4518 fuerit;
1065 4461 1119 4505 et
1162 4453 1509 4523 gratitudiuis
1562 4452 1753 4522 plenus
1795 4454 2048 4507 adorabis

484 4555 738 4613 tanquam
774 4553 918 4596 tuum
945 4544 1280 4611 Creatorem,
1306 4561 1465 4613 quem
1496 4546 1671 4615 angeli
1702 4555 1901 4599 canunt
1931 4545 2050 4600 sine

486 4634 593 4687 line
635 4644 688 4689 et
734 4634 1056 4704 gloriﬁcant,
1105 4652 1226 4689 cum
1274 4636 1432 4690 l’atre
1485 4646 1537 4689 et
1576 4649 1764 4690 sancto
1819 4638 2045 4708 Spiritu.

498 4722 643 4777 Vera.
681 4723 917 4787 Domine.
956 4726 1217 4791 obaudivi,
1250 4734 1389 4779 cant.
1424 4725 1492 4778 82
1518 4727 1616 4779 bis.

556 4816 725 4871 llodie
755 4818 992 4871 nascitur
1018 4834 1048 4871 e
1099 4817 1313 4885 Virgine
1339 4816 1429 4885 qui
1466 4832 1622 4869 manu
1655 4832 1870 4871 omnem
1905 4832 2051 4871 crea-

483 4909 686 4961 tionem
736 4909 1010 4975 continet;
1044 4923 1218 4976 panuo
1258 4917 1509 4973 tanquam
1543 4907 1790 4962 mortalis
1824 4908 2048 4962 involvi-

484 5016 572 5053 tur
641 4999 732 5068 qui
785 5000 837 5053 in
880 4999 1179 5054 substantia
1220 5015 1315 5051 sua
1360 4997 1723 5067 impalpahilis
1766 5008 1868 5053 est.
1906 4998 2047 5055 Deus

484 5089 536 5141 in
570 5089 831 5157 prmsepio
882 5088 1198 5154 reclinatur,
1230 5091 1320 5159 qui
1360 5090 1594 5144 lirtnavit
1626 5092 1795 5144 etelos
1824 5092 1952 5144 olim
1996 5092 2046 5144 iu

486 5181 787 5251 principio;
834 5197 900 5235 ex
947 5182 1201 5236 uberibus
1250 5183 1389 5237 lacte
1438 5183 1696 5248 nutritur,
1745 5184 1834 5254 qui
1872 5185 1921 5237 in
1959 5186 2051 5237 de-

480 5283 629 5328 serto
675 5289 870 5327 manna
928 5274 1131 5327 roravit
1181 5274 1411 5342 populo;
1460 5273 1642 5343 Magos
1672 5276 1736 5328 ad
1782 5290 1841 5329 se
1893 5285 2047 5329 vocat

487 5363 739 5418 Ecclesiae
790 5363 1071 5432 Sponsus;
1136 5364 1346 5419 illorum
1396 5381 1614 5418 munera
1668 5368 1827 5418 sumit
1881 5366 2049 5420 Filius

488 5458 742 5528 Virginis.
803 5457 1103 5511 Adoramus
1162 5469 1303 5512 tuam
1377 5458 1734 5519 nativitatem,
1800 5458 2044 5524 Christe;

481 5550 706 5605 "stende
740 5564 952 5618 quoque
1005 5552 1160 5604 nobis
1195 5552 1426 5606 divinam
1459 5559 1599 5601 tuam
1645 5550 2041 5603 munire-statio-

480 5652 622 5689 nem.
655 5638 708 5691 Et
748 5659 885 5694 nunc
914 5644 1105 5700 itctum
1140 5643 1296 5697 idem.

550 5769 571 5799 ²
615 5772 764 5827 lium.
803 5792 873 5838 λι,
905 5777 989 5828 55.

2155 3188 2305 3256 λόγει
2332 3188 2392 3242 τὸ
2414 3188 2687 3258 διάστημα
2708 3204 2722 3219 ο
2753 3188 2988 3257 μητέρες
3012 3178 3358 3257 ὴτεκνοῦντο,
3381 3185 3474 3237 καὶ
3494 3186 3527 3254 ἡ
3552 3182 3734 3253 ἄωρος

2154 3280 2340 3351 ἡλικία
2358 3278 2462 3332 τῶν
2488 3277 2701 3347 βρεφῶν
2733 3278 2941 3349 πικρῶς
2964 3274 3343 3345 κατεθερίζετο
3363 3292 3377 3306 ·
3408 3277 3573 3345 μαζοὶ
3598 3275 3727 3347 ἐξη-

2158 3376 2422 3442 ραίνοντο,
2488 3373 2583 3426 καὶ
2614 3372 2769 3441 πόροι
2793 3369 3061 3437 γάλακτος
3095 3367 3533 3421 συνεστέλλοντο*
3584 3368 3729 3437 μέγα

2151 3458 2220 3533 ἦν
2245 3463 2306 3515 τὺ
2335 3462 2505 3515 δεινόν
2523 3478 2537 3491 ο
2572 3460 2651 3513 διὸ
2677 3459 2936 3521 εὐσεϐῶς,
2959 3458 3160 3522 πιστοὶ,
3191 3456 3538 3518 συνελθόντες
3557 3471 3662 3523 πρ(
3678 3470 3728 3508 J-

2153 3556 2477 3626 κυνήσωμεν
2528 3551 2622 3605 τοῦ
2669 3550 2906 3621 Χριστοῦ
2938 3550 3035 3619 τὴν
3062 3549 3337 3621 γέννησιν.
3379 3552 3543 3617 Στιχ.
3582 3559 3727 3624 Θεὸς

2152 3648 2266 3702 ά.τό
2293 3643 2517 3715 Θαιμᾶν
2538 3644 2687 3711 ἣξει,
2714 3640 2814 3715 ἦχ.
2840 3650 2909 3707 β.
2934 3641 3047 3707 δίς.

2224 3738 2352 3791 Ὅτε
2386 3736 2607 3805 Ἰωσὴφ,
2658 3734 2934 3804 Παρθένε,
2965 3731 3111 3803 λύπῃ
3186 3727 3548 3799 ἐτιτρώσκετο
3599 3726 3733 3793 πρὶς

2154 3830 2404 3901 Βηθλεὲμ
2447 3828 2715 3898 ἀπαίρων,
2757 3825 2914 3887 ἐϐόας
2963 3824 3097 3894 πρὸς
3142 3822 3338 3874 αὐτόν·
3371 3821 3435 3873 Τί
3484 3821 3629 3888 ὁρῶν
3665 3834 3730 3887 με

2153 3923 2348 3991 ἔγκυον
2376 3919 2693 3987 στυγνάζεις
2739 3918 2834 3971 καὶ
2877 3916 3227 3985 ταράττεσαι,
3258 3911 3466 3980 ἀγνοῶν
3505 3911 3643 3972 ὅλως
3674 3909 3732 3960 τὸ

2153 4013 2285 4083 ἐμὸν
2348 4008 2575 4080 φρικτὸν
2641 4006 2970 4076 μυστήριονς
3041 4002 3241 4055 Λοιπὸν
3299 3998 3504 4051 ἀπόθου
3566 3995 3729 4064 φόῦον

2153 4105 2390 4167 ἅπαντα,
2420 4102 2481 4154 τὸ
2512 4097 2812 4170 παράδοξον
2843 4093 3038 4148 ἐννοῶν
3056 4108 3069 4122 '
3102 4092 3234 4153 Θεὸς
3262 4091 3474 4143 κάτεισι
3500 4087 3611 4155 γάρ
3638 4086 3728 4138 ἐπὶ

2152 4198 2252 4264 τῆς
2286 4192 2389 4262 γῆς
2421 4191 2487 4244 δι’
2518 4190 2664 4242 ἔλεον
2705 4190 2764 4239 ὲν
2795 4189 2861 4256 τῇ
2903 4186 3084 4254 μήτρᾳ
3118 4200 3219 4252 μου
3252 4181 3346 4236 νῦν
3368 4202 3383 4215 ·
3415 4178 3517 4232 κᾶν
3550 4179 3727 4247 σάρκα

2153 4284 2549 4356 προσελάϐετο¹
2601 4281 2765 4348 ὅνπερ
2817 4279 3130 4344 τικτόμενον
3162 4272 3281 4342 δψει
3312 4271 3385 4333 ὼς
3415 4269 3684 4338 ηὐδόκησε
3706 4283 3721 4299 ι

2154 4377 2247 4431 καὶ
2297 4376 2393 4444 τῆς
2449 4374 2621 4443 χαρᾶς
2668 4369 2925 4440 πλησθεὶς
2970 4365 3367 4435 προσκυνήσεις
3392 4361 3468 4423 ὡς
3498 4358 3723 4427 κτίστην

2154 4491 2277 4528 σου·
2329 4473 2387 4524 ὃν
2430 4470 2651 4540 ἄγγελοι
2688 4465 2945 4534 ὑμνοῦσιν
2976 4461 3267 4522 ἀπαύστως
3301 4459 3393 4512 καὶ
3417 4453 3721 4521 δοξάζουσι,

2153 4566 2252 4617 σὺν
2282 4562 2454 4633 Πατρι
2504 4560 2598 4614 καὶ
2646 4558 2787 4626 ἀγίῳ
2821 4552 3119 4623 Πνεύματι.
3153 4554 3317 4617 Στιχ.
3352 4547 3548 4616 Κύριε,
3596 4547 3724 4598 εισ-

2149 4659 2381 4727 ακήκοα
2405 4653 2506 4714 δυ’.
2537 4650 2774 4723 ἦχ.π,β’.
2803 4648 2914 4713 δίς.

2225 4824 2468 4893 Σήμερον
2503 4819 2754 4887 γεννᾶται
2782 4816 2848 4867 ὲκ
2880 4811 3153 4882 Παρθένου
3180 4812 3208 4864 6
3232 4808 3391 4880 δρακὶ
3417 4805 3517 4876 τὴν
3538 4806 3719 4858 πᾶσιν

2151 4915 2288 4986 ἔχων
2316 4915 2492 4979 κτίσιν
2516 4927 2528 4941 ·
2558 4910 2713 4979 ῥάκει
2747 4904 2998 4976 καθάπερ
3033 4903 3221 4974 βροτὸς
3248 4898 3659 4969 σπαργανοῧται
3691 4899 3718 4949 ὁ

2148 5011 2214 5076 τῇ
2245 5006 2403 5076 οὐσίᾳ
2425 5002 2634 5071 ἀναφὴς
2654 5018 2667 5031 ⁸
2702 4999 2832 5062 Θεὸς
2864 5000 2922 5050 ὲν
2947 4998 3121 5065 φάτνῃ
3151 4995 3518 5055 ἀνακλίνεται,
3551 4994 3577 5043 6
3602 5006 3714 5039 στε-

2155 5099 2360 5171 ρεὼσας
2393 5097 2517 5157 τοὺς
2552 5093 2810 5165 οὐρανοὺς
2840 5091 3003 5143 πάλαι
3033 5088 3153 5142 κατ’
3189 5087 3391 5157 ἀρχάς·
3428 5087 3492 5136 ἐκ
3529 5082 3713 5150 μαζῶν

2150 5189 2291 5256 γάλα
2316 5187 2593 5258 τρέφεται,
2626 5186 2652 5236 6
2680 5185 2735 5234 ἐν
2782 5184 2848 5252 τῇ
2902 5182 3092 5251 ἐρήμῳ
3123 5177 3298 5248 μάννα
3325 5173 3610 5244 ὀμϐρήσις
3645 5172 3718 5240 τῷ

2149 5280 2262 5348 λαῷ
2287 5296 2300 5310 ·
2339 5278 2543 5347 μάγους
2572 5273 2955 5343 προσκαλεῖται
3003 5271 3032 5322 6
3075 5268 3302 5338 νυμφίος
3349 5266 3446 5334 τῆς
3489 5263 3720 5332 Ἐκκλη-

2151 5373 2269 5431 σίας
2291 5388 2303 5400 ·
2333 5370 2477 5439 δῶρα
2503 5369 2705 5420 τούτων
2725 5366 2866 5434 αἴρει
2887 5367 2913 5416 6
2936 5363 3059 5425 Υἱὸς
3087 5362 3184 5429 τῆς
3206 5361 3483 5430 Παρθένου
3505 5373 3518 5385 ·
3544 5374 3713 5430 προσ-

2150 5463 2416 5532 κυνοῦμέν
2466 5478 2557 5512 σου
2604 5460 2701 5530 τὴν
2747 5460 2963 5526 γένναν,
2996 5453 3229 5526 Χριστέ’
3260 5452 3428 5516 δεῖξον
3458 5453 3587 5522 ἡμῖν
3625 5450 3718 5505 καὶ

2150 5554 2216 5605 τὰ
2245 5553 2363 5605 θεῖά
2392 5569 2483 5604 σου
2517 5550 2789 5616 θεονςάνια.
2823 5548 2932 5599 Καὶ
2961 5544 3054 5598 νῦν
3082 5543 3241 5597 πάλιν
3266 5543 3323 5595 τὸ
3350 5542 3502 5597 αὐτό.
