3986 6236
309 377 453 439 4ὐο9
1396 362 1883 427 FRAGMENTUl

1997 367 2492 428 lOGMATlCUM.
3432 371 3571 438 4010

379 484 734 556 Πολυχρόνιον
781 483 994 552 ποιήσει
1021 481 1050 534 ὁ
1076 475 1207 536 Θεὸς
1256 477 1360 547 τὴν
1407 476 1569 545 ἁγίαν
1619 476 1894 546 βασιλείαν
1920 484 1953 544 Α

2070 477 2328 533 Durabile
2371 477 2535 531 faciet
2577 476 2717 529 Deus
2757 487 3002 530 sancnun
3029 492 3219 531 eorum
3259 490 3482 545 regnum
3518 482 3569 533 in

311 581 515 644 αὐτῶν,
565 579 646 641 είς
691 576 862 631 πολλὰ
906 575 1021 645 ἔτη.
1051 573 1148 626 Ἐκ
1195 569 1484 643 δευτέρου*
1537 569 1885 641 Πολυχρόνιοι

2003 571 2207 624 multos
2247 584 2443 624 annos.
2487 568 2743 642 secundo
2780 583 2796 620 :
2844 567 3101 623 Durabile
3138 568 3269 624 facit
3319 567 3462 638 Deus
3491 573 3573 623 di-

311 675 528 742 ποιήσει
557 672 587 724 ὁ
613 669 746 732 Θεὸς
781 668 880 738 τὴν
925 667 1277 730 θεόστεπτον,
1305 663 1704 734 θεοφροῦρητον
1727 706 1741 725 ,
1777 662 1885 716 Oso-

2004 660 2130 714 vino
2200 659 2472 729 praesidio,
2525 660 2706 716 divina
2761 661 3028 726 custodia,
3059 660 3243 715 divino
3275 661 3572 730 munimine

313 765 641 838 πρόϐλητον,
671 762 938 833 κραταιὰν
967 763 1062 813 καὶ⁵
1091 751 1253 828 ἁγίαν
1285 755 1561 828 βασιλείαν
1597 754 1776 809 αὐτῶν
1812 757 1887 819 εἰς

1998 753 2185 806 valens
2214 761 2270 807 et
2305 760 2552 808 sanctum
2583 767 2808 822 regnum
2835 768 3021 808 eorum
3053 753 3106 807 in
3144 751 3342 808 multos
3379 767 3570 812 annos.

314 856 486 912 πολλὰ
534 855 869 927 ἐτη.”Απαξ’
894 852 1249 922 πολυχρόνιον
1280 849 1498 919 ποιήσει
1547 849 1576 901 ὁ
1621 845 1754 911 Θεὸς
1801 845 1888 900 τδν

1999 841 2244 898 lterum:
2295 843 2602 898 Durabilem
2641 843 2804 898 faciet
2845 843 2987 899 Deus
3028 843 3308 898 dominum
3337 854 3392 898 et
3421 859 3573 899 sum—

315 949 592 1018 Δεσπότην
613 949 706 1002 καὶ
725 947 989 1018 ἀρχιερέα
1013 943 1171 1016 ἡμῶν
1193 944 1275 1005 εις
1304 939 1476 995 πολλὰ
1503 939 1600 1010 έτη
1621 955 1635 969 ·
1661 937 1889 1010 λέγομεν

2001 951 2148 992 mum
2202 937 2514 1005 pontiﬁcem
2555 945 2800 992 nostrum
2852 936 2906 995 in
2938 935 3142 991 multos
3170 951 3388 991 annos:
3438 936 3573 991 dici-

317 1043 411 1095 καὶ
441 1039 510 1094 τὰ
536 1039 742 1094 τυπικὰ
781 1039 1059 1110 σχήματα,
1089 1036 1188 1090 καὶ
1217 1033 1553 1103 ἀπολύομεν.

1431 1049 1553 1103 μεν.
2001 1045 2124 1086 mus
2157 1029 2365 1100 typicas
2394 1028 2614 1100 ﬁguras,
2643 1037 2698 1084 et
2723 1028 3003 1086 solvimus.

783 1263 1421 1360 ΣΩΦΡΟΝΙΟΥ
1494 1259 2289 1351 ΙΕΡΟΣΟΛΥΜΩΝ
2361 1255 3101 1350 ΠΑΤΡΙΑΡΧΟΥ.

526 1495 1201 1594 SOPHRONII
1281 1490 2426 1586 HIEBOSOLYMITANI
2525 1487 3365 1586 PATRIARCHIE.

1461 1647 1724 1720 (Bnuscx,
1762 1647 2004 1704 Analect.
2034 1655 2076 1702 t.
2096 1645 2184 1712 lll,
2209 1661 2264 1718 p.
2298 1644 2447 1717 125.)

689 1897 793 1963 Εἰς
830 1894 1021 1952 τόπον
1054 1894 1553 1966 ἐπιξενουμένων.
1934 1893 1982 1954 Β
2079 1909 2088 1916 κ

1934 1893 1982 1954 Β
2079 1909 2088 1916 ‘
2319 1893 2387 1952 In
2411 1897 2588 1952 locum
2613 1896 2909 1968 hospitibus
2931 1896 3274 1958 destinatum.

337 2003 398 2060 '0
427 2004 556 2076 πρὶν
584 2006 912 2076 ἀλωόμενος,
944 2009 1036 2062 καὶ
1066 2009 1316 2063 ἀνέστιον
1352 2007 1497 2077 ἴχνος
1529 2005 1786 2068 ἐλαύνων,

2078 2011 2180 2078 Qui
2214 2018 2372 2066 antea
2436 2010 2694 2082 agitatus,
2727 2019 2783 2066 et
2821 2008 3072 2065 instabile
3115 2008 3401 2080 vestigium
3441 2009 3587 2066 inse-

336 2151 369 2179 .
396 2099 511 2154 Εἶτ’
534 2101 627 2170 ἀφ’
660 2100 990 2171 ὁδοιπορίης,
1014 2102 1112 2154 εἰτ’
1143 2101 1254 2154 ἀπὸ
1286 2101 1586 2172 ναυτιλίης,

2015 2116 2209 2172 quens,
2240 2102 2358 2157 sive
2386 2115 2483 2172 per
2511 2101 2725 2165 itinera,
2760 2102 2876 2157 sive
2905 2115 3001 2171 per
3031 2100 3265 2172 navigia,
3309 2103 3415 2155 huc
3445 2115 3589 2155 nune

339 2189 559 2244 Ἐνθάδε
589 2190 684 2244 νῦν
711 2190 972 2260 προσιὼν,
1004 2191 1219 2259 στῆσον,
1255 2190 1396 2257 ξένε,
1421 2190 1512 2243 σὸν
1540 2189 1679 2243 πόδα
1702 2205 1715 2220 ·
1747 2187 1908 2259 δεῦρο

2019 2192 2254 2255 intrans,
2285 2191 2506 2261 hospes,
2559 2192 2696 2246 siste
2736 2197 2860 2246 tuos
2907 2191 3108 2258 pedes;
3142 2189 3230 2243 hic
3269 2189 3516 2245 habitare
3539 2189 3587 2244 si

261 2289 267 2295 '
397 2283 687 2337 Ναιετάειν
716 2283 937 2348 ἐθέλων,
970 2277 1118 2336 οἷκον
1151 2281 1368 2353 ἕτοιμον
1395 2281 1560 2354 ἔχεις.

2013 2282 2118 2348 vis,
2153 2292 2397 2352 paratam
2440 2264 2660 2338 domum
2705 2283 2892 2338 habes.
2943 2281 3000 2336 Si
3037 2295 3165 2336 vero
3197 2295 3282 2335 me
3307 2279 3430 2350 quis
3454 2294 3585 2335 con.

330 2377 392 2433 Ei
418 2376 466 2429 δ’
483 2376 582 2446 ἐμὲ
612 2376 706 2430 καὶ
733 2376 816 2441 τίς
843 2375 1059 2441 ἔτευξεν
1081 2375 1444 2447 ἀνακρινέοις,
1477 2373 1742 2446 πολιήτης

2019 2375 2279 2430 struxerit
2333 2372 2658 2444 interrogas,
2717 2374 2892 2428 senex‘
2935 2372 3214 2442 Eulogius,
3247 2371 3589 2428 Alexandria

399 2467 674 2536 Εὺλόγιος,
708 2467 916 2538 Φαρίης
943 2467 1237 2540 ἀρχιερεὺς
1261 2466 1486 2537 ἀγαθός.

2013 2465 2227 2524 Pharia
2257 2482 2501 2524 summus
2537 2476 2592 2523 et
2623 2467 2793 2523 bonus
2820 2464 3094 2523 sacerdos.

1919 2580 2001 2642 ll.

327 2701 429 2765 Εἰς
443 2699 729 2764 Ἰωάννην
746 2701 850 2756 τὸν
865 2697 1193 2771 Ἐλε-ιξλιονα
1212 2701 1427 2757 Πάπαν
1443 2699 1901 2773 Ἀλεξανδρείας.

1910 2741 1914 2755 .
2125 2704 2192 2762 In
2265 2706 2528 2764 Joannem
2581 2705 3072 2778 Eleemosynarium
3145 2704 3484 2760 Alexandriae

2621 2777 3003 2830 natriarcham.

2619 2789 3003 2848 patriarcnam.

331 2863 540 2931 Τύμϐε.
563 2863 644 2927 τίς
685 2864 717 2933 ἢ
751 2865 914 2918 πόθεν
941 2861 1029 2935 ἢν,
1054 2864 1134 2920 ἐτι
1157 2867 1286 2929 παῖς
1308 2865 1472 2930 τίνος,
1491 2865 1629 2937 ἔργα
1645 2865 1738 2920 καὶ
1759 2865 1905 2919 δλϐοι

2087 2871 2334 2937 Tumule,
2379 2871 2522 2942 quis,
2574 2882 2632 2926 et
2681 2871 2823 2925 unde
2879 2869 3058 2934 fuerit,
3101 2863 3383 2935 cuiusnam
3429 2865 3591 2930 ﬁlius,

403 2953 640 3026 Νεκροῦ,
669 2955 728 3009 ὃν
763 2955 908 3008 ἔνδον
937 2955 1102 3026 ἔχεις,
1136 2956 1346 3022 ἔννεπε,
1384 2957 1732 3037 κευθόμενον.

2019 2980 2265 3036 quanam
2310 2979 2477 3034 opera
2508 2971 2562 3019 et
2597 2977 2728 3032 opes
2766 2961 2971 3016 fuerint
3000 2958 3221 3022 mortui,
3252 2972 3414 3027 quem
3445 2957 3593 3011 intus

334 3039 500 3108 Οὗτος
519 3045 795 3116 Ἰωάννης,
829 3047 1076 3116 Κύπριος
1101 3046 1282 3115 γένος,
1313 3046 1428 3110 υίὸς
1457 3047 1656 3118 ἐτύχθη

2022 3054 2384 3110 absconditum
2407 3054 2593 3112 habes.
2615 3065 2828 3108 enarra.
2847 3051 2942 3106 ille
2967 3047 3201 3104 Joannes
3228 3047 3345 3114 fuit,
3363 3045 3596 3118 Cyprius

406 3138 670 3206 Εὐγενέος
704 3139 976 3208 Στεφάνου
997 3154 1012 3169 ⁸
1042 3133 1112 3209 ἦν
1141 3137 1200 3192 δὲ
1228 3139 1428 3208 νομεὺς
1451 3140 1678 3210 Φαρίης.

2021 3159 2227 3217 genere,
2254 3145 2397 3202 ﬁlius
2451 3143 2713 3213 Stephani
2764 3141 3139 3211 ingenui;l'uit
3173 3148 3353 3194 autem
3410 3147 3595 3206 pastor

335 3231 593 3300 κτήμασι
616 3233 716 3302 μὲν
735 3232 1026 3297 πολύολὸος
1043 3232 1178 3286 ὅλων
1195 3231 1377 3299 πλέον,
1389 3225 1464 3287 ὧν
1479 3233 1645 3304 τρέφε
1663 3233 1908 3305 Κύπρος.

2024 3237 2353 3292 Alexandriae
2385 3235 2614 3292 Phariae.
2642 3234 2844 3304 Opibus
2874 3233 3090 3304 quidem
3119 3232 3275 3303 longe
3298 3230 3598 3287 ditissimus

413 3323 514 3376 Ἐκ
547 3323 782 3396 πατέρος
809 3325 1081 3395 πατέρων,
1109 3323 1166 3394 ἐξ
1194 3326 1355 3381 ὁσίων
1379 3341 1440 3379 τε
1471 3326 1649 3383 πόνων
1669 3341 1686 3360 ⁸

2026 3330 2265 3386 omnimn
2304 3339 2438 3397 ques
2478 3327 2610 3382 aluit
2639 3326 2866 3398 Cyprus,
2917 3339 2982 3380 ex
3045 3322 3216 3394 patris
3244 3322 3509 3393 patribus,
3543 3328 3600 3375 et

339 3413 518 3487 Ἔργα
537 3415 593 3470 δὲ
621 3417 848 3470 θέσκελα
871 3418 1044 3472 πάντα
1067 3417 1190 3488 λέγε
1200 3401 1271 3485 ιν,
1292 3418 1437 3488 άπερ
1452 3420 1510 3472 ὲν
1530 3417 1682 3490 χθονὶ
1698 3418 1912 3487 τεῦξεν,

2022 3435 2084 3476 ex
2145 3418 2390 3474 honestis
2461 3417 2760 3474 laboribus.
2822 3415 2995 3485 Opera
3078 3427 3259 3470 autem
3327 3411 3596 3468 mirabilia

410 3507 533 3562 Οὐδ’
558 3509 691 3581 ἐμοῦ
721 3510 836 3562 ἐστι
861 3509 1004 3574 νόου,
1035 3509 1143 3563 οὐδ’
1167 3511 1372 3581 ἑτέρων
1397 3511 1702 3582 στομάτων.

2020 3513 2225 3576 dicere,
2257 3526 2377 3579 quae
2406 3510 2459 3564 in
2490 3519 2634 3565 terra
2672 3508 2863 3582 gessit,
2897 3521 3073 3579 neque
3104 3521 3236 3561 meae
3264 3504 3462 3560 mentis
3486 3512 3594 3568 est,

339 3597 526 3652 Πάντα
553 3579 662 3670 γὰρ
686 3600 854 3671 ἄνδρα
884 3600 1128 3671 παρῆλθε
1154 3579 1514 3671 φαεινοτάτῃς
1545 3600 1776 3671 ἀρετῇσι

2027 3617 2199 3672 neque
2249 3601 2475 3656 alterius
2520 3579 2688 3656 vocis.
2741 3579 2970 3655 dntnem
3009 3599 3152 3654 enim
3207 3595 3478 3651 hominem
3509 3607 3601 3646 suo

410 3691 647 3756 Δόξαντα
671 3693 924 3761 κρατέειν
949 3694 1067 3754 ταῖς
1091 3693 1314 3762 ἀρεταῖς
1339 3691 1564 3761 ἑτέρων.

2109 3693 2233 3748 -avit
2275 3692 2708 3762 praeclarissimis
2759 3689 3074 3756 virtutibus,
3105 3689 3414 3758 quicunque
3447 3687 3598 3740 visus
3677 3704 3683 3706 -

340 3779 447 3834 Τοῦ
474 3783 566 3834 καὶ
593 3781 793 3836 κάλλεα
821 3783 1019 3844 πάντα,
1049 3781 1226 3852 τάπερ
1259 3782 1444 3844 πτόλις
1472 3780 1694 3853 ἔλλαχεν
1722 3780 1884 3852 αὕτη,

2025 3797 2108 3843 est
2139 3787 2432 3842 virtutibus
2461 3796 2690 3842 caeteros
2740 3783 3102 3849 antecellere;
3144 3791 3200 3838 et
3223 3781 3405 3836 omnia
3433 3795 3599 3836 orna-

412 3871 554 3941 Eiai,
584 3871 981 3945 φιλοφροσύνης
1011 3873 1214 3946 κόσμος
1239 3871 1569 3944 ἀρειότατος.

2028 3887 2226 3942 menta,
2260 3892 2381 3947 qua:
2421 3877 2550 3932 urbs
2601 3876 2701 3930 ista
2742 3873 2996 3940 obtinuit,
3040 3882 3168 3930 sunt
3213 3869 3602 3928 benevolentia

2028 3975 2435 4021 monumentum
2464 3962 2858 4018 ﬁrmissimum.

1895 4084 2003 4146 Ill.

889 4210 986 4274 Εἰς
1023 4209 1131 4262 τὸν
1166 4209 1373 4263 αὐτόν.

2636 4209 2703 4264 In
2741 4210 2999 4266 eumdem.

357 4297 547 4370 Ἀρχδς
573 4298 828 4371 Ἰωάννης
858 4301 1064 4372 Φαρίης
1096 4301 1305 4373 ἀρετῶν
1337 4302 1534 4374 ἱερήων
1629 4313 1631 4315 ’

2100 4305 2304 4360 Prmsul
2345 4303 2582 4362 Joannes
2612 4304 2950 4359 Alexandriae
2980 4301 3196 4357 Pharia:
3233 4299 3603 4356 sacerdotibus

356 4388 575 4446 Ἐνθάδε
598 4390 693 4444 νῦν
723 4393 864 4462 μετὰ
891 4395 1068 4465 τέρμα
1096 4392 1227 4467 φίλῃ
1254 4393 1402 4465 παρὰ
1431 4393 1648 4464 πατρίδι
1671 4395 1880 4450 κεῖται·

2031 4398 2416 4466 ριωειωιδ,1ιίε
2457 4412 2601 4452 nunc
2642 4405 2766 4466 post
2801 4391 3132 4450 curriculum
3171 4393 3418 4449 dilectam
3464 4390 3605 4462 apud

345 4479 550 4552 Θνητὸν
576 4485 684 4556 γὰρ
708 4485 838 4556 λάχε
861 4485 1040 4556 σῶμα,
1069 4490 1164 4539 καὶ
1193 4487 1242 4540 ei
1277 4485 1390 4556 βίον
1412 4485 1639 4558 ἄφθιτον
1669 4487 1850 4558 ἔσχεν,

2035 4489 2262 4560 patriam
2307 4490 2470 4560 jacet.
2507 4489 2731 4544 Mortale
2757 4489 2902 4542 enim
2929 4488 3156 4544 sortitus
3179 4496 3263 4541 est
3291 4501 3489 4554 corpus
3507 4527 3524 4552 ,
3552 4492 3609 4538 et

357 4574 682 4641 Ἀθανάτους
710 4575 937 4651 πρήξεις
964 4593 1024 4630 τε
1059 4577 1200 4634 κατὰ
1231 4577 1396 4649 χθόνα
1425 4577 1580 4650 ῥέξεν
1607 4578 1886 4649 ἀπείρους.

2032 4583 2077 4637 si
2111 4582 2278 4638 vitam
2338 4583 2706 4648 incorruptam
2766 4580 2975 4647 habuit,
3017 4579 3342 4636 immortalia
3368 4573 3514 4651 gesta
3549 4579 3606 4636 iu

2032 4684 2167 4704 Ion-um
2196 4673 2298 4704 nnis
2335 4683 2382 4704 nl
2417 4673 2618 4704 :..n..:...

2028 4684 2171 4730 terra
2195 4673 2305 4744 egit
2333 4683 2388 4729 et
2417 4673 2642 4730 inﬁnita.

963 4953 1420 5031 EJUSDEM
1479 4955 2194 5034 FBAGMENTUM
2255 4957 2982 5038 DOGM‘ATICUM.

351 5132 673 5208 Βασιλεέου
711 5130 782 5208 ἐπι
828 5131 1724 5208 τοῇώέπιτςγρᾳμμένου-λργου
1759 5132 1924 5208 ,πρὸς

2137 5135 2222 5190 itii
2251 5135 2605 5208 fragmentum
2655 5137 2839 5208 scripti
2883 5147 3068 5208 contra
3105 5133 3357 5188 Eunomii
3395 5129 3604 5200 apinio-
3709 5144 3711 5148 ·

423 5201 539 5271 τὴν
557 5202 854 5271 Εὐνομίου
884 5197 1202 5273 δόξανίῆξ
1230 5197 1454 5269 ’Ᾱέτιος
1491 5197 1716 5270 ἤρξατο
1750 5197 1852 5274 (a)'.
1898 5197 1913 5200 ⁷

1654 5221 1716 5258 το
1750 5197 1852 5274 (αίο
1898 5197 1913 5200 ⁷
2251 5197 2263 5205 ’
2339 5197 2362 5208 ⁷
2411 5223 2528 5261 nem
2550 5210 2668 5277 jam
2696 5197 2945 5262 ali-Aetio
2976 5204 3228 5260 edictam.

1301 5320 1461 5389 (Aug.
1501 5318 1626 5374 Man
1657 5317 1854 5389 Script.
1889 5330 2047 5376 veter.
2076 5321 2199 5377 coll.
2244 5330 2283 5377 ι.
2318 5321 2428 5387 VII,
2457 5335 2510 5391 p.
2539 5319 2658 5392 22.)

434 5452 453 5484 ι
502 5433 592 5497 Ἐξ
614 5427 689 5488 ὧν
722 5433 779 5488 δὲ
809 5437 1135 5503 παρήγαγεν
1164 5433 1329 5498 αὐτὸς
1360 5434 1490 5505 περί
1518 5451 1578 5488 τε
1609 5434 1711 5504 τῆς
1739 5436 1928 5500 οὐσίας

2113 5455 2131 5488 ι
2154 5435 2236 5491 Ab
2252 5438 2585 5507 argumentis
2605 5409 2837 5490 inﬁrmis
2852 5434 2918 5488 ab
2932 5432 3024 5487 illo
3038 5430 3257 5495 edictis,
3269 5429 3336 5484 de
3348 5429 3611 5483 substan-

358 5525 574 5598 καὶτῆς
602 5527 884 5598 ἐνεργείας
922 5526 1197 5598 λογισμῶν
1229 5527 1470 5600 σαθρῶν,
1523 5530 1551 5582 ὁ
1596 5528 1753 5598 λόγος
1793 5532 1931 5590 ἀπο-

2042 5529 2114 5585 tia
2157 5539 2214 5585 et
2258 5530 2703 5601 operationibus,
2747 5523 3146 5596 argumentatio
3197 5519 3613 5578 similitudinem

361 5663 507 5791 ιιι(α)
559 5663 787 5720 Ponitur
829 5661 1018 5719 Basilii
1097 5663 1277 5718 editus
1327 5663 1480 5720 locus
1550 5674 1610 5720 ut
1656 5665 1991 5738 intelligatur
2025 5665 2364 5748 subsequens
2427 5661 2720 5735 Sophronii
2787 5658 3078 5723 scholium,
3110 5655 3258 5728 quod
3319 5663 3405 5713 est
3442 5650 3616 5709 inedi-

426 5754 496 5791 ΙΙΙ.

387 5751 496 5792 ιιιιι.

688 5831 960 5893 Panos.
1007 5827 1128 5891 Gn.
1177 5829 1538 5891 LXXXVII.
2174 5799 2193 5814 ’

2174 5799 2193 5814 “
3073 5820 3186 5887 126
