3986 6236
463 362 594 427 tuti

1941 364 2242 426 SPURIA.

3591 364 3734 428 401?.

463 490 821 546 demonstrat,
854 480 947 536 vel
997 482 1224 553 rigidins
1265 481 1519 544 dicendo,
1557 496 1722 535 unum
1761 483 2027 536 eumdem-

2142 478 2391 534 δείκνυσι
2419 480 2516 534 καὶ
2547 481 2671 535 κατ’
2699 481 2895 536 οὐσίαν
2921 482 3019 536 καὶ
3052 484 3172 536 κατ’
3204 483 3488 556 ἐνέργειαν
3538 486 3733 554 ὅμοιον

462 591 567 644 que
597 573 794 629 Filium
840 589 966 629 cum
1017 572 1199 640 Patre,
1229 583 1282 628 et
1323 574 1627 628 substantia
1667 581 1724 628 et
1765 573 2042 642 operatio-

2145 569 2286 628 εἶναι
2314 573 2408 628 τὸν
2431 573 2561 627 Υῐδν
2594 573 2674 646 τῷ
2704 576 2900 645 Πατρὶ,
2930 575 3130 646 μᾶλλον
3169 571 3226 629 δὲ
3252 576 3630 648 ἀληθέστερον
3655 579 3737 628 ei.-

462 667 646 720 uihus.
676 665 907 735 Propter
949 676 1222 732 naturam,
1255 664 1565 721 substantia
1604 665 1726 721 sine
1767 665 2027 734 Operatio

2145 670 2268 722 πεῖν
2301 667 2394 721 τὸν
2438 667 2635 720 αὐτόν’
2685 666 2811 720 οὔτε
2847 667 2958 738 γὰρ
2999 667 3158 720 οὐσία
3197 669 3341 722 κατὰ
3371 667 3536 736 φύσιν
3573 669 3734 738 susp-

461 757 621 811 nibus
663 771 769 810 non
809 764 915 818 est.
948 773 1124 827 neque
1166 759 1515 829 operationes
1553 757 1679 815 sine
1712 759 2039 814 substantia;

460 844 732 900 Praeterea
773 846 1093 902 substantia:
1131 848 1248 903 idea
1294 850 1412 904 sine
1441 858 1764 921 argumento
1798 863 1902 904 non
1939 858 2040 914 est,

464 937 802 1009 inspiciendo
831 939 1192 994 substantiant
1227 940 1445 996 firmant
1468 981 1483 1006 ,
1548 955 1671 996 nam
1709 956 1866 997 nemo
1913 941 2044 994 sub—

2144 760 2304 829 γεὶας
2328 761 2482 826 ἄνευ,
2510 757 2637 812 οὔτε
2675 758 2928 830 ἐνέργεια
2951 759 3122 828 χωρὶς
3153 759 3344 822 οὐσίας
3374 757 3508 811 ποτέ
3532 774 3550 790 ο
3593 760 3736 827 μᾶλα

2144 853 2235 908 λον
2281 853 2340 907 δὲ
2385 854 2485 925 τὴν
2534 852 2726 907 οὐσίαν
2756 852 2890 923 πρὸς
2929 846 3200 906 ’πιστωσιν
3230 851 3479 922 ἔχοντες·
3532 852 3734 905 οὐσίαν

2143 944 2253 1014 γὰρ
2281 943 2342 996 οὐ
2371 941 2597 996 πώποτέ
2626 959 2711 1005 τις
2755 937 2865 994 οἶδε
2896 941 3034 994 Θεοῦ
3054 956 3066 971 ·
3109 942 3199 996 διὰ
3227 941 3285 996 δὲ
3311 941 3411 1012 τῆς
3442 942 3731 1013 ἐνεργείας

462 1030 724 1084 stantiam
786 1030 878 1085 Dei
928 1031 1062 1086 vidit
1113 1031 1430 1104 aliquando,
1488 1033 1568 1090 sic
1631 1046 1756 1089 eam
1823 1031 2027 1088 ﬁrmam

2140 1037 2342 1108 ὁμοίως
2371 1035 2470 1109 τὴν
2493 1034 2686 1089 οὐσίαν
2717 1031 3079 1090 πιστούαεθα.
3126 1053 3144 1088 ο

461 1122 887 1191 operationibus.
925 1142 946 1176 ε

859 1235 1214 1294 SCHOLIUM
1241 1238 1654 1327 summouit.

532 1349 723 1406 Videte
787 1352 1224 1408 convenientiam
1284 1354 1664 1410 confirmatam
1726 1355 1871 1410 inter
1927 1357 2041 1411 haec

461 1455 562 1512 per
616 1443 764 1499 illum
797 1461 810 1498 :
845 1443 962 1499 Non
1007 1444 1127 1516 plus
1173 1445 1304 1502 licet
1341 1449 1412 1502 ab
1452 1447 1864 1518 opera-tionibus
1905 1449 2038 1505 sub-

461 1536 718 1589 stantiam
770 1535 900 1606 (nisi
947 1551 1065 1591 eam
1117 1538 1252 1593 nihil
1303 1539 1534 1595 similem
1582 1540 1770 1609 facias,
1808 1541 2038 1596 inertem

459 1627 734 1697 ponendo)
785 1643 950 1697 quam
1007 1631 1357 1700 operationes
1407 1649 1436 1687 a
1491 1633 1798 1688 substantia
1850 1649 2038 1688 earum

457 1718 749 1787 elementa,
787 1718 1122 1792 disjuugere.
1175 1721 1256 1778 An
1290 1738 1440 1792 ergo,
1472 1739 1813 1794 quascunque
1852 1739 2040 1794 opera-

2566 1241 2866 1298 ΣΧΟΔΙΟΝ
2899 1239 3305 1297 ΣΩΦΡυΝΙΟΥ.

2221 1357 2388 1429 Ὀρᾷς
2439 1355 2515 1418 ὡς
2547 1354 2804 1426 ἀλλήλαις
2850 1353 3055 1416 ταύτας
3102 1351 3411 1416 συνέζευξε,
3463 1351 3562 1403 καὶ
3603 1348 3727 1402 οὔτε

2140 1451 2305 1521 φύσιν
2335 1450 2617 1523 ἐνεργείας
2643 1448 2776 1504 ἄνευ
2827 1447 2940 1500 ἐστι
2993 1445 3314 1510 θεάσασθαι,
3347 1445 3432 1498 ἵνα
3462 1443 3543 1516 μὴ
3592 1443 3728 1514 πρὸς

2137 1540 2198 1593 τὸ
2247 1538 2323 1610 μὴ
2355 1539 2414 1592 ὃν
2458 1537 2735 1609 ἀπονεύσῃ
2784 1536 3066 1607 ἐνεργείας
3097 1534 3442 1606 ἀμοιροῦσα,
3499 1534 3621 1587 οὐδ’
3659 1531 3726 1588 αὖ

2140 1631 2304 1688 πάλιν
2321 1631 2600 1701 ἐνέργειαν
2621 1630 2717 1698 τῆς
2741 1629 2827 1680 ὲνε
2837 1627 3076 1699 ργούσης
3094 1627 3262 1694 αὐτὴν
3281 1625 3438 1688 ἐκτὸς
3459 1625 3687 1692 φύσεως
3705 1640 3720 1687 ;

2138 1725 2200 1776 Ei
2232 1724 2382 1777 πᾶσα
2413 1719 2592 1773 τοίνυν
2625 1721 2876 1791 ἐνέργεια
2907 1716 3122 1786 φύσεώς
3151 1717 3288 1778 τινῖς
3322 1713 3597 1782 οὑσιώδης
3620 1714 3728 1784 ὁρί-

456 1811 533 1864 tio
576 1811 900 1866 substantize
945 1811 1314 1869 manifestatio
1356 1825 1506 1870 certa
1550 1817 1644 1881 sit,
1680 1817 2027 1888 quemadmo-

2140 1816 2290 1881 ζεται
2323 1813 2539 1884 κίνησις
2563 1853 2578 1879 ,
2607 1812 2684 1875 ὡς
2711 1812 2760 1864 oi
2790 1811 2921 1880 περὶ
2953 1809 3127 1863 ταῦτα
3173 1807 3338 1860 δεινοὶ
3381 1807 3720 1875 διειλήφασι,

454 1903 583 1956 dum
639 1901 740 1956 hoc
791 1901 952 1970 periti
1003 1902 1557 1972 demonstraverunt,
1608 1910 1731 1977 quis
1784 1915 2035 1963 naturam

454 1993 786 2049 immobilem
823 1993 1006 2050 dicere
1038 2003 1239 2064 potest,
1270 1999 1395 2066 quis
1429 1999 1766 2054 activitatem
1803 2000 2034 2056 inertem

451 2084 746 2153 concipere
795 2095 995 2156 potest,
1040 2102 1161 2143 cum
1211 2096 1499 2144 actuosam
1540 2089 2034 2149 manifestationcm

451 2177 636 2231 omnis
670 2185 827 2233 actus
865 2178 1132 2236 naturalis
1171 2181 1463 2258 concipere
1491 2182 1756 2238 deberet?
1783 2182 1858 2239 lta
1890 2185 2035 2255 quod

453 2281 730 2337 nunquam
772 2269 1028 2326 aiiirmari
1070 2281 1271 2344 potest,
1299 2282 1510 2330 tantum
1551 2275 1604 2330 in
1640 2275 1918 2331 Christum
1955 2275 2036 2330 vi-

451 2359 701 2428 deretur,
729 2361 798 2417 ab
825 2375 892 2418 eo
919 2362 1037 2418 solo
1068 2363 1396 2433 firmaretur,
1426 2366 1478 2422 id
1509 2375 1596 2424 est
1622 2368 1823 2438 potius,
1849 2367 2034 2421 firma-

455 2461 609 2508 retur
632 2468 737 2510 nec
763 2465 928 2512 esset.
945 2456 1227 2524 Quoniam
1249 2460 1598 2530 operationes
1623 2476 1745 2516 cum
1771 2461 2030 2516 substanc

455 2544 548 2601 tiis
581 2555 730 2615 sunt,
759 2551 1125 2605 necessarium
1162 2561 1246 2607 est
1285 2567 1418 2623 ergo
1441 2553 1791 2609 considerare
1821 2562 2033 2607 utrum-

454 2647 580 2705 que,
627 2637 752 2706 quia
808 2651 906 2707 per
962 2639 1338 2696 confusionem
1388 2640 1626 2697 virtutes
1677 2655 1796 2711 qua:
1839 2651 2034 2696 errata}

453 2733 584 2780 sunt
620 2727 910 2784 destructa:
953 2739 1098 2787 sunt.
1147 2729 1306 2786 Esset
1347 2733 1492 2787 enim
1531 2732 1732 2789 stultus
1785 2733 1877 2804 qui
1914 2733 2035 2788 sub-

453 2818 711 2873 stantiam
748 2821 1016 2892 acciperet
1044 2833 1098 2878 et
1128 2832 1331 2878 motum
1363 2823 1440 2879 illi
1469 2825 1754 2898 abnueret.

2144 1905 2248 1962 ποῦ
2287 1906 2450 1977 φύσιν
2497 1923 2582 1969 τις
2611 1900 2720 1957 οἶδέ
2751 1919 2881 1956 ποτε
2909 1901 3186 1971 ἀκίνητον,
3215 1899 3248 1970 ἢ
3291 1897 3585 1962 παντελῶς
3631 1898 3723 1951 ἀνο

2142 2001 2434 2071 ενέργητον
2457 1996 2742 2068 ἐνέργειαν
2784 1995 3039 2066 εὕρηκεν,
3068 1995 3130 2048 οὐ
3162 1995 3400 2062 φυσικῆς
3430 1991 3722 2062 δυνάμεως

2143 2091 2496 2162 ὑπάρχουσαν
2539 2088 2788 2158 κζνησινς
2837 2086 2924 2139 ἵνα
2956 2086 3095 2156 ὅπερ
3133 2083 3344 2154 οὐδαμῆ
3378 2082 3721 2172 καθορᾶσθαι

2141 2185 2174 2256 ἡ
2209 2180 2470 2251 λέγεσθαι
2497 2179 2758 2243 δύναται,
2789 2177 2947 2232 τοῦτο
2983 2177 3078 2230 ἐπὶ
3109 2176 3272 2247 μόνου
3298 2175 3548 2246 Χριστοῦ
3589 2173 3719 2227 καθα

2140 2277 2332 2348 ορᾶται
2365 2274 2460 2327 καὶ
2511 2272 2758 2341 λέγηται,
2791 2269 2992 2340 μᾶλλον
3014 2268 3071 2322 δὲ
3107 2267 3184 2338 μὴ
3207 2267 3602 2348 καθορώμενον
3638 2267 3720 2318 λὲο

2141 2347 2310 2438 γηται
2331 2381 2346 2396 ⁶
2383 2364 2572 2433 ἐπειδὴ
2599 2364 2655 2417 δὲ
2688 2362 2798 2416 τῶν
2828 2361 3026 2416 οὐσιῶν
3053 2361 3201 2413 ἐστιν
3229 2347 3646 2430 ὁμολογουμένη
3685 2358 3716 2428 ἡ

2140 2461 2412 2530 ἐνέργεια,
2446 2456 2663 2526 ἀνάγκη
2694 2455 2922 2525 θεωρεῖν
2951 2454 3048 2507 σὺν
3077 2453 3200 2516 ταῖς
3227 2451 3439 2514 οὐσίαις
3466 2452 3572 2505 καὶ
3621 2449 3716 2512 τὰς

2140 2552 2446 2625 ἐνεργείας,
2478 2551 2568 2604 ἵνα
2613 2547 2688 2620 μὴ
2727 2547 3044 2617 κολοὸὦμεν
3075 2546 3132 2598 ὲν
3174 2547 3240 2615 τῇ
3275 2543 3465 2598 ινὼσει
3499 2543 3572 2596 τὰ
3611 2542 3715 2594 τῶν

2135 2643 2445 2699 ἑνωθέντων
2476 2640 2742 2712 ἰδιώματα
2763 2657 2778 2672 ο
2801 2636 3103 2710 λῆροςγὰρ
3144 2636 3209 2690 ἂν
3238 2636 3322 2706 εἴη
3352 2635 3588 2699 πλατὺς,
3619 2632 3713 2704 cpti-

2138 2753 2222 2790 σιν
2257 2735 2356 2807 μὲν
2389 2733 2696 2805 ὁμολογεῖν,
2737 2729 3004 2803 ἀνενεργῆ
3037 2729 3093 2784 δὲ
3127 2729 3307 2798 λέγειν
3329 2726 3528 2796 αὐτήν.

1730 3154 2460 3269 SPURIA.

1230 3365 1605 3424 SOPHRONll
1645 3366 1723 3440 (l)
1758 3364 2234 3423 PATRIARCHIE
2263 3363 2930 3431 HIEROSOLYMITANI,

568 3524 665 3584 DE
715 3521 1169 3600 LABORIBUS,
1232 3522 1807 3585 CERTAMINIBUS
1842 3524 1938 3584 ET
1975 3524 2777 3586 PEREGRINATIONIBUS
2807 3523 2912 3584 SS.
2943 3522 3175 3584 PETRI
3211 3522 3588 3599 ΕΤηΡΑΙΠιΙ.

1207 3691 1485 3762 (Bibliolh.
1511 3690 1730 3746 Patrum
1766 3703 1802 3749 t.
1845 3693 2089 3760 νωεδ.
2117 3723 2187 3734 -—-
2214 3707 2278 3749 ex
2331 3691 2546 3763 Magist.
2593 3691 2721 3747 Sac.
2759 3691 3016 3761 Palatii.)

524 3957 721 4013 Petrus
745 3971 942 4028 genere
977 3957 1080 4012 fuit
1113 3955 1395 4023 licbmus,
1427 3957 1704 4014 habitabat
1739 3960 1793 4014 in
1811 3958 2030 4015 Galilasa
2059 3969 2101 4027 ο
2137 3976 2242 4014 non
2272 3964 2583 4029 exasperari
2612 3970 2797 4015 contra
2824 3972 3139 4031 peccatores
3164 3961 3444 4017 cruditur‘
3471 3978 3486 4016 :
3523 3961 3698 4031 illique

445 4049 770 4117 Palaestinae,
796 4050 970 4120 patria
1002 4049 1118 4116 ejus
1137 4050 1445 4105 Bethsaida.
1473 4049 1781 4106 Simeonem
1813 4051 2024 4107 Justum

445 4139 828 4210 quiChristum
875 4139 927 4193 in
973 4138 1114 4193 ulnis
1140 4139 1336 4203 tenuit,
1365 4140 1778 4208 contpatriotam
1817 4139 2022 4196 habuit.

340 4305 346 4310 _
444 4233 606 4289 Pater
635 4232 782 4289 Petri
820 4232 984 4288 Jonas
1009 4231 1108 4286 fuit
1141 4233 1476 4301 temporibus
1505 4232 1886 4304 Hyreanihqni
1928 4249 2028 4288 au-

447 4345 530 4382 res
571 4343 697 4380 suas
731 4339 851 4379 cum
917 4339 1081 4394 regno
1130 4321 1207 4393 (id
1267 4325 1530 4378 actitante
1571 4322 1764 4393 fratre)
1823 4323 2025 4378 amisit.

433 4419 636 4474 'Frater
688 4416 832 4471 Petri
886 4415 1172 4469 Andreas:
1219 4413 1468 4484 cepitque
1527 4428 1752 4469 uxorem
1810 4414 2024 4481 Petrus,

433 4495 609 4563 ’filiam
661 4506 979 4570 Aristobuli,
1024 4505 1209 4560 fratris
1262 4505 1406 4560 beati
1471 4502 1736 4559 Barnabas
1769 4506 2017 4574 apostoli,

447 4615 512 4652 ex
555 4613 657 4667 qua
696 4597 934 4666 suscepit
969 4595 1136 4650 filium
1183 4606 1240 4651 et
1265 4596 1449 4650 filiam.
1494 4596 1740 4650 Andreas
1779 4596 2018 4650 caelibem

447 4690 650 4744 ducens
682 4689 872 4756 vitam,
897 4687 1259 4743 Praecursoris
1293 4687 1503 4742 Domini
1539 4686 1711 4745 factus
1745 4696 1828 4743 est
1857 4689 2018 4742 disci-

442 4782 625 4853 pulus.
656 4781 851 4837 Petrus
881 4783 1114 4851 negotiis
1146 4783 1478 4848 intendebat,
1505 4792 1562 4838 ut
1603 4781 1692 4851 qui
1725 4782 1899 4844 uxori,
1935 4781 2016 4835 la-

447 4873 608 4930 milia:
634 4883 688 4931 et
724 4877 897 4944 patris
926 4877 1078 4932 senio
1119 4876 1451 4945 providebat.
1505 4875 1545 4928 A
1580 4876 1794 4930 Christo
1832 4874 2023 4929 Petrus

444 4969 514 5025 ob
542 4969 739 5024 mentis
771 4969 1162 5023 firmitudinem
1196 4968 1496 5036 appellatur
1521 4969 1537 5000 ¹
1569 4986 1586 5035 ;
1621 4982 1782 5037 super
1830 4964 2024 5022 ﬂuctus

446 5061 616 5117 maris
646 5071 900 5130 tanquam
927 5060 1284 5128 incorporeus
1336 5058 1642 5126 ambulat’;
1672 5058 2022 5127 transﬁgura-

444 5152 612 5210 tionis
650 5151 859 5208 Domini
892 5151 1188 5222 inspector,
1244 5163 1428 5206 vocem
1481 5150 1708 5221 primam
1773 5150 1926 5205 audit
1958 5151 2020 5218 ³;

516 5295 532 5325 ⁸
568 5293 725 5348 .lnan.
763 5311 801 5354 ι.
825 5295 912 5349 42.
990 5296 1010 5326 ³
1046 5291 1236 5346 Matth.
1268 5307 1376 5351 xw,
1419 5289 1508 5345 90.

443 5378 480 5428 ι,
519 5365 604 5430 15,
633 5365 724 5419 26.
801 5365 821 5398 '
860 5365 979 5420 Act.
1011 5380 1084 5430 Ix,
1114 5362 1203 5419 54.
1280 5363 1301 5394 ⁸
1335 5363 1451 5416 Act.
1485 5377 1536 5420 κ,
1567 5361 1586 5413 1
1621 5361 1780 5427 seqq.

1588 5290 1606 5318 ³
1634 5289 1820 5342 Matth.
1860 5304 1990 5350 uti,
2024 5287 2042 5340 l
2074 5291 2225 5356 seqq.

2132 4053 2317 4106 mundi
2345 4053 2656 4121 procuratio
2688 4054 3064 4118 committitur,
3109 4063 3164 4108 et
3217 4053 3504 4107 traduntur
3536 4053 3697 4108 coele-

2127 4146 2288 4197 stium
2306 4145 2680 4198 thesaurorum
2701 4143 3110 4212 claves‘.Super
3123 4153 3319 4199 coetum
3336 4143 3696 4213 apostolorum

2129 4239 2455 4292 consumtus
2485 4248 2605 4304 est;
2638 4236 2923 4291 Matthiam
2949 4237 3145 4292 suiiicit
3179 4241 3231 4291 in
3265 4236 3627 4307 apostolatum
3659 4235 3696 4290 ‘.

2131 4328 2252 4383 Non
2299 4328 2474 4381 solum
2507 4327 2892 4382 miraculorum
2930 4329 3316 4398 magnitudine,
3349 4327 3441 4383 sed
3492 4338 3547 4384 et
3585 4345 3698 4383 vcr-

2132 4419 2322 4472 borum
2355 4417 2611 4483 efﬁcacia,
2672 4418 2973 4483 auditores,
3015 4433 3237 4473 uxorem
3273 4419 3499 4483 habens,
3536 4419 3605 4472 ad
3636 4417 3690 4470 li-

2127 4508 2247 4560 dem
2267 4506 2468 4562 Christi
2501 4507 2778 4577 rapiebat;
2812 4507 3200 4578 constituitque
3229 4505 3313 4572 lO,
3334 4509 3440 4562 000
3461 4509 3693 4563 virorum

2126 4597 2444 4654 Ecclesiam.
2494 4600 2758 4653 Anauiaut
2810 4611 2865 4656 et
2913 4616 3134 4655 uxorem
3172 4602 3285 4656 sola
3333 4601 3695 4670 increpatione

2128 4691 2443 4759 prosternit.
2479 4692 2534 4744 in
2569 4689 2750 4761 Lydda
2804 4689 3034 4745 [Eneam
3067 4691 3421 4762 paralyticum
3468 4701 3626 4746 sanat
3651 4690 3690 4743 ⁷.

2126 4781 2183 4836 in
2213 4782 2383 4851 .loppe
2426 4782 2666 4837 Dorcada
2718 4783 2963 4838 suscitat.
3006 4781 3060 4836 in
3108 4783 3354 4837 Caesarea
3385 4780 3690 4837 Cornelium

2127 4874 2498 4928 centurionem
2531 4888 2654 4926 cum
2691 4887 2787 4926 sua
2823 4882 2932 4928 tota
2957 4873 3155 4927 familia
3195 4875 3259 4926 ad
3293 4873 3569 4928 Christum
3603 4887 3688 4926 ro-

2128 4977 2237 5030 cat,
2267 4961 2538 5034 bapfizat,
2574 4965 2776 5033 Spiritu
2809 4973 3002 5021 sancto
3037 4964 3284 5033 implet“.
3319 4961 3567 5017 Linteum
3611 4963 3687 5016 ri-

2128 5059 2237 5117 det,
2276 5065 2332 5109 ut
2367 5065 2575 5124 portam
2637 5055 2758 5110 fidei
2813 5071 2908 5124 per
2933 5055 3314 5109 revelationem
3351 5055 3577 5124 aperiat.
3614 5051 3686 5107 Ab

2129 5147 2340 5203 llerode
2368 5148 2626 5219 Agrippa,
2659 5147 2867 5202 duabus
2885 5149 3093 5203 catenis
3125 5149 3354 5210 vinctus,
3387 5156 3440 5200 et
3466 5147 3687 5199 traditus

2301 5285 2322 5315 ⁸
2353 5284 2542 5339 Matth.
2579 5297 2732 5349 “tu,
2763 5281 2856 5337 22.
2935 5280 2956 5313 ⁸
2979 5279 3167 5336 Matth.
3207 5294 3321 5344 ΠΙ,
3347 5278 3432 5335 l9.
3508 5279 3529 5310 ⁸
3559 5280 3674 5335 Aet.

1935 5443 2155 5500 NOTIE.

513 5579 591 5647 (l)
629 5575 917 5647 Sophrouii
935 5574 1105 5647 sitam
1130 5570 1295 5624 habes
1308 5568 1722 5647 apudsanctum
1742 5564 2008 5644 Hierony-

445 5637 591 5702 mum
624 5637 719 5701 lib:
746 5645 819 5698 De
839 5643 1182 5715 scriptoribus
1211 5637 1430 5715 certati
1457 5637 1614 5715 linem
1636 5651 1802 5715 {nam
1827 5637 1870 5713 si
1904 5649 1998 5686 au-

445 5727 564 5770 ctor
585 5715 744 5784 hujus
767 5706 1008 5784 opusculi
1037 5721 1120 5765 est
1151 5721 1368 5784 sanctus
1396 5706 1739 5784 Sophrenius
1776 5706 1994 5784 episca-

449 5801 547 5854 pus
567 5774 1107 5849 liie'rosol'ymitanus,
1127 5789 1187 5834 ut
1212 5781 1324 5848 ipsa
1350 5774 1631 5848 inscriptio
1659 5774 1895 5845 praefert,
1916 5774 1994 5827 ri-

2116 5560 2352 5613 diculum
2385 5567 2468 5612 est
2501 5565 2747 5610 sanctum
2775 5555 3158 5626 Hieronymum
3184 5556 3424 5622 potuisse
3443 5556 3678 5611 scribere

2106 5633 2271 5684 vitam
2299 5629 2471 5682 sancti
2494 5626 2780 5697 Stlpill‘Ollii
2806 5626 3564 5697 Hierosulymitaui‘episcopi,
3589 5627 3676 5692 qui

2109 5703 2208 5755 Sub
2243 5698 2488 5752 lieraclio
2520 5695 2674 5762 obiit,
2704 5711 2848 5750 anno
2870 5693 3078 5750 Domitii
3114 5696 3237 5750 6⁸56.
3269 5693 3363 5749 Est
3390 5693 3675 5752 euiutaltcr

2107 5768 2445 5840 Sephronius
2467 5766 2556 5824 ille
2581 5767 2753 5824 sancti
2783 5765 3097 5836 Hieronymi
3130 5766 3360 5821 amicus.

3533 5923 3582 5950 ’κα
