3986 6236
367 348 508 410 ιω
1287 347 1755 410 ALEXANDER
1795 351 2224 413 MONACHUS.
2273 375 2342 386 -
2384 343 2770 412 MONITUM.
3483 341 3622 411 401’s

366 460 813 527 quaternionibus
873 461 1128 527 militum,
1161 463 1372 517 carceri
1427 464 1785 534 mancipatus,
1824 463 1932 518 sol-
1960 469 2011 528 Α
2039 465 2261 535 Sinope,
2294 463 2519 536 Mystico
2545 463 2925 530 llellespoutis,
2955 461 3164 516 Conirtc
3185 459 3616 529 Paphlagonum,

364 551 512 606 vitur
545 551 615 608 ab
647 553 893 623 augelo‘.
915 553 1212 611 Occasione
1245 553 1485 624 perﬁdiae
1514 553 1753 610 Simonis
1775 555 1941 626 Magi,
2048 557 2405 626 Claudiopoli,
2465 555 2807 622 Houoriadis,
2843 554 3189 617 Nicomedia),
3217 547 3617 620 Bithyniam-

367 641 580 714 Syriam
607 647 865 701 discurrit
892 645 1150 712 ",adbuc
1175 656 1359 703 autem
1389 655 1444 702 et
1482 645 1736 712 Pontum,
1759 649 1942 702 Asiam
2041 662 2204 702 casm:
2237 658 2293 702 et
2323 663 2389 702 ex
2441 649 2616 719 prima
2662 645 3000 716 profectione
3050 659 3147 699 sua
3215 643 3266 696 in
3314 641 3616 696 Cursaream

363 745 419 788 et
464 735 757 802 Galatiam,
798 746 850 793 et
894 737 1094 806 ubique
1145 739 1466 794 seminando
1528 738 1752 793 verbum
1799 741 1944 804 vitae,
2045 753 2144 809 per
2176 739 2568 809 Cappadociam
2601 749 2656 795 et
2681 740 2896 812 Syriam
2933 738 3117 810 (tertio
3141 735 3252 805 jam
3285 749 3428 788 anno
3452 747 3617 788 voca.

363 821 592 878 Romam
613 826 874 893 pervenit.
903 824 1161 891 Sidoniae,
1181 825 1422 898 Berythi,
1456 825 1630 897 Bybli,
1666 826 1948 896 episcopos
2047 830 2208 884 tionis
2233 829 2440 902 elapso)
2476 830 2635 885 rediit
2667 827 3116 898 Hierosolymam.
3161 824 3364 879 Deinde
3396 839 3613 877 rursum

365 929 430 969 ex
451 916 556 982 bis,
581 917 672 984 qui
704 933 825 976 eum
862 918 1286 982 comitabantur,
1314 919 1450 974 duos
1466 919 1776 974 ordinavit:
1807 919 1946 986 apud
2043 937 2144 992 per
2166 903 2510 978 Antiochiam
2546 923 2981 979 etNicomediatn
3013 918 3454 975 ubiProcborum
3481 931 3616 984 prae-

365 1003 623 1074 Tripolim
655 1007 968 1074 Phoenicim,
994 1009 1232 1063 Marcum
1268 1010 1533 1080 hospitem
1562 1026 1715 1063 suum
1756 1011 1946 1064 Antio-
2047 1012 2178 1068 fecit
2203 1012 2256 1066 in
2296 1014 2609 1083 episcopum
2638 1030 2652 1066 :
2691 1022 2800 1066 tum
2823 1012 3039 1066 demum
3067 1008 3293 1062 Romam
3347 1005 3611 1075 pervenit,

366 1096 524 1162 cltiae,
557 1098 839 1161 Antaradi,
874 1097 1068 1163 Acadi,
1099 1099 1316 1154 Balneis
1362 1110 1420 1154 et.
1474 1098 1676 1166 Peltae,
1718 1099 1940 1155 Gazam
2047 1101 2228 1170 ibique
2259 1117 2381 1156 cum
2402 1101 2567 1156 Paulo
2595 1101 2860 1173 apostolo,
2887 1099 3165 1155 tricesimo
3201 1094 3433 1152 Neronis
3469 1108 3612 1146 anno

365 1197 419 1241 et
454 1185 1106 1244 LaodicetezMartianum
1129 1190 1182 1244 in
1203 1189 1476 1261 Syracuse
1515 1189 1736 1254 Siciliae,
1766 1189 1942 1244 Bran—
2041 1207 2236 1262 passus
2261 1201 2368 1246 est.
2397 1193 2530 1248 Vide
2549 1193 2943 1248 Tertullianum
2975 1191 3028 1245 in
3061 1189 3200 1244 libro
3225 1187 3314 1243 ubi
3340 1187 3435 1250 ait,
3461 1199 3610 1240 mor,

364 1279 560 1332 catium
627 1278 968 1336 Tauromenii
1021 1299 1036 1336 :
1081 1281 1350 1336 Tbianum
1399 1282 1773 1352 Cappadociae,
1823 1282 1936 1336 An-
2041 1286 2114 1339 tis
2175 1283 2325 1340 Petri
2375 1293 2432 1340 et
2471 1283 2622 1339 Pauli
2674 1286 2998 1347 mentionem
3061 1280 3112 1334 in
3163 1277 3463 1340 Annalibus
3517 1275 3612 1338 Ita:

364 1389 528 1444 cyrae,
561 1374 806 1440 Gulutim,
837 1376 929 1431 ttbi
963 1387 1016 1430 et
1046 1377 1275 1431 suscitat
1315 1385 1605 1436 mortuum,
1643 1375 1692 1428 in
1738 1373 1928 1438 Ponto,
2043 1370 2176 1426 beri.

467 1554 487 1584 ’
531 1553 654 1611 Act.
689 1570 788 1619 xtt,
816 1555 840 1608 1
874 1569 1030 1624 seqq.
1091 1554 1134 1584 ¹⁹
1162 1554 1285 1613 Act.
1317 1567 1430 1620 vttt,
1455 1549 1507 1617 9.

1522 1757 1842 1771 ——£———-‘——A—.

366 1728 3612 1777 ww

1571 1907 1738 1956 ANNO
1764 1901 1995 1950 SECULI
2023 1906 2089 1948 Vl
2125 1905 2412 1950 INCERTO.

605 2086 1949 2276 ALEXANDEB
2090 2085 3338 2353 MONACHUS.

1668 2555 2288 2649 MONITUM.

429 2903 548 2975 Quo
581 2912 819 2974 tempore
847 2902 1044 2958 vixerit
1085 2903 1190 2958 iste
1227 2900 1550 2966 Alexander,
1602 2901 1736 2956 mihi
1791 2901 2185 2969 incompertum
2221 2911 2322 2960 est.
2356 2900 2573 2956 Citatur
2603 2915 2632 2956 a
2665 2899 2853 2969 Glyca,
2880 2915 2933 2969 p.
2967 2901 3001 2955 ι
3033 2899 3349 2964 Annalium,
3393 2898 3483 2956 ubi
3540 2896 3610 2965 de

265 3005 270 3010 ‘
357 2990 702 3048 Constantini
735 2989 916 3060 Magni
951 2989 1223 3058 baptismo
1253 2988 1392 3060 agit.
1429 2988 1543 3042 Duo
1575 2986 1912 3056 exemplaria
1945 2987 2267 3048 habuimus:
2304 2991 2534 3047 alterum
2566 3007 2632 3046 ex
2669 2991 3010 3047 Bibliotheca
3043 2990 3336 3057 Bavarica,
3370 2987 3605 3051 alterum

357 3082 428 3139 ab
456 3081 672 3136 Andrea
701 3080 954 3143 Schotto,
990 3079 1274 3135 societatis
1325 3087 1528 3133 nostra
1579 3077 1920 3148 presbytero,
1973 3078 2316 3148 antiquitatis
2351 3079 2685 3134 illustrandae
2719 3079 3136 3144 studiosissimo,
3185 3077 3439 3132 collatum
3481 3090 3606 3134 cum

356 3168 678 3240 perantiquo
707 3167 896 3223 codice
925 3166 1143 3238 Crypta:
1171 3165 1414 3221 Ferratte
1439 3181 1549 3221 non
1601 3165 1789 3234 procul
1811 3163 2068 3231 Tusculo,
2092 3166 2178 3222 cui
2208 3166 2496 3236 plerasque
2526 3165 2894 3222 correctioues
2919 3164 2973 3219 iu
3008 3165 3246 3234 acceptis
3281 3163 3603 3226 referimus;

356 3259 459 3313 etsi
515 3271 930 3326 nonnunquam,
959 3257 1054 3310 sed
1094 3271 1258 3326 parce
1283 3266 1338 3310 et
1367 3255 1685 3325 prudenter,
1713 3252 2041 3322 conjecturae
2087 3254 2272 3310 itidem
2306 3255 2507 3325 aliquid
2538 3253 2882 3308 indulsimus.
2939 3253 3131 3308 Exstat
3179 3252 3231 3306 in
3277 3251 3603 3306 bibliotheca

356 3345 616 3401 Bavarica
649 3346 784 3401 liber
813 3345 919 3401 hoc
953 3344 1110 3399 titulo
1144 3361 1160 3399 :
1204 3343 1426 3400 Ἰουλίου
1473 3342 1849 3407 Πολυδεύκους
1873 3360 1930 3414 χε

2027 3343 2122 3397 κόν
2159 3358 2175 3374 ·
2214 3341 2350 3398 Julii
2382 3341 2619 3402 Pollucis
2653 3340 2990 3400 Chronicum.
3025 3339 3317 3394 Exorditur
3349 3350 3539 3393 auctor
3575 3357 3600 3388 a

359 3433 636 3491 creatione
666 3432 874 3498 mundi,
903 3439 958 3486 et
987 3444 1158 3500 usque
1185 3433 1253 3485 ad
1280 3431 1566 3500 imperium
1601 3429 1840 3486 Valentis
1858 3430 2197 3486 Chronicum
2223 3431 2491 3501 perrexit.
2518 3430 2677 3485 Certe
2711 3431 2762 3484 in
2819 3426 3039 3482 Valente
3066 3427 3349 3496 exemplar
3375 3425 3601 3486 desinit,

355 3521 458 3575 etsi
513 3520 817 3590 probabile,
847 3535 955 3575 non
981 3531 1088 3575 tam
1111 3527 1416 3582 auctorem,
1443 3533 1610 3588 quam
1638 3519 1922 3576 librarium
1966 3519 2054 3573 hic
2084 3518 2283 3574 fecisse
2318 3519 2502 3572 linem.
2532 3516 2630 3572 llic
2663 3531 2794 3584 ergo
2824 3515 3021 3578 Julius,
3054 3528 3212 3583 quem
3248 3514 3300 3566 in
3343 3509 3594 3564 Latinam

358 3610 591 3678 linguam
617 3610 802 3674 vertit,
831 3608 929 3664 sed
972 3623 1078 3663 non
1107 3605 1279 3663 edidit
1312 3607 1614 3661 ﬁdissimus
1636 3606 1946 3660 studiorum
1981 3603 2226 3660 mearum
2263 3606 2447 3661 socius
2485 3613 2541 3661 et
2595 3603 2808 3671 adiutor
2845 3601 2910 3656 P.
2948 3599 3328 3656 Ferainandus
3369 3597 3602 3652 Crende—

288 3712 293 3717 ·
356 3694 458 3748 lius
485 3693 646 3764 (dabo
683 3702 865 3748 tamen
896 3707 1140 3763 operam,
1170 3709 1237 3748 ne
1276 3707 1399 3748 cum
1437 3701 1653 3746 mortuo
1679 3691 1972 3759 interprete
2006 3693 2272 3746 moriatur
2311 3700 2474 3746 ettatn
2507 3688 2836 3758 translatio),
2869 3697 2962 3742 aut
2996 3687 3362 3742 Alexandrum
3396 3683 3604 3754 expila-

354 3781 464 3846 vit;
497 3789 591 3834 aut
632 3779 942 3835 Alexander
969 3778 1212 3846 Iulium;
1247 3789 1340 3833 aut
1369 3788 1597 3848 uterque
1629 3781 1872 3844 tertium,
1908 3780 2043 3834 adeo
2084 3795 2189 3832 non
2217 3779 2375 3833 modo
2404 3778 2706 3842 sententiis,
2739 3779 2832 3830 sed
2873 3786 2928 3830 et
2952 3776 3133 3829 verbis
3171 3775 3373 3844 passim
3403 3787 3604 3828 conve-

355 3869 532 3921 nittut.
561 3866 756 3921 Versio
783 3867 1079 3923 Alexandri
1104 3881 1222 3920 mea
1266 3881 1373 3921 non
1416 3878 1518 3932 est,
1551 3867 1645 3922 sed
1681 3865 1894 3921 Schotti
1929 3866 2132 3931 nostri;
2159 3864 2286 3919 licet
2323 3879 2442 3919 eam
2476 3864 2671 3918 alicubi
2701 3864 2768 3917 ad
2800 3861 3080 3932 exemplar
3121 3860 3254 3922 Bav.
3302 3871 3358 3916 et
3385 3861 3602 3931 Crypta

352 3953 508 4009 Fcrr.
533 3953 1009 4010 accommodarim.

425 4041 479 4095 In
521 4040 730 4097 Schotti
765 4041 1061 4112 exemplari
1092 4041 1279 4098 titulus
1315 4041 1387 4095 ita
1419 4051 1713 4110 conceptus
1743 4046 1826 4096 est
1851 4058 1865 4095 :
1891 4040 1997 4095 Τοῦ

2036 4039 2336 4095 ὀσιωτάτου
2355 4036 2708 4111 Ἀλεξάνδρου
2741 4039 2838 4092 καὶ
2866 4036 3103 4109 μοναχοῦ
3135 4037 3221 4101 είς
3243 4037 3347 4108 τὴν
3375 4034 3597 4107 εὕρεσιν

352 4131 446 4184 τοῦ
469 4131 652 4201 τιμίου
674 4131 768 4184 καὶ
793 4129 1060 4198 ζωοποιοῦ
1084 4130 1341 4202 σταυροῦ.
1370 4128 1704 4189 Sanctissimi
1729 4127 1926 4184 Alexim

2026 4135 2089 4181 "et
2116 4125 2362 4180 monachi
2384 4126 2441 4179 in
2459 4126 2808 4180 inventionem
2830 4124 3142 4180 veneranda
3161 4135 3210 4178 et
3228 4123 3448 4187 nivi/ica
3482 4139 3600 4178 cru-

353 4221 445 4272 cis.
469 4219 527 4274 In
554 4217 812 4274 Bavarico
837 4218 1054 4274 additur
1075 4219 1438 4287 εΕὑλόγησον,
1461 4217 1664 4288 Πάτερ.
1681 4215 1930 4281 Benedic,
1953 4214 2138 4271 Pater.
2158 4214 2310 4282 Quod
2328 4215 2383 4270 in
2407 4213 2688 4271 codicibus
2705 4214 3090 4283 manuscriptis
3113 4213 3597 4267 animadvertimus

351 4306 668 4376 plerumque
693 4308 891 4378 praeligi
920 4306 1157 4361 bomiliis
1178 4305 1422 4372 Patrum,
1453 4313 1502 4360 et
1535 4315 1850 4360 sanctorum
1880 4303 2160 4372 historiis;
2195 4305 2406 4372 hocque
2438 4303 2522 4357 vel
2552 4317 2580 4356 a
2612 4303 2850 4357 librariis
2865 4301 3068 4356 factum
3087 4310 3170 4356 est
3192 4300 3591 4356 benedictionis

349 4404 404 4448 et
420 4395 614 4450 divina:
645 4395 763 4464 opis
782 4405 964 4464 coepto
1000 4393 1172 4451 labori
1211 4393 1566 4466 impetranda:
1593 4394 1770 4462 gratia
1801 4390 2105 4462 ;vel,qbod
2131 4391 2484 4447 verisimilius
2503 4392 2765 4458 arbitror,
2785 4407 2850 4447 ex
2884 4389 3288 4459 moreipublico,
3320 4389 3465 4457 quod
3495 4389 3594 4442 lio-.-

347 4482 526 4536 milias
551 4482 631 4536 vel
661 4498 749 4537 res
783 4491 965 4554 gestas
1005 4491 1316 4537 sanctorum
1349 4481 1585 4536 lecturus
1608 4482 1660 4534 in
1697 4476 1957 4544 Ecclesia,
1999 4480 2152 4548 prius
2179 4479 2614 4535 benedictionem
2643 4494 2674 4534 a
2705 4477 2991 4537 sacerdote
3017 4475 3099 4531 vel
3131 4476 3386 4545 episcopo
3434 4484 3591 4546 pete-

347 4579 454 4624 ret.
491 4569 670 4635 Quare
707 4570 978 4640 plerisque
1005 4570 1172 4624 etiam
1201 4569 1378 4624 sancti
1405 4569 1674 4638 prraemi
1711 4567 1830 4639 Syri
1865 4565 2208 4621 sermonibus
2237 4567 2354 4622 hinc
2383 4567 2547 4622 verba
2571 4567 2861 4636 praeposita
2890 4566 3160 4628 videmus,
3191 4563 3315 4632 quia
3353 4577 3588 4619 consue-

350 4657 535 4712 tudine
567 4667 843 4725 receptum
880 4667 1001 4712 erat
1032 4671 1315 4713 sermones
1344 4657 1519 4711 sancti
1555 4656 1826 4732 Epltraemi
1852 4654 2065 4725 publice
2109 4655 2162 4708 in
2195 4655 2427 4710 ecclesia
2462 4655 2836 4725 pronuntiare.
2867 4652 3046 4710 Testis
3077 4659 3302 4708 sanctus
3325 4650 3589 4722 Hierony-

347 4757 490 4807 mus,
526 4743 601 4797 De
622 4745 746 4798 uiris
775 4744 1089 4800 illustribus.

417 4827 473 4883 In
511 4831 742 4900 exempl.
772 4831 989 4904 Cryptte
1019 4833 1276 4898 Ferratze,
1301 4839 1569 4886 vetustate
1590 4847 1755 4900 prope
1779 4845 1991 4886 consult

2016 4839 2122 4900 pto,
2151 4832 2230 4886 sic
2263 4831 2426 4887 habet
2467 4831 2685 4888 titulus:
2731 4828 3084 4898 Ἀλεξάνδρου
3145 4827 3381 4899 μοναχοῦ
3431 4827 3590 4892 λῦγος

349 4915 620 4988 ἱστορικὸς
669 4921 797 4990 napi.
829 4923 928 4990 τῆς
960 4921 1232 4992 εὑρέσεως
1258 4921 1353 4972 τοῦ
1401 4921 1584 4989 τιμίου
1637 4918 1893 4988 σταυροῦ,
1953 4919 2090 4989 πρός
2117 4937 2267 4982 τινας
2293 4920 2475 4981 ὁσίους
2508 4919 2760 4990 Πατέρας
2793 4917 3200 4988 προ-τραπέντος
3246 4915 3338 4970 ὑπ’
3385 4914 3588 4968 αὐτῶν.

356 5003 446 5056 Ἐν
476 4997 520 5072 ᾧ
549 5007 668 5058 ἐστι
699 5007 942 5076 θεολογίοι
966 5008 1172 5080 ἀληθὴς
1199 5009 1294 5061 καὶ
1327 5009 1454 5077 περὶ
1488 5007 1589 5076 τῆς
1624 5006 1772 5070 θείας
1806 5007 2122 5075 οίκονομίας
2153 5006 2399 5075 ἀπλανὴς
2429 5005 2687 5076 ὁμολογία
2706 5045 2722 5071 ,
2752 5006 2847 5058 καὶ
2887 5005 3161 5075 ἐγκώμιον
3184 5007 3264 5066 εἰς
3295 5003 3385 5056 τὸν
3411 5002 3590 5070 τίμιον

345 5095 596 5162 σταυρόν.
641 5095 936 5149 Alexandri
962 5095 1204 5162 monachi
1235 5097 1407 5152 oratio
1450 5095 1706 5150 historica
1741 5097 1805 5149 de
1846 5096 2146 5151 inventione
2187 5094 2498 5149 veneranda:
2531 5096 2726 5158 crucis,
2759 5093 2827 5146 ad
2868 5095 3122 5163 quosdam
3149 5103 3355 5144 sanctos
3380 5087 3589 5156 Patres,

343 5195 566 5247 quorum
628 5184 988 5237 cohortatione
1044 5184 1114 5237 ad
1161 5184 1496 5239 scribendum
1547 5194 1885 5249 accesserat;
1938 5187 1994 5239 in
2038 5200 2142 5254 qua
2187 5193 2262 5240 est
2317 5180 2574 5253 theologia
2607 5199 2752 5248 uera,
2783 5191 2830 5235 et
2881 5180 2945 5235 tle
2994 5179 3170 5234 divina
3204 5174 3592 5246 dispensatione

342 5271 548 5332 sincera
567 5269 826 5342 confessio
847 5312 862 5338 ,
882 5281 931 5325 et
955 5272 1245 5327 encomimn
1276 5272 1332 5326 in
1356 5273 1701 5327 reuerentiam
1727 5286 1955 5328 crucem.
