3986 6236
350 267 486 333 4031

1324 262 1424 325 DE
1449 261 1918 332 [NVENTIONE
1939 212 2242 330 SANC:I‘.'E
2281 265 2576 327 CRUCIS.

3477 267 3621 329 499?.

352 379 512 443 ποιεῖ,
545 375 683 447 ἔχων
734 375 821 430 ἀεὶ
858 375 1154 449 σύνδρομον
1197 368 1301 446 τὴν
1354 375 1583 448 δύναμιν
1635 381 1776 433 κατὰ
1831 379 1921 432 τὸν

2031 387 2198 452 creat,
2226 374 2484 431 voluntati
2511 389 2608 444 per
2637 367 2834 427 omnia
2855 372 2956 429 vim
2993 374 3399 446 potentiamque
3423 391 3608 446 :equa-

351 469 645 542 Προφήτην
693 466 784 522 τὸν
814 467 1078 536 λέγοντα,
1125 484 1146 520 ‹
1189 466 1378 522 Πάντα
1437 471 1538 523 ὅσα
1581 468 1847 541 ἠθέλησεν
1897 473 1924 523 6

352 563 552 634 Κύριος
585 603 600 628 ,
663 561 940 634 ἐποίησεν.
971 579 992 613 ι
1033 561 1094 615 '0
1144 561 1201 615 δὲ
1249 561 1570 624 ὲκστατικὸς
1642 561 1926 632 Ὠριγένης

351 654 618 726 ἐτόλμησε
643 653 832 726 λέγειν,
859 653 1328 725 πεπερατωμένην
1367 647 1508 706 εῖναι
1532 652 1628 720 τὴν
1652 651 1744 704 τοῦ
1789 651 1923 703 Θεοῦ

348 743 618 815 δύναμιν,
680 744 773 797 καὶ
849 743 1049 814 μυρίας
1123 743 1318 814 ἑτέρας
1381 743 1728 813 βλασφημίας
1777 743 1921 795 ἁπα-

351 837 549 906 φρίσας
606 837 699 890 καὶ
765 835 1052 906 ὑπέρογκα
1115 836 1212 889 καὶ
1256 833 1660 902 δυσεξάγγελτα
1701 835 1758 886 ὲν
1809 835 1924 895 τοῖς

352 930 721 999 συντάγμασιν
754 928 917 982 αὑτοῦ
947 927 1277 1000 ὲκληρήσας,
1303 927 1586 999 ἐπλήρωσε
1620 925 1720 996 τὴν
1745 927 1926 976 οἰκου-

352 1021 520 1091 μένην
551 1019 790 1092 ἀμέτρου
829 1019 1092 1090 φλυαρίας
1115 1036 1133 1053 ο
1170 1017 1326 1084 ἀξίαν
1359 1018 1415 1072 δὲ
1457 1017 1556 1087 τῆς
1581 1016 1772 1070 ἑαυτοῦ
1804 1015 1924 1068 τολ-

353 1114 554 1182 μηρίας
600 1113 892 1176 συνοδικῶς
965 1113 1322 1184 ἀπηνέγκατο
1385 1111 1728 1182 κατάκρισιν.
1776 1110 1928 1163 Ἀλλ’

348 1205 442 1257 ἐπὶ
470 1203 528 1257 τὸ
561 1205 923 1276 προκείμενον
956 1205 1366 1276 ἐπανέλθωμεν.

420 1297 658 1366 Ποιήσας
702 1297 994 1369 τοιγαροῦν
1055 1299 1082 1351 6
1140 1296 1274 1360 Θεὸς
1307 1295 1414 1350 τὸν
1464 1295 1752 1365 ἄνθρωπον
1803 1292 1928 1347 κατ’

347 1387 530 1442 εξκόνα
561 1389 696 1442 ἰδίαν
726 1391 822 1442 καὶ
860 1388 1124 1460 ὁμοίωσιν
1151 1429 1174 1457 ,,
1226 1388 1378 1442 ἔθετο
1433 1388 1596 1442 αὐτὸν
1645 1389 1705 1440 ἐν
1746 1403 1924 1458 παρα·

348 1480 511 1552 δείσῳ
555 1479 688 1552 (14),
737 1479 924 1544 καθὼς-
982 1483 1147 1551 φησιν
1199 1484 1232 1553 ἡ
1291 1481 1485 1553 Γραφὴ
1515 1521 1529 1544 ,
1598 1479 1928 1552 ἐργάζεσθαι

349 1573 571 1635 πάντως
604 1572 666 1625 οὐ
695 1571 794 1643 τὴν
825 1571 1030 1642 βρῶσιν
1060 1572 1161 1642 τὴν
1203 1573 1583 1643 ἀπολλυμένην
1602 1612 1617 1636 ,
1662 1571 1799 1625 ἀλλὰ
1832 1570 1930 1640 τὴν

2029 468 2128 523 lem
2179 466 2482 538 possidens,
2520 463 2664 519 unde
2691 467 2748 518 et
2810 463 3120 536 Propheta:
3159 483 3180 517 ι
3207 464 3400 522 Omnia
3457 483 3606 536 quae-

2028 573 2262 633 cnmque
2290 555 2483 620 voluit,
2516 553 2657 610 Deus
2695 553 2826 610 fecit
2853 557 2873 588 '
2895 593 2911 610 .
2937 571 2959 610 ι
2995 553 3197 611 Vecors
3252 571 3381 610 vero
3413 555 3604 627 Orige-

2031 665 2127 704 nes
2187 649 2426 704 divinam
2483 645 2784 718 potentiam
2834 647 3001 704 certis
3056 647 3322 703 limitibus
3371 649 3606 704 circnm-

2028 739 2286 810 scriptam
2329 754 2496 794 ausus
2527 747 2608 792 est
2638 738 2840 805 dicere,
2872 748 2928 794 et
2960 737 3108 794 mille
3149 739 3200 793 id
3248 755 3418 808 genus
3461 739 3605 796 blas-

2029 831 2365 899 phemiarum
2417 828 2690 897 effutiens,
2743 831 3070 903 scriptisque
3118 832 3230 887 suis
3288 833 3605 889 intolerabi-

2031 923 2096 977 lia
2152 923 2416 992 quazdam,
2449 931 2504 976 et
2550 937 2670 992 qua:
2721 923 2825 977 dici
2861 923 3013 980 nefas
3043 924 3113 977 sit
3144 925 3454 988 inferciens,
3486 926 3605 980 infi-

2031 1017 2155 1070 nitis
2199 1017 2458 1070 mundum
2507 1015 2788 1071 erroribus
2838 1017 3081 1086 implevit
3119 1035 3132 1071 :
3169 1033 3352 1072 verum
3405 1035 3606 1075 vesana

2031 1106 2189 1176 hujus
2243 1109 2518 1161 temeritas
2564 1106 2813 1178 synodali
2859 1105 3178 1176 jamdudum
3217 1112 3482 1164 sententia
3523 1121 3608 1166 est.

2030 1196 2406 1252 condemnata.
2439 1199 2548 1252 Nos
2581 1197 2647 1251 ad
2685 1197 2989 1251 institutum
3019 1210 3387 1255 revertamur.

2101 1287 2236 1340 Cum
2270 1289 2452 1358 itaque
2482 1287 2620 1342 Deus
2648 1287 2922 1342 hominem
2959 1289 3026 1343 ad
3059 1290 3344 1360 imaginem
3376 1309 3524 1344 suam
3553 1305 3606 1346 et

2033 1381 2442 1436 similitudinem
2476 1381 2831 1443 condidisset,
2862 1380 3044 1450 posuit
3081 1395 3202 1435 eum
3238 1381 3290 1434 in
3329 1384 3603 1450 paradiso.

2034 1478 2342 1523 uttestatur
2387 1469 2688 1537 Scriptura,
2732 1469 2796 1522 ad
2851 1469 3181 1538 operantium
3240 1470 3418 1524 cibum
3466 1489 3604 1526 nun-

2035 1575 2195 1629 quam
2250 1560 2584 1628 periturum,
2618 1561 2710 1616 sed
2757 1559 2812 1614 in
2848 1561 3010 1613 vitam
3058 1570 3316 1614 mternam
3352 1578 3604 1632 perman-

353 1664 620 1734 μένουσαν
676 1665 756 1728 είς
795 1663 943 1734 ζωὴν
987 1663 1239 1732 αἰώνιον,
1299 1664 1592 1734 φυλάττειν
1648 1663 1703 1716 δὲ
1763 1663 1921 1716 πάλιν

2037 1665 2221 1706 surum
2246 1653 2296 1717 ⁸,
2329 1653 2681 1706 custodiendo
2719 1653 2968 1707 videlicet
3011 1652 3248 1707 salutare
3279 1665 3604 1722 prmceptnm

347 1755 586 1825 δηλονότι
611 1756 710 1826 τὴν
731 1756 974 1810 δοθεῖσαν
1007 1756 1158 1826 αύτῷ
1186 1759 1339 1828 παρὰ
1367 1756 1472 1811 τοῦ.
1497 1758 1732 1810 Κτίστου
1786 1756 1921 1820 ζωο-

2032 1743 2131 1796 sibi
2155 1758 2184 1796 a
2207 1741 2502 1797 Conditore
2537 1744 2778 1798 omnium
2827 1745 3148 1807 iniunctum.
3223 1746 3284 1797 At
3323 1760 3480 1801 nemo
3510 1765 3608 1802 nos

348 1847 514 1916 φόρον
570 1845 810 1916 ἐντολήν.
847 1845 1009 1900 Ἀλλὰ
1043 1847 1233 1918 μηδεὶς
1299 1845 1600 1918 μεμφέσθω
1647 1843 1791 1897 οὕτω
1847 1845 1924 1912 τῷ

349 1935 618 2008 προοιμίῳ
648 1936 760 2005 (l5)
788 1937 1103 2006 μηκύνοντι,
1133 1935 1194 1988 οὐ
1218 1935 1327 2004 γὰρ
1357 1935 1481 2002 είκῆ
1505 1975 1520 1999 ,
1547 1932 1667 1986 οὐδὲ
1696 1934 1874 2003 μάτην
1905 1945 1928 1968 ο

349 2026 465 2078 ἀλλ’
491 2025 792 2096 ἐπειδήπερ
819 2027 1105 2096 προέκειτο
1135 2027 1266 2094 ἡμῖν
1286 2023 1520 2093 σταυροῦ
1551 2023 1739 2094 μνείαν
1769 2023 1925 2094 ποιήο

351 2117 568 2179 σασθαι,
596 2115 898 2186 ἐϐουλήθην
924 2115 1094 2181 δεῖξαι
1118 2115 1214 2168 τοῦ
1245 2115 1513 2181 ζωοποιοῠ
1547 2114 1785 2186 σταυροῦ
1817 2117 1922 2187 τὴν

347 2204 505 2270 δόξαν
537 2204 766 2267 ἄνωθεν,
800 2206 894 2259 καὶ
933 2204 992 2269 ἐξ
1019 2206 1195 2276 ἀρχῆς
1217 2207 1275 2259 ἐν
1307 2206 1458 2277 πάσῃ
1501 2209 1568 2276 τῇ
1599 2205 1775 2258 κτίσει
1811 2205 1925 2259 δια-

351 2297 693 2369 λάμπουσαν.
719 2298 828 2350 Καὶ
857 2302 1112 2352 σκοπεῖτε
1155 2300 1204 2352 εί
1235 2297 1310 2370 μὴ
1329 2297 1503 2361 οὕτως
1539 2299 1672 2368 ἔχει·
1705 2299 1783 2352 ἔνι
1816 2298 1925 2369 γάρ

354 2393 492 2460 μετὰ
514 2391 798 2458 ἀκριϐείας
821 2393 1002 2461 πάσης
1037 2392 1187 2456 ἰδεῖν,
1213 2392 1294 2444 ὅτι
1329 2393 1508 2444 πᾶσαν
1533 2389 1708 2443 κτίσιν
1726 2391 1929 2461 όρατὴν

347 2483 444 2535 καὶ
485 2482 714 2553 ἀόρατον
756 2482 1112 2554 σταυροειδῶς
1152 2484 1180 2536 ό
1217 2481 1350 2544 Θεὸς
1385 2481 1637 2550 εποίησε*
1697 2479 1928 2550 ποιήσας

344 2574 455 2642 γάρ
478 2575 540 2626 τὸ
565 2573 769 2639 πλάτος
788 2615 802 2640 ,
848 2575 944 2628 καὶ
972 2574 1036 2628 τὸ
1082 2573 1258 2644 μῆκος
1281 2615 1294 2638 ,
1349 2573 1444 2626 καὶ
1470 2572 1532 2626 τὸ
1563 2571 1718 2641 ύψος,
1749 2574 1843 2626 καὶ
1868 2571 1927 2624 τὸ

347 2665 531 2735 βάθος,
588 2665 776 2736 σαφῶς
806 2665 900 2719 τοῦ
956 2665 1192 2737 σταυροῦ
1227 2664 1318 2718 τὸν
1345 2664 1514 2718 τύπον
1547 2667 1605 2720 ὲν
1641 2662 1929 2734 μυστηρίῳ

343 2757 696 2828 διεγράψατο,
715 2760 774 2812 ὲν
796 2759 1004 2824 τούτοις
1032 2761 1088 2814 δὲ
1110 2761 1174 2814 τὸ
1200 2762 1310 2814 πᾶν
1345 2761 1600 2831 ὑπάρχει.
1633 2759 1743 2813 Καὶ
1769 2757 1930 2813 τοῦτό

345 2850 561 2912 scandi;
578 2847 820 2919 οίμαι,τὸ
840 2851 1130 2923 εἰρημένον
1149 2850 1227 2923 τῷ
1248 2852 1544 2921 σοφωτάτῳ
1568 2850 1930 2922 [latninqu

345 2942 478 3012 γὰρ,
512 2961 530 2994 ι
577 2943 779 2996 Τούτου
822 2945 982 3014 χάριν
1021 2946 1260 3013 κάμπτω
1303 2947 1372 2998 τὰ
1415 2944 1620 3012 γόνατά
1658 2962 1759 3016 μου
1791 2945 1930 3018 πρὸς

343 3033 438 3086 τὸν
461 3033 700 3105 Πατέρα,
717 3054 733 3085 ι
753 3036 930 3088 καὶτὰ
949 3035 1098 3105 ἑξῆς,
1131 3056 1148 3088 ι
1182 3035 1270 3089 ἵνα
1292 3034 1612 3107 ἐξισχύσητε
1627 3035 1927 3089 καταλαϐέ-

2031 1835 2386 1904 reprehendat
2451 1846 2557 1889 tam
2603 1836 2764 1907 longo
2818 1848 3034 1895 utentes
3095 1843 3394 1910 principio;
3435 1859 3608 1914 neque

2027 1927 2169 1980 enim
2203 1937 2404 1981 temere
2442 1943 2504 1982 ac
2529 1928 2645 1982 sine
2684 1929 2890 1983 ratione
2924 1930 2975 1984 id
3005 1949 3033 1983 a
3067 1933 3219 1987 nobis
3258 1933 3459 1988 factum
3497 1943 3601 1988 est.

2031 2018 2228 2073 Verum
2259 2021 2514 2088 quoniam
2543 2021 2810 2092 propositi
2838 2025 3010 2077 nostri
3046 2037 3165 2078 erat
3187 2025 3364 2079 crucis
3403 2041 3608 2079 memo-

2031 2113 2164 2165 riam
2220 2111 2421 2178 facere,
2461 2127 2638 2182 operae
2694 2113 2930 2182 pretium
2985 2115 3384 2181 existimamus,
3442 2117 3486 2171 si
3521 2130 3609 2170 os-

2032 2201 2376 2257 tenderemus
2423 2201 2718 2258 salutiferze
2747 2205 2930 2261 crucis
2987 2207 3238 2277 gloriam,
3297 2207 3458 2262 etiam
3520 2209 3608 2263 diu

2029 2304 2187 2359 ante,
2217 2303 2376 2364 atque
2405 2295 2640 2369 adeo.ah
2671 2296 2787 2366 ipso
2833 2299 2981 2354 orbis
3015 2300 3286 2369 principio
3311 2341 3325 2365 ,
3391 2302 3445 2354 in
3500 2302 3612 2356 uni~

2030 2405 2186 2447 versa
2237 2393 2339 2447 hac
2393 2407 2585 2448 rerum
2618 2395 2868 2451 machina
2923 2411 3140 2469 semper
3189 2398 3492 2462 relnxisse;
3545 2412 3612 2450 ac

2031 2482 2227 2550 videte,
2276 2499 2458 2540 annon
2489 2485 2560 2538 ita
2615 2501 2675 2540 se
2715 2501 2802 2542 res
2832 2487 3050 2543 habent.
3087 2489 3235 2545 Licet
3268 2491 3411 2544 enim
3444 2488 3612 2543 cuivis

2032 2575 2371 2644 apertissime
2400 2585 2562 2646 atque
2595 2578 3005 2635 evidentissime
3037 2583 3218 2637 videre
3249 2595 3441 2637 omnes
3477 2597 3608 2636 con-

2031 2666 2173 2721 ditas
2221 2683 2341 2735 res,
2386 2679 2496 2723 tam
2545 2687 2665 2739 qute
2716 2673 2891 2727 oculis
2945 2677 3217 2745 conspici,
3276 2691 3439 2745 quam
3492 2689 3618 2744 quae

2032 2758 2098 2814 iis
2121 2759 2506 2829 comprehendi
2539 2773 2838 2832 nequeunt,
2867 2781 2895 2819 a
2934 2764 3044 2822 Deo
3080 2767 3132 2821 in
3167 2768 3345 2822 crucis
3371 2766 3600 2822 formam

2031 2863 2151 2905 esse
2201 2849 2405 2918 factas;
2457 2851 2664 2909 faciens
2717 2857 2864 2911 enim
2919 2857 3286 2922 latitudinem,
3329 2858 3611 2929 longitudi-

2037 2957 2194 3007 nem,
2222 2943 2563 3001 altitudinem
2607 2962 2673 3002 ac
2716 2945 3184 3017 profunditatem,
3233 2951 3381 3006 clare
3425 2951 3612 3006 crucis

2035 3043 2218 3106 typum
2269 3051 2378 3092 non
2421 3038 2537 3092 sine
2564 3041 2826 3109 mysterio
2859 3039 3182 3111 descripsit;
3234 3042 3286 3096 in
3337 3041 3423 3097 his
3467 3041 3626 3096 enim

346 3126 470 3177 σθαι
504 3127 600 3179 σὺν
631 3128 763 3180 πᾶσι
793 3129 907 3190 τοῖς
934 3128 1134 3197 ἁγίοις,
1162 3128 1215 3182 τί
1240 3128 1300 3181 τδ
1332 3125 1489 3194 ὕψος,
1519 3129 1614 3181 καί⁵
1636 3127 1818 3198 βάθος,
1841 3127 1921 3182 καλ

2039 3137 2272 3196 quatuor
2298 3139 2491 3184 cuncta
2543 3131 2867 3186 consistunt.
2901 3109 3081 3201 Atque
3111 3133 3216 3189 hoc
3268 3132 3443 3204 ipsum
3491 3148 3613 3188 esse

345 3217 579 3281 πλάτος,
601 3221 692 3272 καὶ
738 3219 933 3290 μῆκος.
965 3241 986 3272 υ

2036 3224 2308 3291 existimo,
2352 3226 2493 3294 quod
2533 3227 2969 3296 sapientissimus
3013 3231 3088 3283 ait
3118 3228 3348 3283 Paulus:
3379 3247 3397 3280 ι
3443 3225 3613 3295 Hujus

344 3313 421 3364 rei
450 3315 618 3379 gratia
667 3314 826 3368 flecto
853 3329 1024 3384 genua
1062 3330 1179 3370 mea
1235 3317 1302 3371 ad
1345 3315 1614 3381 Patrem,»
1653 3326 1780 3378 etc.,
1809 3334 1832 3368 ι
1863 3325 1922 3370 ut
1951 3317 2174 3386 possitis
2224 3317 2682 3386 comprehendere
2732 3335 2852 3374 cum
2906 3321 3158 3375 omnibus
3207 3320 3409 3376 sanctis
3433 3361 3446 3385 ,
3493 3335 3618 3390 quat

343 3414 415 3462 sit
455 3407 683 3462 latitudo
736 3417 788 3462 et
822 3407 1125 3477 longitudo,
1163 3418 1220 3463 et
1281 3408 1589 3465 sublimitas
1627 3417 1682 3464 et
1733 3409 2057 3479 profundum
2082 3409 2156 3465 ’.ι

426 3525 589 3578 Ἀλλὰ
615 3525 712 3578 καὶ
736 3525 836 3578 ὅσα
858 3525 1012 3596 τίμια
1038 3527 1096 3579 ἐν
1128 3526 1274 3597 πάσῃ
1306 3527 1368 3597 τῇ
1405 3525 1602 3591 κτίσει,
1641 3542 1924 3596 σταυροει-

342 3617 444 3681 δῶς
463 3617 678 3672 ὑστηοῦ
695 3621 900 3689 Δημιου
910 3618 1039 3689 ργοῦ
1061 3619 1223 3690 σοφίᾳ
1246 3620 1514 3689 κρείττονι
1534 3619 1923 3690 ἐγεννήθησαν.

345 3703 428 3758 Τὰ.
453 3705 583 3773 γοῦν
609 3708 966 3776 τετράμορφα
996 3706 1111 3769 ζῶα
1146 3707 1378 3776 σταυροῦ
1399 3707 1492 3760 τὸν
1520 3707 1691 3759 τύπον
1721 3707 1811 3761 διὰ
1831 3706 1924 3760 τοῦ

346 3801 626 3870 σχήματος
677 3801 1060 3870 ἀναμφιϐόλως
1118 3802 1466 3871 σημαίνουσι.
1526 3802 1692 3870 Λέγει
1737 3801 1850 3872 γὰρ
1897 3804 1926 3854 6

346 3890 629 3955 θεσπέσιος
662 3895 947 3962 προφήτης
974 3910 988 3923 ο
1035 3912 1054 3944 ι
1089 3889 1241 3946 Εἶδον
1272 3894 1362 3946 τὸν
1393 3895 1596 3964 Κύριον
1619 3894 1924 3965 καθήμενον

343 3984 436 4036 ἐπὶ
460 3982 648 4054 θρόνου
669 3983 872 4054 ὑψηλοῦ
889 3984 984 4038 καὶ
1001 3986 1334 4056 ἐπηρμένου.
1349 4004 1366 4037 ι
1389 3987 1484 4039 καὶ
1502 3987 1571 4040 τὰ
1597 3985 1748 4057 ἑξῆς,
1783 4005 1802 4038 ι
1830 3986 1924 4040 καὶ

345 4075 597 4147 Σεραφὶμ
643 4077 968 4146 ἐστήκεισαν
1009 4077 1194 4148 κύκλῳ
1245 4076 1437 4145 αὐτοῦ,
1488 4078 1583 4130 καὶ
1634 4079 1702 4132 τὰ
1755 4078 1922 4149 σκέλη

341 4165 522 4218 αὐτῶν
548 4166 702 4232 ὀρθά,
737 4167 796 4233 ἓξ
843 4168 1112 4239 πτέρυγες
1158 4169 1238 4240 τῷ
1289 4171 1392 4236 ἑνὶ,
1427 4170 1520 4224 καὶ
1547 4169 1604 4236 ἓξ
1647 4170 1920 4239 πτέρυγες

341 4256 420 4326 τῷ
450 4257 553 4322 ἐνὶ,
588 4259 681 4310 καὶ
707 4261 827 4322 ταῖς
875 4259 974 4328 μὲν
1000 4260 1122 4314 δυσὶ
1149 4261 1380 4333 πτέρυξι
1407 4261 1817 4315 κατεκάλυπτον
1849 4261 1917 4314 τὰ

342 4349 610 4420 πρόσωπα
637 4350 838 4417 αὐτῶν,
869 4354 987 4416 ταῖς
1019 4353 1075 4406 δὲ
1111 4353 1233 4406 δυσὶ
1275 4353 1402 4416 τοὺς
1436 4353 1626 4417 πόδας,
1670 4353 1764 4407 καὶ
1799 4356 1918 4418 ταῖς

341 4441 496 4495 δυσὶν
525 4442 788 4497 ἑπέταντο
817 4445 952 4515 (l6).
975 4464 993 4496 ι
1030 4446 1325 4510 Μυστικῶς
1355 4447 1442 4500 διὰ
1477 4447 1584 4499 τῶν
1612 4447 1908 4501 άνωτάτων

340 4533 625 4604 δυνάμεων
682 4535 899 4606 ἐδείχθη
959 4539 993 4608 ή
1040 4537 1166 4603 δόξα
1201 4536 1298 4590 τοῦ
1349 4536 1616 4602 ζωοποιοῦ
1653 4535 1911 4608 σταυροῦ.

353 4622 510 4678 una
533 4625 627 4679 καὶ
647 4627 697 4678 oi
722 4627 1009 4698 φωστῆρες
1037 4629 1398 4700 σταυροειδῶς
1425 4630 1486 4682 τὸ
1501 4630 1702 4698 φέγγος
1732 4629 1912 4684 αὐτῶν

341 4710 798 4785 ἐξαστράπτουσι,
815 4720 912 4771 καὶ
929 4718 1212 4788 ἄνθρωπος
1237 4719 1294 4773 δὲ
1317 4720 1674 4794 σταυροειδῶς
1695 4721 1914 4776 διεπλά·

343 4803 466 4872 σθη.
513 4806 627 4869 Πᾶς
665 4808 776 4879 γάρ
806 4825 893 4871 τις
937 4808 1110 4872 ἑστὼς
1145 4811 1239 4864 καὶ
1288 4811 1542 4865 ἐκτείνων
1573 4812 1670 4876 τὰς
1720 4814 1910 4884 χεῖρας

340 4894 748 4966 άναντιρῤήτως
775 4900 1009 4972 σταυρὸν
1029 4901 1118 4954 διὰ
1149 4901 1244 4954 τοῦ
1280 4903 1556 4973 σχήματος
1587 4906 1767 4956 τυποῖ.
1797 4903 1908 4958 Καὶ

339 4987 366 5038 6
395 4987 716 5055 παράδεισος
742 4989 799 5042 δὲ
823 4991 1060 5060 σταυροῦ
1089 4993 1149 5045 τὺ
1194 4993 1464 5064 σύμϐολον
1488 4993 1624 5064 ἔχει,
1656 4994 1904 5048 τουτέστι

337 5074 399 5128 τὸ
419 5074 573 5141 ξύλον
601 5076 701 5148 τῆς
730 5077 898 5151 ζωῆς,
923 5079 1018 5150 ἀφ’
1049 5075 1110 5136 οὗ
1135 5089 1327 5154 φαγεῖν
1358 5087 1386 5139 6
1412 5085 1720 5158 ἀρχέκακος
1781 5086 1906 5156 ὄφις

2106 3531 2248 3598 Quin
2296 3542 2352 3588 et
2393 3547 2728 3602 quaecunque
2760 3531 2810 3586 in
2866 3538 2977 3588 toto
3026 3531 3129 3584 hoc
3185 3529 3440 3584 universo
3471 3543 3608 3598 prte-

2033 3625 2293 3678 stantiora
2318 3625 2587 3679 exsistunt
2621 3639 2728 3692 pne
2756 3623 3003 3686 caneris,
3047 3621 3098 3674 in
3135 3625 3315 3674 crucis
3339 3621 3608 3687 speciem,

2035 3729 2142 3768 non
2203 3714 2321 3770 sine
2372 3716 2607 3769 evidenti
2647 3715 2880 3782 quadam
2913 3712 3208 3781 sapientia,
3267 3711 3473 3766 Auctor
3521 3712 3610 3766 ille

2032 3806 2273 3860 omnium
2317 3807 2550 3862 creavit.
2605 3805 2734 3860 Nam
2764 3813 2819 3860 et
2863 3804 2954 3859 illa
2994 3803 3249 3858 animalia
3291 3804 3609 3875 quadrupli-

2031 3910 2148 3950 cem
2210 3894 2438 3950 formam
2513 3894 2840 3960 referentia,
2909 3896 3092 3952 crucis
3162 3897 3427 3959 fortnam,
3492 3897 3612 3967 ipso

2033 3985 2216 4039 habitu
2235 4019 2263 4044 .-
2281 3985 2420 4041 haud
2446 3987 2607 4042 dubie
2638 3996 3065 4065 repratsentant;
3095 3988 3269 4057 inquit
3292 3989 3440 4044 enim
3471 3989 3608 4044 divi-

2032 4089 2133 4126 nus
2165 4075 2467 4144 pmpltcta:
2507 4090 2524 4124 ι
2552 4072 2675 4130 Vidi
2712 4071 2877 4130 Deum
2908 4075 3184 4130 sedentem
3217 4090 3382 4145 super
3411 4077 3604 4130 solium

2019 4163 2318 4229 excelsum.
2349 4173 2403 4219 et
2431 4164 2754 4231 elevatum,»
2792 4176 2923 4232 etc.,
2954 4175 3046 4220 tet
3074 4165 3358 4236 Seraphim
3388 4167 3604 4221 stabant

2020 4257 2073 4311 in
2125 4257 2358 4314 circuitu
2389 4257 2505 4328 ejus
2527 4299 2542 4324 ,
2579 4266 2632 4317 et
2663 4272 2823 4314 crura
2861 4273 3050 4314 eorum
3083 4268 3227 4314 recta
3259 4268 3423 4313 erant
3454 4275 3482 4324 ς
3504 4273 3606 4314 sex.

2021 4350 2120 4403 alae
2147 4348 2236 4402 uni
2265 4387 2279 4414 ,
2308 4358 2364 4404 et
2392 4365 2487 4404 sex
2513 4349 2610 4404 alae
2637 4350 2824 4416 alteri,
2855 4359 2910 4406 et
2952 4349 3163 4405 duabus
3197 4350 3300 4404 alis
3350 4349 3603 4402 vclabant

2019 4439 2190 4496 facies
2237 4455 2369 4497 suns
2391 4482 2407 4506 ,
2449 4440 2666 4496 duabus
2703 4452 2882 4497 autem
2915 4443 3116 4511 pedes,
3143 4452 3196 4498 et
3222 4442 3428 4498 duabus
3455 4442 3600 4496 vola-

2024 4533 2155 4586 bant
2184 4531 2205 4563 ⁸
2233 4569 2248 4585 .
2287 4550 2308 4585 ι
2355 4531 2456 4587 Ubi
2483 4532 2707 4601 mystice
2745 4547 2841 4602 per
2872 4547 3138 4601 supernas
3174 4532 3294 4588 illas
3350 4541 3602 4600 potesta-

2022 4633 2104 4678 tes
2155 4622 2411 4692 majestas
2456 4623 2684 4678 viviflcze
2741 4625 2922 4679 crucis
2965 4625 3311 4680 ostenditur.
3361 4623 3502 4692 Quin
3548 4637 3602 4679 et

2020 4717 2308 4772 luminaria
2367 4717 2492 4772 caeli
2547 4717 2614 4771 ad
2670 4715 2890 4772 modum
2957 4718 3140 4774 crucis
3203 4717 3383 4773 lumen
3441 4734 3597 4773 suum

2018 4811 2343 4876 didundunt,
2367 4819 2421 4864 et
2451 4810 2611 4866 homo
2642 4809 2808 4882 etiam
2838 4809 2890 4864 in
2926 4809 3154 4864 formam
3187 4810 3364 4865 crucis
3395 4810 3598 4864 forma--

2017 4910 2106 4954 tus
2133 4909 2253 4955 est.
2307 4897 2547 4968 Quisque
2595 4900 2740 4953 enim
2772 4908 2990 4954 erectus
3043 4909 3233 4963 stans,
3297 4913 3605 4966 manusque

2015 4992 2354 5057 extendens,
2419 4991 2597 5048 crucis
2643 4993 2894 5064 ﬁguram
2945 4991 3051 5049 hoc
3106 5002 3260 5062 gestu
3317 4990 3437 5044 sine
3489 4989 3598 5043 ulla

2019 5086 2355 5142 dubitatione
2422 5083 2660 5157 eﬂingit.
2695 5083 2924 5156 insuper
2968 5093 3026 5138 et
3075 5083 3362 5152 paradisus
3413 5081 3590 5136 crucis

409 5252 437 5288 ⁸
473 5255 615 5311 Psal.
674 5270 845 5326 cxm,
887 5259 959 5315 ὅ.
1023 5259 1044 5291 ⁸
1073 5258 1229 5316 Joau.
1254 5277 1342 5326 Vl,
1390 5262 1495 5316 27.
1581 5263 1602 5295 ν
1640 5263 1815 5332 Ephes
1839 5261 2120 5331 nt,l.l-l8.
2202 5255 2348 5320 "lsa.
2385 5278 2470 5329 νι,
2503 5261 2593 5319 22.

1837 5397 2069 5458 ΝΟΤΕ.

407 5481 519 5562 (li)
546 5484 676 5562 de.
707 5485 837 5562 seu.
870 5489 1270 5562 {vetapadsfctp
1299 5491 1530 5562 τρυφῆς.
1560 5490 1723 5545 Paulo
1757 5501 1899 5561 post,

334 5553 534 5627 {mags
545 5555 668 5627 σθαι
697 5559 789 5610 ttat
812 5553 1108 5627 φυλάσσειν
1134 5553 1372 5624 πάντως.

410 5623 521 5692 (l5)
561 5625 699 5681 Idem
731 5623 850 5684 cod.
902 5629 1092 5702 μηδείς
1139 5645 1209 5702 με
1256 5623 1588 5702 μεμφέσθω,
1637 5629 1780 5685 οὕτω
1823 5631 1902 5702 τῷ

340 5693 626 5764 ⁴προοιμίῳ.

2081 5491 2191 5564 (t6)
2215 5490 2350 5547 Cod.
2388 5491 2518 5564 Sch.
2544 5490 2988 5564 st_l_£1t:-§ﬂ')'c?_
3011 5489 3124 5543 inec
3159 5488 3322 5544 habet
3361 5506 3391 5564 :_
3407 5489 3590 5564 ῥῆλον

2007 5561 2063 5616 δὲ
2089 5558 2170 5616 δτι
2198 5564 2317 5624 ταῖς
2350 5558 2563 5631 μέσαιςζ
2584 5561 2714 5614 Ἰδοὺ
2751 5558 3052 5629 μυστικῶς,
3077 5568 3209 5631 etc.,
3248 5558 3598 5630 manifestans.

2008 5643 2183 5685 autem
2216 5641 2292 5686 ut
2324 5629 2462 5702 quod
2527 5632 2712 5685 "radiis
2737 5632 2859 5702 (alis
2888 5629 3186 5701 volabant).
3228 5631 3364 5686 Ecce
3397 5629 3586 5700 mysti-

2017 5717 2092 5766 cs,
2127 5711 2233 5756 etc.
