3986 6236
357 317 497 381 4025

1342 303 1442 368 DE
1475 302 1948 369 INVENTIONE
1981 306 2284 394 SANCTZE
2321 307 2618 370 CRUCIS.

3469 314 3610 384 4026

358 422 447 478 διά
477 421 894 495 προστάγματος
923 417 1064 474 Θεοῦ
1093 457 1109 483 ,
1161 411 1254 471 διὰ
1284 414 1387 486 τῆς
1417 415 1614 487 ῥάϐδου
1674 417 1921 486 εποίησε,

2028 419 2459 482 ἀοεοτιονιοιοε
2511 417 2874 490 quadraginta
2929 415 3100 483 annos
3155 428 3471 501 designavit,
3507 452 3603 504 per

356 515 710 588 σημαίνοντος
739 512 1016 567 κάνταῦθα
1035 509 1128 564 τοῦ
1157 509 1452 581 νομοθέτου
1492 508 1583 562 διά
1626 507 1921 578 συμϐόλου,

349 609 432 661 ὅτι
459 607 636 660 πάντα
660 604 862 658 δυνατά
875 602 952 675 τῷ
974 602 1286 656 πιστεύοντι
1310 602 1390 665 είς
1415 600 1509 654 τὸν
1537 600 1924 671 σταυρωθέντα

349 699 604 772 Χριστόν.
635 699 747 753 Καὶ
783 697 838 750 τί
862 697 944 750 δεῖ
971 697 1150 764 λέγειν
1193 695 1570 765 περὶπάντων
1593 693 1887 764 προφητῶν
1905 720 1935 759 ,ι

349 791 547 852 οῖτινες
593 787 897 856 ἀναφανδὸν
949 786 1041 840 τὸν
1082 785 1294 851 ἔνδοξον
1332 785 1563 854 σταυρὸν
1602 784 1698 838 καὶ
1727 784 1828 855 τὴν
1853 783 1924 838 δι’

349 882 515 936 αὑτοῦ
597 880 818 934 ἔσεσθαι
893 879 1190 950 μέλλουσαν
1266 878 1540 948 σωτηρίαν
1590 877 1668 948 τῷ
1729 877 1926 948 κόσμῳ

349 975 656 1048 ἑκήρυξαν;
688 976 754 1029 Τί
799 975 910 1046 γὰρ
946 974 1376 1046 ἀναφανδότερον
1414 972 1508 1026 τοῦ
1535 974 1732 1026 εἰπεῖν·
1764 991 1784 1024 ι
1830 972 1922 1027 Ἐν

347 1069 676 1139 κυπαρίσσῳ
700 1068 792 1121 καὶ
819 1067 998 1137 πεύκη
1052 1067 1146 1120 καὶ
1184 1067 1360 1137 κέδρῳ
1415 1065 1530 1136 ἅμα
1575 1064 1798 1130 δοξάσαι
1831 1064 1922 1118 τὸν

347 1161 514 1214 τόπον
540 1161 633 1213 τὸν
659 1157 812 1228 ἅγιόν
849 1176 947 1230 μου
972 1157 1082 1229 (21)
1115 1175 1130 1224 ;
1162 1177 1181 1210 ι
1202 1158 1419 1228 Ἐπειδὴ
1449 1157 1557 1228 γὰρ
1587 1159 1622 1228 ή
1651 1157 1782 1224 ἁγία
1826 1157 1924 1212 καὶ

347 1253 633 1324 ὁμοούσιος
658 1252 828 1324 Τριάς
863 1254 924 1312 ,ἐν
974 1253 1074 1324 μιᾷ
1130 1250 1239 1305 τῶν
1314 1251 1511 1321 ἑαυτῆς
1568 1250 1922 1303 ὑποστάσεων

346 1346 446 1416 τὴν
467 1345 578 1398 τῶν
621 1344 927 1416 ἀνθρώπων
954 1344 1046 1400 διὰ
1103 1342 1340 1412 σταυροῦ
1393 1341 1713 1413 ᾠκονόμησε
1747 1356 1923 1411 σωτη-

349 1436 494 1507 ρίαν,
526 1435 752 1499 είκὸτως
780 1435 873 1489 καὶ
907 1435 968 1488 τὸ
987 1436 1088 1506 τῆς
1129 1432 1402 1505 σωτηρίας
1434 1432 1600 1486 ὅπλον
1641 1435 1706 1485 ὲκ
1749 1430 1918 1502 τριῶν

350 1529 694 1599 συνήρμοστο
723 1527 915 1593 ξύλων.
946 1527 1124 1591 Τόπος
1159 1527 1270 1598 γὰρ
1315 1528 1343 1580 ὁ
1373 1525 1528 1595 ἆγιός
1553 1525 1701 1579 ἐστιν
1731 1524 1766 1595 ἡ
1786 1523 1920 1592 ἁγία

347 1617 610 1689 καθολικὴ
677 1617 973 1688 Ἐκκλησία
1003 1657 1019 1682 ,
1063 1617 1120 1669 ὲν
1262 1614 1463 1678 πάντες
1503 1615 1552 1667 οἱ
1605 1613 1784 1666 πιστοὶ
1831 1611 1920 1666 τὸν

346 1712 608 1775 ζωοποιὸν
648 1712 879 1782 σταυρὸν
926 1711 1310 1782 περιφέροντες
1336 1746 1352 1772 ,
1399 1707 1498 1779 τὴν
1531 1706 1920 1778 ἄχραντονκαὶ

2027 511 2235 581 virgam
2260 528 2322 566 ea
2359 514 2609 569 universa
2643 521 2728 568 est
2761 529 3084 584 exsecutus,
3121 533 3461 578 monstrante
3504 542 3601 595 per

2028 599 2130 654 hoc
2180 617 2394 657 summo
2427 599 2874 674 illo'legisla‘tore
2900 648 2915 672 ,
2974 619 3227 679 tanquam
3267 626 3362 678 per
3412 624 3595 667 notam

2027 705 2134 744 non
2162 692 2401 756 dubiam,
2430 694 2612 748 omnia
2643 697 2923 765 possibilia
2955 712 3078 751 esse
3121 700 3187 751 iis
3238 699 3332 768 qui
3363 702 3597 756 credunt

2027 781 2082 836 in
2110 797 2233 837 eum
2284 785 2373 852 qui
2408 794 2491 838 est
2520 785 2835 841 crucifixus.
2867 787 2931 841 Et
2956 789 3083 858 quid
3119 790 3183 843 de
3209 790 3430 860 reliquis
3471 807 3596 860 pro-

2027 875 2205 943 phetis
2256 877 2516 942 dicemus,
2580 880 2670 948 qui
2727 893 2918 934 omnes
2992 890 3178 947 aperte
3230 884 3593 938 venerabilem

2027 965 2429 1036 gloriosamque
2463 983 2702 1034 crucem,
2733 984 2829 1038 per
2861 985 3024 1040 quam
3055 971 3201 1026 salus
3252 973 3348 1025 toti
3395 973 3595 1028 mundo

1963 1069 1978 1080 ‘
2025 1067 2167 1114 esset
2191 1057 2394 1123 futura,
2417 1060 2590 1128 palam
2618 1061 3020 1129 prmdicaruut?
3054 1062 3191 1130 Quid
3216 1064 3358 1117 enim
3393 1064 3594 1119 clarius

2025 1151 2128 1206 dici
2161 1160 2341 1222 potest
2385 1153 2520 1208 illo:
2554 1171 2572 1204 ι
2613 1153 2669 1207 1η
2697 1156 2971 1224 cyparisso
3019 1167 3071 1210 et
3108 1158 3277 1224 picea,
3327 1167 3382 1212 et
3430 1158 3594 1214 cedro

2024 1245 2326 1316 glorificare
2371 1245 2548 1301 locum
2593 1257 2836 1301 sanctum
2894 1263 3072 1302 meum
3107 1248 3186 1302 “?
3227 1268 3245 1300 ι
3297 1249 3591 1320 Postquam

2023 1337 2167 1392 enim
2217 1348 2407 1392 sancta
2453 1348 2508 1393 et
2555 1339 3042 1395 consubstantialis
3099 1339 3341 1396 Trinitas
3376 1342 3427 1397 in
3487 1359 3592 1398 una

2023 1443 2243 1484 suarum
2279 1430 2644 1501 hypostaseon
2676 1431 3012 1487 decrevisset
3047 1433 3336 1486 humanam
3362 1435 3590 1489 salutem

2024 1537 2120 1592 per
2142 1537 2358 1578 crucem
2389 1527 2623 1594 operari,
2656 1527 2849 1580 merito
2869 1527 2982 1580 haec
3012 1527 3202 1580 salutis
3226 1535 3424 1581 nostrae
3441 1542 3592 1581 arma

2023 1627 2090 1666 ex
2123 1613 2297 1667 tribus
2331 1615 2491 1684 lignis
2519 1619 2814 1686 cooptavit.
2847 1615 3024 1673 Locus
3063 1633 3191 1673 vero
3223 1631 3447 1676 sanctus
3504 1621 3603 1675 ille.

2022 1716 2106 1759 est
2136 1704 2323 1760 tiancta
2361 1717 2522 1776 atque
2553 1709 2804 1765 universa
2837 1711 3097 1777 Ecclesia,
3149 1713 3201 1766 in
3237 1729 3342 1782 qua
3403 1730 3592 1769 omnes

345 1801 488 1854 πανύ
498 1819 695 1872 μνητον
713 1804 770 1855 ὲν
787 1803 1094 1876 εὐφροσύνῃ
1117 1804 1209 1854 καὶ
1241 1801 1557 1871 ἀγαλλιάσει
1582 1799 1918 1868 δοξολογοῦσι

2028 1796 2212 1852 fideles
2240 1799 2506 1853 vivificam
2536 1815 2754 1856 crucem
2787 1802 3157 1871 praeferentes,
3185 1805 3590 1874 glorificandam

343 1893 600 1964 Τριάδα.“

411 1985 596 2049 Οὕτως
625 1985 856 2041 πάντοτε
893 1983 1190 2055 ἀπδἊδὲμ
1214 1985 1328 2047 τοῖς
1375 1980 1701 2053 σωζομένοις
1729 1981 1918 2046 πᾶσιν,

343 2078 446 2142 ῑως
475 2078 570 2132 τοῦ
597 2078 858 2148 Χριστοῦ,
875 2077 1220 2148 συμϐολικῶς
1244 2076 1334 2130 διὰ
1348 2077 1442 2129 τοῦ
1471 2075 1658 2146 τιμίου
1683 2073 1918 2146 σταυροῦ

343 2170 379 2240 ἡ
405 2169 720 2240 δικαιοσύνη
752 2167 1098 2240 ὲϐραϐεύετο.
1130 2168 1259 2221 Ὅτε
1282 2166 1339 2219 δὲ
1365 2162 1497 2239 ἦλθε
1528 2165 1663 2236 (ειν)
1693 2163 1753 2218 τὸ
1783 2163 1920 2235 πλή-

346 2277 506 2332 ρωμα
531 2259 628 2313 τοῦ
651 2262 842 2330 χρόνου
873 2259 972 2329 τῆς
1005 2258 1217 2325 ἐνδόξου
1249 2257 1338 2310 διὰ
1372 2255 1572 2327 σαρκὸς
1613 2254 1920 2325 παρουσίας

342 2356 438 2410 τοῦ
469 2356 614 2410 θείου
655 2355 856 2425 Λόγου,
883 2355 1000 2408 τότε
1027 2353 1092 2423 δὴ
1112 2353 1232 2406 τότε
1257 2353 1435 2406 πάντα
1455 2351 1545 2404 τὸν
1568 2349 1798 2403 πλοῦτον
1822 2349 1919 2419 τῆς

344 2453 586 2523 ἐμφύτου
615 2449 779 2504 αὑτοῦ
821 2450 951 2520 περὶ
973 2449 1121 2521 ἡμᾶς
1157 2444 1454 2515 ὲξεκάλυψε
1486 2443 1914 2514 φιλανθρωπίας,

343 2545 404 2598 οὐ
435 2545 521 2598 διὰ
547 2544 616 2598 τά
636 2543 772 2614 ἔργα
801 2543 978 2614 ἡμῶν,
994 2542 1131 2598 ἀλλὰ
1151 2543 1238 2596 διὰ
1261 2542 1360 2614 τὴν
1384 2541 1534 2611 αὐτῷ
1551 2539 1626 2611 τῷ
1654 2539 1921 2610 εὐεργέτῃ

346 2639 663 2708 πρέπουσαν
680 2636 1010 2708 άγαθότητα.
1041 2636 1113 2690 Οὐ
1149 2635 1258 2703 γὰρ
1302 2633 1552 2688 ἐϐούλετο
1585 2632 1673 2687 διὰ
1708 2632 1918 2700 σπλάγ-

344 2750 445 2804 χνα
482 2733 664 2796 ἐλέους
709 2733 810 2803 τῆς
843 2732 1016 2802 αὐτῆς
1068 2730 1477 2802 φιλανθρωπίας
1503 2767 1519 2792 ,
1593 2729 1698 2792 ἓως
1731 2728 1920 2791 τέλους

343 2820 753 2895 τνραννίζεσθαι
777 2822 866 2876 τὸν
883 2823 1166 2893 ἄνθρωπον
1180 2822 1284 2874 ὑπὸ
1302 2819 1402 2890 τῆς
1423 2818 1672 2872 διαϐόλου
1695 2817 1916 2881 κακίας,

345 2915 481 2970 ἀλλά
510 2917 760 2988 βουλήσει
792 2916 884 2970 τοῦ
937 2916 1150 2988 Πατρὸς
1194 2916 1292 2969 καὶ
1341 2912 1562 2984 εὐδοκία
1614 2911 1708 2965 τοῦ
1761 2909 1916 2979 ἁγίου

345 3010 662 3080 ῐῙνεύματος
689 3049 703 3074 ,
758 3011 787 3064 ό
837 3011 926 3063 ἀεὶ
975 2987 1167 3078 παρὼν
1213 3008 1307 3060 καὶ
1367 3004 1617 3078 μηδαμοῦ
1653 3018 1917 3074 περιγρα-

2023 1890 2345 1947 Trinitatem
2381 1908 2503 1948 cum
2537 1894 2723 1948 laetitia
2761 1907 2814 1950 et
2846 1896 3045 1965 gaudio
3079 1897 3375 1951 celebrant.

2089 1987 2267 2054 Atque
2295 1986 2368 2040 ita
2399 1987 2613 2056 quidem
2649 1988 2717 2042 ab
2750 1987 2866 2058 ipso
2897 1989 3063 2043 Adam
3095 2004 3262 2056 usque
3311 1991 3378 2044 ad
3427 1990 3588 2046 Chri~

2019 2089 2186 2147 stum,
2232 2081 2508 2146 omnibus,
2554 2081 2645 2150 qui
2684 2080 2924 2158 salvandi
2977 2091 3184 2148 essent,
3225 2080 3459 2151 iustitia,
3495 2099 3590 2152 per

2020 2173 2384 2228 venerandam
2444 2186 2682 2237 erucem,
2716 2173 2948 2228 obscure
2981 2171 3126 2238 licet,
3181 2189 3246 2228 ac
3288 2173 3438 2229 velut
3494 2191 3591 2244 per

2023 2273 2391 2330 transennam,
2419 2266 2834 2322 decernebatur.
2868 2267 3093 2333 Quando
3127 2283 3255 2324 vero
3309 2269 3456 2324 venit
3485 2270 3588 2338 ple-

2021 2357 2209 2413 nitudo
2246 2359 2506 2428 temporis
2552 2359 2774 2430 gloriosi
2807 2357 3073 2414 adventus
3108 2360 3276 2416 divini
3332 2360 3496 2417 Verbi
3531 2363 3588 2418 in

2020 2466 2206 2515 carne,
2241 2460 2370 2507 tunc
2403 2467 2624 2520 prorsus
2659 2467 2847 2507 omnes
2889 2467 2999 2508 sua}
3043 2467 3170 2522 erga
3202 2467 3302 2508 nos
3337 2453 3590 2523 ingenita:

2021 2541 2410 2599 benevolentiae
2441 2545 2728 2600 thesauros
2770 2544 3004 2614 aperuit,
3037 2559 3210 2612 neque
3266 2544 3317 2600 id
3371 2553 3590 2614 propter

2021 2651 2245 2707 operum
2301 2646 2609 2692 nostrorum
2665 2637 2882 2701 merita,
2938 2637 3032 2692 sed
3095 2646 3302 2693 tantum
3353 2649 3576 2708 prepter

2021 2746 2196 2795 suam,
2228 2746 2346 2800 quae
2382 2729 2780 2788 benefactorem
2813 2729 3060 2794 decebat,
3121 2731 3438 2790 bonitatem.
3486 2731 3592 2789 Ne-

2020 2838 2124 2892 que
2153 2823 2318 2888 enim,
2348 2837 2453 2892 qua
2508 2820 2685 2876 fuitin
2721 2837 2820 2877 nos
2856 2821 3164 2887 clementia,
3201 2824 3459 2879 sustinuit
3495 2825 3590 2880 Dei

2021 2915 2191 2970 Filius
2218 2931 2385 2985 usque
2409 2916 2461 2968 in
2495 2915 2676 2980 ﬁnem,
2716 2915 3010 2981 hominem,
3040 2915 3319 2970 diabolicze
3374 2917 3593 2972 malitiae

2020 3006 2211 3062 fraude
2234 3023 2573 3078 oppressum,
2605 3008 2882 3074 divexari;
2931 3007 3024 3063 sed
3074 3007 3352 3062 voluntate
3416 3009 3594 3065 Patris

347 3103 580 3174 «ρόμενος
601 3141 617 3168 ,
660 3103 730 3156 δι’
772 3103 920 3173 ἡμᾶς
960 3101 1054 3155 καὶ
1092 3101 1178 3154 διὰ
1207 3099 1305 3170 τὴν
1337 3097 1610 3170 ἡμετέραν
1645 3095 1919 3166 σωτηρίαν

2028 3111 2076 3154 et
2127 3100 2462 3169 beneplacito
2517 3099 2754 3169 Spiritus
2831 3100 3026 3164 sancti,
3084 3113 3296 3169 semper
3356 3115 3593 3169 praesens

347 3202 522 3256 ἔκλινε
547 3200 674 3263 τοὺς
700 3198 980 3270 οὐρανοὺς,
1004 3197 1098 3250 καὶ
1127 3195 1355 3265 κατέϐη,
1392 3193 1466 3266 μὴ
1497 3191 1787 3264 χωρισθεὶς
1809 3191 1920 3244 τῶν

351 3293 618 3365 οὐρανῶν,
635 3293 727 3347 καὶ
754 3291 1040 3362 ὲνοικήσας
1056 3291 1114 3343 έν
1131 3293 1198 3362 τῇ
1229 3288 1381 3360 νηδύϊ
1397 3287 1496 3357 τῆς
1524 3287 1683 3355 ἁγίας
1709 3285 1918 3350 ἐνδόξου

347 3387 444 3442 καὶ
488 3384 848 3458 ἀειπαρθένου
910 3381 1163 3454 Μαρίας,
1221 3378 1700 3452 προκαθαρθείσης
1750 3378 1922 3449 αὐτῆς

347 3478 424 3548 τῷ
478 3478 616 3546 ἁγίῳ
660 3475 942 3546 Πνεύματι
987 3473 1086 3545 τὴν
1139 3471 1319 3543 ψυχὴν
1364 3472 1461 3525 σὺν
1511 3473 1625 3534 τοῖς
1677 3469 1916 3541 μέλεσιν,

355 3590 375 3624 ι
419 3570 477 3625 '0
499 3569 670 3638 Λόγος
697 3568 833 3640 σὰρξ
855 3567 1090 3636 ἐγένετο,
1118 3566 1211 3620 καὶ
1247 3565 1556 3634 ἐσκήνωσεν
1611 3563 1667 3615 ἑν
1703 3562 1859 3632 ἡμῖν,
1895 3577 1914 3612 ι

353 3665 414 3718 οὐ
441 3659 758 3733 μεταϐαλὼν
784 3660 883 3730 τὴν
909 3658 1104 3713 ἑαυτοῦ
1132 3657 1362 3726 θεότητα
1392 3656 1472 3718 είς
1502 3653 1919 3724 ἀνθρωπότητα,

354 3755 622 3822 ἄτρεπτος
675 3751 785 3822 γὰρ
823 3753 919 3803 καὶ
947 3746 1302 3807 ἀναλλοίωτος
1327 3747 1356 3798 ό
1389 3743 1484 3797 τοῦ
1541 3740 1678 3795 Θεοῦ
1727 3739 1920 3806 Λόγος,

351 3844 468 3898 ἀλλ’
532 3842 737 3904 ένώσας
802 3839 914 3911 (2‘2)
954 3837 1133 3907 ἑαυτῷ
1177 3835 1298 3889 καθ’
1349 3834 1645 3887 ὑπόστασιν
1695 3830 1761 3884 ὲκ
1810 3828 1923 3882 τῶν

355 3936 678 4006 σπλάγχνων
699 3933 796 4004 τῆς
821 3931 1082 3985 Θεοτόκου
1115 3929 1312 4003 σάρκα,
1334 3925 1513 3997 ψυχὴν
1538 3927 1769 3996 ἔχουσαν
1784 3921 1924 3990 λογι-

351 4029 456 4100 κὴν
483 4031 580 4082 καὶ
609 4025 820 4098 νοεράν,
847 4022 1185 4094 άσυγχύτως,
1220 4018 1504 4089 ἀτρέπτως
1524 4058 1540 4085 ,
1581 4016 1921 4088 ἀχωρίστως,

360 4118 762 4181 ἁδιασπάστως.
871 4115 1010 4170 Καθ’
1075 4111 1420 4169 ὑπόστασιν
1518 4109 1576 4162 δὲ
1655 4107 1869 4179 εἴρηται
1901 4145 1919 4172 ,

353 4215 436 4267 ὅτι
499 4212 560 4266 οὐ
647 4207 1030 4263 διαπλασθέντι
1128 4203 1398 4274 ἀνθρώπῳ
1454 4200 1638 4272 ήνώθη
1721 4200 1750 4254 ό
1828 4197 1922 4253 τοῦ

353 4304 488 4358 Θεοῦ
536 4301 725 4371 Λόγος,
780 4298 894 4354 ἀλλ’
924 4296 1086 4361 αὐτὸς
1129 4296 1158 4348 ὁ
1197 4295 1369 4362 Λόγος
1421 4292 1624 4356 τέλειος
1653 4290 1728 4346 ὣν
1769 4291 1828 4344 έν
1855 4291 1923 4361 τῇ

358 4397 465 4467 ἰδίᾳ
493 4393 783 4450 ὑποστάσει
823 4387 1189 4461 προσελάϐετο
1224 4385 1437 4440 τελείαν
1476 4385 1578 4455 τὴν
1612 4379 1807 4437 ἑαυτοῦ
1840 4382 1900 4434 ὲν

733 4521 749 4546 ,
803 4445 884 4551 εἷς
932 4475 1008 4530 ῶν
1057 4475 1145 4529 ἀεὶ
1193 4474 1429 4544 Χριστὸς
1485 4445 1579 4528 κᾶι
1647 4471 1776 4535 Υἱὸς
1827 4467 1923 4524 καὶ
1954 4445 1999 4503 D

357 4575 562 4646 Κύριος
589 4571 686 4625 καὶ
720 4568 970 4640 βασιλεὺς
992 4566 1099 4621 τῶν
1132 4566 1408 4620 ἁπάντων.

2023 3193 2312 3258 exsistens,
2357 3207 2422 3247 ac
2467 3191 2613 3247 nullo
2673 3192 2792 3246 loco
2835 3191 3313 3260 circumscriptus,
3370 3202 3594 3263 propter

2023 3297 2122 3337 nos
2149 3297 2211 3337 ac
2242 3291 2478 3336 nostram
2509 3281 2739 3337 salutem
2777 3281 2946 3336 caelos
2982 3281 3264 3337 inclinavit
3289 3293 3451 3353 atque
3494 3284 3593 3340 de-

2022 3377 2255 3443 scendit,
2289 3365 2394 3430 nbn
2435 3383 2615 3430 tamen
2643 3389 2674 3428 a
2707 3373 2860 3432 caelis
2904 3374 3204 3441 seiunctus,
3252 3375 3594 3431 inhabitans-

2023 3483 2128 3537 que
2155 3467 2207 3522 in
2237 3478 2390 3522 utero
2417 3477 2618 3522 sancta:
2657 3477 2820 3536 atque
2870 3466 3018 3520 omni
3074 3467 3230 3520 laude
3265 3467 3596 3535 dignissimae

2023 3557 2265 3628 Virginis
2293 3557 2498 3621 Mariae,
2533 3571 2652 3627 quas
2681 3568 2838 3612 antea
2877 3556 3058 3610 anima
3100 3558 3306 3626 pariter
3330 3565 3384 3610 et
3412 3571 3586 3612 mem-

2024 3649 2136 3704 bris
2184 3649 2433 3703 omnibus
2473 3649 2646 3703 fuerat
2705 3662 2734 3700 a
2788 3646 2990 3713 Spiritu
3045 3656 3232 3700 sancto
3287 3647 3594 3717 purificata,

2029 3755 2051 3790 ι
2091 3737 2328 3792 Verbum
2356 3752 2484 3792 caro
2511 3739 2709 3792 factum
2734 3745 2838 3800 est,
2867 3745 2922 3790 et
2944 3737 3206 3791 habitavit
3225 3736 3277 3792 in
3299 3737 3453 3794 nobis
3476 3737 3544 3804 κ,
3569 3757 3590 3791 ι

2025 3844 2130 3882 non
2165 3829 2525 3883 commiscens
2566 3842 2719 3881 suam
2750 3827 3006 3882 deitatem
3049 3842 3172 3881 cum
3234 3827 3593 3896 humanitate,

2027 3915 2345 3972 invariahile
2367 3917 2511 3970 enim
2535 3925 2619 3971 est
2645 3926 2808 3984 atque
2833 3915 3170 3971 immutabile
3207 3915 3444 3970 Verbum
3477 3917 3593 3980 Dei,

2026 4007 2118 4063 sed
2151 4007 2346 4062 uniens
2371 4007 2473 4060 sibi
2525 4008 2576 4060 in
2630 4021 2859 4076 persona
2889 4021 2953 4061 ex
3000 4007 3304 4062 visceribus
3356 4007 3597 4076 Deiparm

2026 4111 2270 4159 carnem,
2302 4094 2478 4149 anima
2509 4093 2755 4150 rationali
2788 4104 2838 4149 et
2871 4093 3218 4149 intellectuali
3242 4094 3592 4162 instructam,

2026 4187 2144 4242 sine
2193 4185 2534 4252 confusione,
2605 4186 2934 4252 mutatione,
2986 4186 3347 4254 separatione,
3408 4185 3596 4240 divul-

2029 4280 2200 4334 si0ne.
2227 4277 2439 4333 Dictum
2467 4287 2572 4346 est,
2596 4279 2650 4332 in
2677 4294 2918 4348 persona,
2943 4278 3068 4347 quia
3101 4276 3191 4332 Dei
3227 4275 3460 4332 Verbum
3489 4292 3594 4331 non

2027 4382 2108 4426 est
2139 4369 2333 4426 fictitio
2365 4371 2569 4425 homini
2609 4369 2981 4436 coniunctum,
3019 4371 3115 4424 sed
3147 4370 3320 4438 ipsum
3347 4366 3588 4423 Verbum

2029 4462 2325 4532 perfectum
2374 4477 2599 4519 manens
2631 4463 2684 4516 in
2733 4477 2829 4518 sua
2863 4461 3233 4528 subsistentia,
3298 4458 3596 4533 perfectam

2031 4556 2424 4609 humanitatem
2480 4555 2817 4624 assumpsit;
2875 4565 3015 4607 unus
3067 4566 3282 4621 semper
3331 4552 3598 4607 exsistens

2031 4645 2286 4702 Christus
2359 4646 2530 4701 Filius
2599 4645 2719 4714 Dei,
2781 4646 3042 4700 Dominus
3107 4652 3161 4698 et
3223 4657 3314 4697 rex
3380 4644 3600 4698 univer-

1921 4746 1929 4755 '
2031 4753 2238 4795 eorum.

428 4839 685 4891 Τίκτεται
711 4829 1001 4904 τοιγαροῦν
1026 4832 1089 4883 ὲκ
1110 4827 1213 4899 τῆς
1251 4828 1628 4898 ἀπειρογάμου
1671 4826 1915 4900 νύμφης,

432 4953 606 5010 “lsa.
651 4967 743 5013 Lx,
773 4950 861 5004 l5.
947 4948 988 4980 ⁵³
1037 4945 1194 5002 Joau.
1238 4960 1276 5010 ι,
1320 4945 1408 5000 li.

2104 4828 2357 4887 Nascitur
2385 4845 2514 4901 ergo
2545 4845 2611 4885 ex
2645 4828 2821 4899 puella
2869 4829 3180 4897 nuptiarum
3231 4833 3455 4895 experte
3507 4823 3597 4878 dco

1935 5009 2138 5066 NOT/E
2149 5049 2164 5066 .

434 5133 980 5206 (2|)7chusinteg’cr
1011 5133 1166 5206 apud
1183 5130 1380 5206 lsaia_In_
1392 5138 1474 5184 est
1501 5131 1626 5206 iste,
1661 5145 1781 5199 cap.
1800 5147 1878 5206 _t.x
1911 5148 1926 5186 :

361 5199 475 5264 καὶ
492 5199 672 5276 η’δό-ξα
697 5201 1211 5276 τοῦ-Λιϐάνουητερὸς
1236 5200 1294 5276 σε
1312 5199 1432 5276 ﬁget
1453 5239 1468 5262 ,
1498 5201 1556 5276 ἐν
1603 5202 1931 5276 κυπαρίσσῳ

364 5277 460 5332 καὶ
513 5268 690 5344 πεύκη
730 5272 826 5344 καὶ
860 5271 1046 5344 *κέδρῳ
1090 5268 1204 5344 arua
1229 5268 1469 5344 deﬁciant
1509 5269 1599 5322 τὸν
1640 5268 1803 5322 τόπον
1840 5268 1930 5322 τὸν

367 5287 460 5332 καὶ
513 5289 690 5344 πευκῃ
730 5287 826 5324 και
867 5287 1046 5393 κεῗιρ
1090 5287 1204 5339 αμα
1249 5287 1469 5333 οοςασαι
1509 5287 1599 5322 τον
1640 5287 1803 5322 τοπον
1840 5287 1930 5322 τον

367 5347 524 5416 άγιόν
556 5359 657 5414 μου
677 5381 692 5407 ,
721 5340 906 5416 Gloria
939 5411 950 5416 _
990 5343 1004 5392 i
1045 5342 1133 5416 nni
1153 5339 1244 5416 iad_
1262 5349 1320 5416 ιε
1351 5340 1533 5416 veniet,
1558 5354 1848 5407 cypressus,
1882 5348 1932 5392 et

365 5409 865 5483 pinus,'et_cedrus
904 5410 1060 5483 sintut
1109 5411 1405 5483 gloriﬁcare
1457 5409 1663 5483 locum“
1689 5423 1931 5462 sanctum

366 5477 561 5540 ineunt.
601 5481 748 5536 Citat
779 5480 921 5534 hunc
959 5478 1112 5532 Isaia:
1141 5479 1314 5532 locum
1346 5487 1568 5548 sanctus
1603 5477 1931 5548 Chrysosto-

368 5570 511 5612 ntus.
559 5568 624 5607 ex
658 5565 828 5619 eoque
859 5551 1050 5619 prohat
1103 5563 1317 5602 crucem
1369 5546 1569 5619 Christi
1627 5561 1693 5602 ex
1714 5546 1928 5619 illarum

369 5626 532 5682 trjum
564 5615 820 5674 arborum
845 5615 1002 5687 lignis
1028 5625 1362 5686 compactam
1393 5615 1585 5687 fuisse,
1612 5626 1670 5669 ut
1693 5617 1928 5671 diximus

369 5695 464 5749 lib.
498 5707 513 5747 l
551 5690 626 5744 De
652 5705 826 5754 cruce,
857 5685 976 5756 cap.
1002 5687 1054 5748 5,
1092 5685 1232 5755 quod
1271 5697 1326 5740 et
1353 5685 1657 5756 Alexander
1690 5687 1788 5740 hoc
1819 5687 1935 5738 loco

372 5763 521 5820 facit.
548 5759 777 5830 Vulgata
812 5753 978 5814 editio
1005 5757 1078 5811 ita
1106 5753 1306 5812 habet:
1339 5753 1755 5810 Glaria’Libani
1787 5757 1856 5808 ad
1886 5767 1933 5809 te

2031 5131 2222 5196 veniet,
2265 5129 2406 5184 abies
2445 5140 2492 5183 et
2518 5133 2687 5183 buxus
2729 5139 2777 5184 et
2804 5131 2957 5196 pinus
2983 5126 3173 5190 simul,
3203 5122 3270 5176 ad
3304 5123 3598 5178 ornandum

2033 5201 2202 5254 locum
2259 5198 2695 5265 sanctiﬁcationis
2743 5215 2890 5252 ntere.

2105 5269 2372 5341 (ειηόςε
2389 5261 2445 5321 δὲ
2460 5264 2612 5341 ἦλθε.
2643 5267 2990 5341 Ab_hoc_loc_o
3006 5263 3182 5317 omnia
3204 5261 3410 5341 P_o|lux,
3433 5276 3602 5341 usque

2034 5330 2265 5409 ἐγενήθη
2290 5338 2366 5394 δέ.
2406 5330 2534 5409 pag,
2559 5353 2676 5404 seq.
2715 5336 2778 5399 Β,
2819 5337 2929 5409 ubi
2953 5336 3069 5402 ipse
3095 5332 3348 5409 γεννᾶται
3397 5330 3597 5409 τοίνυν,

2035 5401 2157 5477 post
2181 5401 2316 5476 'qua:
2361 5401 2546 5462 etidém
2597 5401 2784 5461 rursus
2821 5401 3007 5458 Pollux
3054 5415 3223 5470 usque
3265 5402 3332 5454 ad
3372 5401 3597 5454 verbum

2035 5479 2337 5532 περιέθετο.

2109 5495 2466 5620 {egebimus
2499 5545 2567 5601 ab
2608 5544 2722 5620 illo,
2754 5541 2872 5620 ἀλλ’
2905 5539 3113 5620 ένῴσας
3140 5577 3155 5603 ,
3185 5552 3355 5620 usque
3389 5537 3456 5592 ad
3485 5531 3602 5620 ἀλλ’
3639 5592 3644 5597 ,

2038 5607 2217 5680 αὐτὸς
2256 5618 2285 5669 ὁ
2336 5617 2507 5684 Λόγος
2561 5614 2764 5684 τέλειος
2792 5608 3106 5684 almuaddita
3133 5616 3260 5664 sunt
3298 5622 3366 5665 ex
3417 5607 3605 5664 codice

2043 5679 2257 5758 (Iryp’ta:
2290 5679 2548 5742 Ferrem.
2586 5683 2786 5738 Eadem
2815 5679 3021 5735 Pollux.
