3986 6236
269 279 413 346 4029

1256 280 1360 344 DE
1402 282 1874 351 INVENTIONE
1904 282 2214 350 SANCTIE
2247 290 2545 352 CRUCIS.

3409 300 3546 364 (030

269 398 364 452 ἐπὶ
377 396 476 466 τήν
492 393 710 465 Ῥώμην
724 395 798 459 ὡς
814 394 1144 465 εὖνοήσαντα
1159 389 1254 445 τὸν
1293 391 1545 466 Ἡρώδην
1578 397 1714 465 μετὰ
1737 397 1829 466 βου

1969 411 2031 450 ex
2059 408 2280 452 senatus
2325 399 2564 462 decreto,
2629 390 2840 451 Judtear
2894 413 3076 470 regem
3125 405 3384 470 declarat,
3421 411 3531 463 dia-

269 489 370 562 λῆς
382 489 479 558 τῆς
503 487 806 557 συγκλήτου
825 486 1173 563 ἀναδείκνυσι
1199 485 1427 556 βασιλέα
1447 487 1547 555 τῆς
1576 479 1855 553 Ἰουδαίας,

270 578 516 650 περιθεὶς
533 575 685 647 αὑτῷ
703 577 797 630 καὶ
811 574 1068 645 διάδημα.
1086 569 1259 640 Οὗτος
1281 576 1340 630 δὲ
1361 575 1556 638 ἐπιὸἀς
1572 578 1684 639 τοῖς
1700 577 1859 646 Ἰεροο

272 667 648 737 σολύμοις,καὶ
662 665 930 720 Ἰουδαίων
948 667 1026 737 μὴ
1039 663 1382 736 βουλομένων
1400 667 1467 721 αὐ
1476 667 1565 719 τὸν
1580 665 1852 733 δέξασθαι,

267 761 344 826 ὡς
367 758 663 829 ἀλλόφυλον
693 759 841 826 ὄντα,
871 759 1100 823 πολλοὺς
1129 759 1260 831 παρ’
1283 758 1462 814 αὐτῶν
1492 757 1851 826 κατέσφαξεν,

281 853 764 926 λαφυραγωγήσας
789 851 890 922 τὴν
913 851 1067 904 πόλιν
1096 851 1192 904 καὶ
1217 851 1277 905 τὸ
1305 852 1348 904 is
1359 851 1470 920 ρὸν,
1516 850 1768 921 πονηρῶς
1795 850 1852 904 δέ

269 946 624 1018 χρησάμενος
657 944 722 1013 τῇ
760 940 1002 1012 ἐξουσίᾳ,
1044 941 1224 1004 πάσας
1272 941 1370 1004 τὰς
1397 939 1507 992 τῶν
1535 938 1714 1009 φυλῶν
1759 937 1853 990 καὶ

268 1039 381 1094 τῶν
431 1037 606 1107 γενῶν
661 1035 843 1089 αὐτῶν
895 1037 996 1098 τὰς
1052 1034 1376 1104 ἀναγραφὰς
1427 1033 1526 1098 τὰς
1599 1033 1708 1086 ἀπὺ
1753 1031 1848 1084 τοῦ

273 1131 482 1199 Ἐσδρα
529 1127 899 1198 ἀνακειμένας
960 1125 1094 1196 πυρὶ
1165 1125 1474 1179 κατέκαυσε
1511 1162 1527 1189 ,
1598 1123 1736 1192 πρὸς
1787 1122 1848 1174 τὺ

273 1222 473 1294 μηκέτι
503 1220 710 1289 γνῶναι
759 1219 886 1280 τοὺς
913 1215 1202 1279 Ἰουδαίους
1233 1257 1248 1282 ,
1287 1217 1353 1269 ἐκ
1401 1215 1558 1278 ποίας
1613 1217 1849 1285 πατριᾶς

270 1315 430 1379 εἰσιν,
453 1315 516 1366 ἐκ
556 1311 718 1374 ποίας
749 1308 945 1380 φυλῆς,
969 1308 1062 1362 καὶ
1091 1307 1235 1370 τίνες
1264 1306 1405 1362 εἰσὶν
1429 1307 1480 1360 oi
1505 1305 1844 1376 αὐτόχθονες,

270 1403 364 1457 καὶ
397 1402 540 1466 τίνες
578 1403 626 1455 οί
656 1399 940 1469 λεγόμενοι
973 1398 1204 1469 γειῶραι
1235 1397 1370 1467 (29),
1419 1397 1514 1454 καὶ
1561 1396 1660 1466 τὴν
1694 1397 1843 1467 ίερα-

270 1495 430 1567 τικὴν
461 1493 660 1565 στολὴν
702 1491 808 1546 ὑπὸ
846 1493 946 1562 τὴν
1003 1491 1139 1545 ίδίαν
1175 1489 1448 1562 σφραγῖδα
1475 1489 1720 1554 ἐπέθετο,
1751 1491 1846 1544 καὶ

267 1587 454 1640 λοιπὸν
491 1584 663 1648 ἀδεῶς
698 1584 934 1654 ἀσήμοις
991 1581 1134 1636 τισὶν
1172 1583 1265 1636 ἐπὶ
1300 1581 1579 1653 χρήμασιν
1638 1582 1844 1647 ἱκανοῖς

267 1679 368 1750 τὴν
395 1674 808 1748 ἀρχιερωσύνην
837 1674 1204 1750 ἐπίπρασκεν.

1965 489 2122 542 doma
2169 491 2334 544 etiam
2389 491 2693 560 imponens.
2741 485 2838 546 Hic
2884 503 3062 548 autem
3109 494 3532 569 Hierosolymam

1964 579 2302 645 ascendens,
2339 579 2672 651 Judzeisque,
2701 584 2850 650 quod
2866 597 3015 638 esset
3055 597 3368 656 extraneus,
3406 607 3528 644 eum

1962 671 2254 727 admittere
2285 673 2620 739 nolentibus,
2650 672 2849 728 multos
2875 672 3017 730 illico
3047 675 3336 746 iugulavit,
3389 691 3528 734 tem-

1957 764 2216 832 plumque
2248 759 2493 832 diripuit,
2529 775 2577 818 et
2613 773 2880 833 potestate
2928 767 3068 821 male
3118 767 3371 832 abutens.
3412 787 3530 826 om-

1959 870 2054 910 nes
2078 857 2315 910 tribuum
2348 865 2402 907 et
2421 855 2758 909 familiarum
2789 857 3208 926 descriptiones,
3231 859 3300 913 ab
3342 859 3530 914 Esdrm

1959 961 2128 1017 usque
2157 948 2492 1015 temporibus
2521 954 2894 1013 conservatas,
2943 949 3264 1015 combussit,
3315 967 3380 1006 ne
3431 967 3528 1005 co-

1954 1036 2143 1104 gnosci
2173 1036 2403 1105 amplius
2432 1045 2610 1105 posset
2635 1051 2665 1090 a
2716 1033 2919 1090 Judaais
2965 1052 3032 1092 ex
3068 1053 3301 1108 quanam
3350 1042 3526 1109 patria

1955 1129 2204 1198 prognati
2266 1136 2468 1194 essent,
2524 1139 2587 1183 ex
2648 1144 2752 1198 qua
2813 1130 2952 1184 tribu
3020 1139 3073 1184 et
3130 1131 3355 1200 quinam
3416 1134 3527 1186 sint

1953 1219 2295 1289 αὐτόχθονες,
2329 1220 2382 1274 in
2409 1229 2552 1273 terra
2589 1220 2676 1275 illa
2711 1221 2841 1284 sati,
2872 1229 2925 1276 et
2949 1222 3002 1275 in
3038 1221 3210 1276 lucem
3244 1224 3394 1290 editi,
3425 1225 3518 1294 qui

1956 1323 2082 1364 vero
2105 1308 2353 1364 dicantur
2371 1307 2624 1378 γειῶραι,
2655 1308 2936 1363 adventitii
2965 1316 3022 1364 et
3050 1309 3336 1378 ascriptitii
3362 1327 3378 1375 ;
3411 1320 3524 1366 sto-

1951 1399 2057 1454 lam
2089 1401 2141 1453 in
2171 1413 2321 1454 suam
2358 1406 2680 1467 potestatem
2707 1399 2936 1466 redegit,
2973 1411 3040 1453 ac
3082 1399 3150 1452 de
3179 1406 3378 1453 caatero
3403 1400 3526 1453 sine

1950 1491 2396 1556 metu,obscuris
2426 1489 2772 1558 quibusdam,
2827 1503 3027 1558 magno
3076 1489 3274 1558 pretio,
3323 1489 3518 1544 summi

1947 1583 2240 1641 sacerdotii
2272 1583 2587 1658 dignitatem
2618 1581 2880 1637 vendidit.

339 1769 534 1830 Ἔτους
565 1768 622 1820 δέ
649 1764 1084 1836 τεσσαρακοστοῦ
1113 1759 1368 1834 δευτέρου
1401 1764 1682 1834 Καίσαρος
1721 1763 1830 1817 Δύ-

2003 1757 2425 1834 Ouadragesimo
2473 1769 2652 1814 autem
2702 1760 2944 1814 secundo
2982 1774 3125 1814 anno
3157 1759 3385 1814 Caasaris
3411 1761 3522 1813 Au-

265 1858 496 1928 γούστου
523 1855 714 1927 ἐξῆλθε
739 1859 869 1928 παρ’
892 1855 1058 1909 αὑτοῦ
1089 1856 1269 1926 δόγμα
1293 1855 1708 1925 ὑπογράφεσθαι
1731 1857 1838 1910 πᾶ-

269 1968 368 2006 σαν
391 1950 490 2022 τὴν
515 1948 862 2019 οἰκουμένην.
903 1946 1056 2016 Δῦτη
1092 1949 1125 2016 ή
1156 1946 1450 2016 ὑπογραφὴ
1486 1945 1677 2017 πρώτη
1721 1948 1842 2016 ἑτέ..

263 2057 405 2107 νετο,
431 2041 508 2105 ὦς
531 2055 696 2110 φησιν
719 2039 840 2110 ἱερά
866 2038 973 2092 τῶν
993 2036 1347 2108 Εὑαγγελίων
1374 2038 1603 2108 ἱστορία.
1625 2037 1841 2110 Ταύτην

262 2133 320 2187 δέ
371 2133 472 2202 τὴν
520 2129 848 2202 ἀπογραφὴν
906 2129 1073 2199 ἡγουν
1109 2129 1430 2200 φορολογίαν
1471 2131 1499 2183 6
1524 2132 1740 2201 Καῖσαρ
1765 2127 1842 2195 ὡς

262 2223 605 2293 εὑνουστάτῳ
652 2221 760 2274 τινὶ
807 2221 902 2275 καὶ
941 2221 1184 2293 μεγίστῳ
1232 2221 1329 2289 τῆς
1389 2221 1690 2294 συγκλήτου
1753 2224 1840 2276 ἐν·

261 2315 500 2386 εχείρισε
528 2313 792 2384 Κυρινίῳ,
820 2311 878 2364 ὃν
911 2313 1245 2383 κατέστησεν
1295 2314 1599 2384 ἡγούμενον
1641 2315 1842 2388 Συρίας

262 2405 378 2474 ἦτοι
416 2404 514 2473 τῆς
549 2401 831 2467 Ἰουδαίας,
871 2404 928 2456 ἐν
977 2401 1212 2474 ὑπατείᾳ
1246 2404 1673 2479 τρισκαιδεκάτῃ
1726 2407 1840 2478 (30).

261 2497 571 2565 Αὐγούστου
606 2497 699 2552 καί
723 2496 1045 2564 Συλουανοῦ,
1077 2497 1198 2552 καθ’
1226 2498 1293 2570 ἢν
1319 2499 1582 2556 ὑπατείαν
1641 2501 1669 2554 6
1728 2502 1841 2556 Κύ-

263 2605 376 2658 ριος
405 2588 560 2658 ἡμῶν
589 2588 795 2660 Ἰησοῦς
824 2588 1061 2660 Χριστὸς
1087 2589 1350 2660 ἐγεννήθη
1385 2592 1442 2644 ἐν
1472 2590 1718 2662 Βηθλεέμ
1740 2593 1838 2663 τῆς

270 2679 550 2744 Ἰουδαίας,
587 2681 730 2734 κατὰ
760 2680 857 2751 τὴν
888 2680 1224 2752 προφητείαν
1245 2719 1262 2746 ,
1288 2681 1367 2752 τῷ
1398 2683 1702 2754 τριακοστῷ
1747 2685 1840 2738 καὶ

259 2773 426 2844 τρίτῳ
457 2773 567 2827 ἔτει
604 2773 702 2842 τῆς
739 2772 1014 2843 βασιλείας
1037 2772 1276 2844 Ἡρώδου
1327 2774 1419 2826 τοῦ
1454 2776 1836 2847 Ἀντιπάτρου,

258 2868 324 2934 τῇ
355 2863 462 2937 πρὸ
503 2863 647 2918 ὀκτὼ
675 2864 971 2920 Καλανδῶν
1001 2866 1364 2937 Ἰανουαρίων.
1385 2867 1699 2936 Ἐπιφάνιος
1729 2869 1785 2922 δέ
1811 2870 1844 2922 ό

263 2955 435 3026 μέγας
470 2955 578 3026 (Si)
635 2957 731 3009 καὶ
763 2956 905 3027 ίερὺς
930 2956 1037 3010 τῶν
1069 2956 1333 3027 Κυπρίων
1356 2958 1672 3025 ἐπίσκοπος,
1695 2960 1840 3028 ἀγω-

261 3045 516 3110 νιστικῶς
562 3045 836 3100 ἐνίσταται
881 3048 1380 3119 διαϐεϐαιούμενος,
1408 3050 1490 3104 ὅτι
1538 3051 1645 3121 πρὸ
1692 3050 1837 3105 ὀκτὼ

258 3136 414 3192 είδῶν
445 3136 771 3208 Ἰανουαρίου
787 3138 1009 3206 γέγονεν
1035 3141 1068 3210 ἡ
1094 3139 1326 3210 ἀληθινὴ
1352 3140 1568 3209 γένεσις
1594 3141 1688 3195 τοῦ
1713 3143 1832 3196 Κυ-

261 3228 376 3300 ρίου
419 3228 580 3300 ήμῶν
607 3230 784 3299 Ἰησοῦ
844 3231 1081 3301 Χριστοῦ
1129 3233 1194 3286 ἐκ
1236 3231 1338 3302 τῆς
1382 3233 1543 3299 ἁγίας
1568 3235 1830 3289 Θεοτόκου

257 3317 352 3371 καὶ
378 3316 734 3388 ἀειπαρθένου
767 3319 1008 3391 Μαρίας.
1035 3320 1099 3374 Oi
1128 3321 1185 3376 δὲ
1210 3321 1387 3375 λοιποὶ
1414 3323 1618 3387 πάντες
1647 3323 1830 3378 056:0-

259 3424 349 3476 φοι
381 3407 492 3479 (52)
536 3407 845 3463 διδάσκαλοι
893 3409 994 3481 τῆς
1039 3411 1202 3481 ἀγίας
1257 3414 1352 3466 καὶ
1401 3414 1697 3486 καθολικῆς
1739 3419 1832 3472 καὶ

257 3499 618 3570 ἀποστολικῆς
645 3501 995 3571 Ἑκκλησίας,
1025 3503 1103 3567 ὡς
1130 3503 1188 3570 ἐξ
1219 3504 1337 3568 ἐνὸς
1366 3506 1632 3576 στόματος
1655 3549 1669 3574 ,
1701 3510 1855 3580 ὼρίτ

259 3603 420 3643 σαντο
443 3584 701 3663 εἶναιτὴν
716 3592 1000 3662 γενέθλιον
1024 3595 1237 3665 ἡμέραν
1257 3596 1350 3649 τοῦ
1372 3597 1608 3668 Χριστοῦ
1629 3600 1695 3670 τῇ
1720 3600 1826 3670 πρὸ

254 3677 399 3731 όκτὼ
436 3679 732 3734 Καλανδῶν
766 3679 1131 3752 Ἰανουαρίων.

329 3765 491 3820 Ἀλλά
521 3769 740 3822 πάντων
773 3770 872 3838 μὲν
903 3770 1002 3833 τὰς
1035 3772 1262 3840 χρήσεις
1297 3773 1390 3826 ἐπὶ
1426 3773 1520 3825 τοῦ
1565 3774 1835 3844 παρόντος

257 3856 598 3926 παραγαγεῖν
624 3855 842 3926 καιροῦ,
875 3855 1143 3927 παρέλκον
1163 3857 1422 3927 ἡγοῦμαι.
1453 3851 1585 3910 Οὑδέ
1608 3857 1716 3928 γὰρ
1737 3875 1835 3910 τα·

255 3942 352 3996 νῦν
383 3944 513 4014 περὶ
542 3941 734 3996 τούτου
769 3945 895 4014 ήμίν
941 3946 969 3997 6
1017 3944 1338 4012 λόγος.”Ένα
1365 3945 1420 3998 δὲ
1449 3945 1719 4015 ἐπίσημον
1750 3945 1832 3998 διο

254 4032 520 4088 δάσκαλον
549 4033 910 4102 παραγαγὼν,
941 4034 998 4087 ὃν
1026 4033 1119 4088 καὶ
1157 4036 1318 4100 αὑτὸς
1359 4038 1387 4089 6
1422 4037 1564 4099 θεῖος
1597 4036 1831 4104 Ἐπιφά-

253 4139 365 4186 νιος
400 4125 742 4192 παρήγαγεν,
769 4123 846 4186 ὡς
874 4119 1278 4194 συνηγοροῦντα
1303 4127 1416 4188 τοῖς
1438 4125 1615 4194 λόγοις
1637 4124 1826 4190 αὑτοῦ,

253 4211 565 4280 καταλείψω
593 4213 705 4277 τοῖς
735 4213 1154 4282 ἐντυγχάνουσιν
1189 4214 1460 4288 αἱρεῖσθαι
1487 4215 1549 4267 τὸ
1581 4215 1822 4285 ἄμεινον.

1941 1859 2108 1932 gusti,
2149 1855 2284 1912 exiit
2325 1851 2394 1908 ab
2446 1865 2512 1906 eo
2561 1852 2821 1917 edictum,
2863 1858 2922 1905 ut
2964 1851 3368 1906 describeretur
3399 1853 3523 1906 uni-

1940 1965 2131 2007 versus
2149 1948 2300 2004 orbis
2330 1945 2396 1999 ‘7.
2427 1943 2552 1998 llaec
2573 1957 2699 1997 vero
2730 1942 3023 2012 descriptio
3051 1943 3223 2012 prima
3250 1943 3391 1998 facta
3415 1954 3522 2010 est,

1939 2052 2000 2098 ut
2031 2048 2260 2098 testatur
2295 2052 2452 2094 sacra
2505 2034 2918 2104 Evangeliorum
2954 2034 3198 2098 historia,
3233 2049 3394 2103 quam
3428 2036 3524 2090 de-

1941 2135 2314 2205 scriptionem,
2370 2131 2475 2185 hoc
2519 2138 2620 2193 est,
2663 2141 2864 2184 census
2909 2128 3272 2192 exactionem,
3313 2126 3520 2193 Caesar,

1943 2233 2000 2280 ut
2047 2221 2563 2279 benevolentissimo
2611 2218 2925 2274 e'tmaximo
2967 2231 3032 2271 ex
3073 2227 3261 2284 senatu
3287 2217 3521 2288 Cyrenio

1939 2311 2312 2375 demandavit,
2335 2325 2495 2380 quem
2515 2309 2704 2379 Syriae,
2737 2308 2790 2362 id
2820 2317 2902 2362 est
2955 2305 3517 2376 Judzeae,prtel'ecerat,

1941 2405 2220 2464 consulatu
2250 2401 2479 2472 Augusti
2506 2399 2622 2455 χιιι
2643 2409 2699 2454 et
2727 2398 2964 2468 Sylvauo
2989 2408 3113 2453 tunc
3137 2399 3254 2470 ejus
3280 2398 3518 2468 collega;

1940 2512 2050 2568 quo
2107 2496 2273 2550 etiam
2329 2493 2612 2549 consulatu
2672 2500 2831 2546 natus
2886 2503 2970 2545 est
3017 2490 3276 2546 Dominus
3332 2501 3520 2546 noster

1939 2584 2094 2644 Jesus
2116 2586 2361 2641 Christus
2388 2585 2438 2646 in
2466 2583 2736 2638 Bethleem
2763 2580 2982 2647 Iudaeae,
3001 2583 3155 2651 juxta
3177 2587 3518 2652 prophetam,

1939 2695 2082 2736 anno
2115 2677 2392 2733 tricesimo
2422 2675 2583 2731 tertio
2622 2672 2885 2740 Herodis,
2917 2673 3185 2743 Antipatri
3242 2674 3358 2740 lilii,
3393 2684 3524 2728 ante

1940 2770 2084 2826 diem
2139 2779 2392 2824 octavum
2450 2765 2819 2820 Kalendarum
2882 2761 3149 2834 Januarii.
3199 2763 3518 2833 Quanquam

1939 2863 2202 2916 adversus
2270 2861 2373 2915 hoc
2437 2856 2775 2927 Epiphanius
2839 2855 3162 2926 Cypriorum
3232 2858 3522 2926 episcopus

1941 2952 2138 3007 acriter
2159 2951 2426 3020 insurgat,
2443 2948 2776 3003 conﬁrmans
2798 2957 2924 3000 ante
2952 2947 3090 3001 diem
3115 2946 3294 2999 iduum
3319 2944 3523 3000 Janua-

1942 3043 2144 3096 riarum
2175 3055 2304 3095 vere
2349 3037 2688 3093 nativitatem
2710 3037 2924 3092 Domini
2959 3037 3128 3092 nostri
3157 3034 3286 3090 Jesu
3313 3036 3519 3091 Christi

1936 3149 2002 3191 ex
2026 3141 2214 3190 sancta
2238 3130 2468 3201 Deipara
2487 3145 2548 3183 ac
2570 3143 2784 3198 semper
2806 3127 3010 3198 virgine
3030 3126 3199 3181 Maria
3227 3126 3516 3182 accidisse.

1936 3226 2131 3284 Caeteri
2162 3240 2292 3280 vero
2323 3237 2515 3278 omnes
2557 3219 2724 3276 divini
2768 3220 3018 3274 doctores
3055 3231 3258 3274 sanctze
3284 3219 3519 3274 catholi-

1935 3335 2015 3376 ca:
2042 3325 2098 3375 et
2127 3315 2440 3388 apostolica:
2471 3311 2752 3378 Ecclesiae,
2774 3326 2881 3366 uno
2907 3311 3053 3366 velut
3073 3325 3168 3367 ore
3193 3311 3519 3366 deﬁnierunt.

1939 3409 2174 3465 natalem
2209 3405 2408 3463 Christi
2454 3403 2623 3462 fuisse
2661 3403 2805 3460 diem
2853 3412 3105 3458 octavum
3151 3401 3514 3457 Kalendarum

1938 3499 2203 3556 Januarii.

2008 3758 2185 3827 Atque
2225 3757 2468 3813 omnium
2517 3754 2737 3826 quidem
2803 3757 2870 3812 de
2915 3758 3019 3811 hac
3072 3733 3158 3811 re-
3187 3757 3514 3814 sententiam

1939 3845 2188 3918 proferre
2211 3844 2539 3916 superﬂuum
2572 3847 2624 3900 in
2659 3847 3072 3916 praesentiarum
3103 3847 3389 3913 existimo;
3417 3864 3516 3902 ne-

1938 3951 2044 4007 que
2066 3937 2211 3991 enim
2239 3937 2304 3990 de
2346 3937 2448 3990 hoc
2471 3937 2626 3992 nobis
2656 3951 2839 3993 sermo
2865 3937 3150 3993 institutus
3181 3951 3282 3992 est.
3335 3938 3513 3994 Unum

1940 4042 2071 4084 vero
2113 4042 2224 4097 prae
2280 4026 2494 4081 caneris
2538 4026 2802 4096 insignem
2859 4028 3165 4102 doctorem,
3202 4029 3512 4103 adducens,
3610 4036 3631 4049 ³

1938 4133 2097 4189 quem
2158 4117 2322 4172 etiam
2367 4118 2482 4185 ipse
2514 4116 2850 4188 Epiphanius
2903 4129 3096 4196 testem
3151 4121 3352 4185 laudat,
3391 4131 3512 4176 tan-

1933 4227 2096 4284 quam
2149 4211 2436 4268 sententiae
2469 4226 2579 4266 sum
2626 4210 3075 4280 adstipulatorem
3099 4212 3327 4277 ,leclori
3351 4215 3514 4267 relin-

263 4301 502 4375 Ἐφραίμ
527 4303 707 4358 τοίνυν
747 4304 776 4357 6
814 4301 1006 4376 Σύρος,
1034 4305 1132 4376 οὐχ
1158 4307 1186 4360 ό
1213 4303 1393 4376 τυχὼν
1419 4304 1514 4361 καὶ
1540 4306 1702 4370 αὐτὸς
1725 4305 1824 4376 τῆς

1941 4316 2092 4373 quam
2135 4301 2408 4366 liberum,
2461 4310 2678 4365 utrum,
2731 4309 2988 4372 tauquam
3044 4303 3261 4369 melius,
3315 4302 3512 4374 eligere

320 4456 363 4494 ³⁷
391 4459 521 4517 Luc.
555 4474 614 4525 ll,
655 4460 679 4514 l
715 4473 869 4530 seqq:

1762 4543 1995 4604 NOTAE.

321 4643 435 4716 (29)
497 4643 570 4716 l_)_e
622 4643 731 4716 his,
775 4643 1056 4716 qua:_hoc
1087 4642 1554 4716 locoAlexander
1607 4643 1819 4716 scribit,

1921 4651 2026 4696 tem
2075 4641 2353 4697 Christum
2387 4650 2569 4696 natum
2617 4653 2737 4695 esse
2763 4653 2904 4696 coss.
2966 4641 3218 4697 Cornelio
3250 4639 3506 4707 Lentulo,

249 4709 473 4770 consule
509 4709 866 4783 Nicephorum
917 4709 1011 4783 li_b.
1046 4731 1063 4769 ι
1111 4712 1316 4768 Εοείθε.
1367 4714 1492 4767 hist.
1520 4728 1640 4783 cap.
1671 4711 1735 4777 9;
1759 4721 1816 4766 et
1838 4726 1862 4751 ο
1920 4722 1974 4766 et
2009 4710 2227 4783 Valerio
2255 4711 2484 4783 Messala
2529 4724 2627 4783 seu
2656 4710 2969 4783 messalino,
2997 4713 3378 4767 circumcisum
3410 4728 3508 4766 an-

250 4784 558 4847 Eusebium,
587 4779 679 4837 lib.
721 4781 897 4836 lHt'st.
931 4779 1241 4852 Ecclesia“.
1276 4797 1396 4852 cap.
1439 4783 1490 4835 7.
1517 4779 1656 4838 Sunt
1713 4797 1810 4837 att-

250 4866 357 4910 tem
384 4852 610 4922 γειῶραι
639 4851 798 4923 iidem
820 4891 835 4915 ,
869 4852 961 4921 qui
991 4849 1220 4923 γέωρες,
1259 4849 1412 4923 terrae
1441 4869 1532 4908 seu
1561 4867 1811 4923 agrorum

246 4921 529 4984 custodes,
553 4921 924 4991 remedium;
958 4921 1199 4991 μέτοικοι
1218 4962 1232 4986 ,
1265 4922 1543 4991 πάροικοι,
1571 4921 1806 4991 advenas,

247 4991 495 5062 inquilini
511 4989 788 5062 ςγειώρας
849 4989 1071 5062 exponit
1115 4989 1412 5062 Hesychius
1459 4989 1811 5062 ysltovateég

245 5059 407 5132 ἄλλου
434 5062 646 5129 γένους,
668 5059 759 5128 qui
787 5060 927 5132 apud
947 5059 1512 5132 Israelitas'vocantur
1538 5059 1812 5132 προσήλυ-

244 5146 349 5197 τοι,
375 5131 502 5202 item
533 5129 836 5202 toi:€_7cspi.
853 5129 961 5197 τὴν.
980 5129 1690 5202 γῆννδιαπονουμένους,⁷ᾳιιί
1704 5129 1813 5202 ter-

245 5213 362 5255 ram
401 5199 598 5255 colunt.
648 5198 816 5253 Exod.
854 5213 942 5269 χχι
981 5217 994 5255 ι
1041 5198 1137 5253 Ἔν
1161 5217 1220 5252 τε
1267 5198 1380 5264 τοῖς
1429 5198 1688 5269 γειώραις
1719 5201 1812 5253 καὶ

245 5270 530 5340 αὐτόχθοσι
585 5271 682 5340 τῆς
716 5269 842 5340 γῆς,
871 5267 1083 5340 advenis
1127 5280 1172 5324 et
1202 5267 1462 5339 indigenis
1505 5267 1679 5324 terrm.
1709 5269 1809 5327 Ub.i

247 5338 650 5409 Tlteudgretusi
685 5338 921 5408 γειώραν
951 5339 1046 5392 τὸν
1081 5338 1417 5409 προσήλυτον
1445 5341 1817 5409 προσηγόρευε

249 5425 342 5462 σεν
372 5425 386 5440 ο
414 5407 638 5479 Georum
666 5407 1325 5479 nominavitprose'lytu'm.
1358 5411 1441 5465 Ab
1468 5411 1574 5465 illis
1609 5407 1818 5476 Verbis,

246 5477 696 5548 ἐπανερχόμενος,
726 5477 909 5548 eadem
939 5477 1145 5532 Pollux.

301 5547 439 5669 ($50).
465 5547 537 5601 De
594 5547 931 5642 causulibus,
963 5549 1314 5630 sub.quibus
1355 5560 1513 5603 natus
1560 5549 1819 5604 Dominus

339 5631 371 5669 e
429 5616 701 5669 Illustriss.
736 5615 1052 5669 Barontutn.
1087 5633 1139 5669 Ill
1177 5619 1456 5669 Aunaratu
1490 5619 1560 5669 ad
1591 5619 1819 5669 Annales

248 5615 371 5681 vide
414 5615 701 5684 ’illustriss‘.
736 5615 1052 5682 Baroniunt,
1087 5615 1147 5677 in
1177 5619 1456 5684 Apparatu
1490 5619 1560 5672 ad
1590 5619 1820 5674 Annales

246 5687 643 5742 ecclesiasticos.
672 5682 788 5755 lpse
807 5684 1188 5743 Cassiodorum
1209 5682 1474 5758 sequitur,
1502 5689 1820 5745 existiman-

1919 4789 2026 4835 tem
2053 4781 2286 4835 Kalend.
2316 4778 2618 4845 Januariis,
2642 4781 2841 4850 quibus
2867 4782 3142 4851 Augustus
3165 4783 3506 4836 consulatum
3545 4815 3548 4818 ο

1917 4851 2186 4921 decimum
2237 4851 2455 4921 tertium
2491 4849 2690 4921 inierit,
2727 4849 2971 4921 collega
2992 4849 3202 4921 Plautio
3240 4851 3502 4921 Sylvano.

1915 4917 2051 4974 Cum
2074 4921 2381 4974 Alexandro
2422 4919 2554 4974 facit
2585 4918 2914 4988 Epiphanius
2942 4921 2992 4972 in
3027 4917 3504 4988 Panario,’ha§res.

1919 4989 2009 5055 51,
2039 4999 2090 5043 et
2115 5005 2183 5044 ex
2219 4991 2611 5044 recentioribus
2630 4987 2964 5057 Ottuphrlus,
3001 4990 3312 5057 Comment.
3340 4987 3498 5041 Fari.

1921 5057 2019 5112 lib.
2053 5075 2114 5114 ιι.
2155 5061 2227 5114 De
2269 5074 2414 5114 anno
2442 5061 2653 5126 imperii
2706 5056 2935 5128 Augusti
2991 5071 3044 5113 et
3093 5059 3241 5126 regni
3272 5056 3504 5128 lle_roilis

1920 5129 2038 5198 lege
2063 5129 2310 5183 eumdem
2339 5125 2648 5184 BarOnimn.
2677 5125 2875 5198 Eadem
2905 5129 3064 5181 verba
3113 5125 3240 5198 sunt
3268 5125 3504 5198 Pollucis

1918 5196 2291 5306 et’Alexandri
2335 5198 2456 5253 inde
2485 5214 2498 5251 :
2532 5199 2728 5260 Ἐτους
2749 5196 2830 5264 δέ,
2865 5213 3032 5264 usque
3067 5196 3208 5249 κατά
3236 5196 3334 5263 τὴν
3368 5210 3501 5264 προδ

1920 5284 2053 5306 (h‘n‘Pt
2084 5285 2148 5306 ην

1920 5284 2168 5336 φητειαν.

1996 5338 2107 5409 (51)
2156 5339 2376 5403 Eadem,
2429 5351 2548 5409 qttze
2591 5335 2899 5409 Epiphanii,
2945 5334 3042 5388 fuit
3097 5333 3283 5404 Opinio
3338 5333 3505 5404 .Egy‘

1923 5405 2158 5476 ptimum
2201 5407 2631 5476 existimantium
2658 5405 2932 5460 Christum
2982 5413 3163 5476 natum
3194 5418 3316 5458 esse
3340 5415 3495 5476 sexto

1922 5473 2011 5529 die
2060 5475 2326 5534 Januarii.
2381 5475 2598 5528 Relellit
2645 5476 2783 5528 hanc
2831 5473 3157 5528 sententiam
3213 5485 3318 5526 non
3343 5473 3502 5526 modo

1923 5543 2169 5614 Ephraam
2205 5548 2400 5602 citatus
2429 5547 2496 5614 ab
2521 5544 2847 5607 Alexandro,
2874 5544 3047 5598 sed'et
3066 5554 3285 5598 sanctus
3308 5540 3501 5598 Hiero-

1926 5611 2123 5686 nymus
2149 5615 2362 5686 incap.
2404 5627 2420 5666 ι
2454 5611 2653 5686 Ezecli.

2006 5632 2123 5669 unus
2156 5632 2210 5668 tn
2240 5632 2301 5668 ca
2326 5632 2362 5666 ι.
2404 5632 2420 5666 ι
2454 5632 2653 5668 nzecu.

1997 5683 2110 5753 (53)
2144 5684 2274 5742 Sch.
2309 5632 2560 5756 δεοιρόροι
2595 5682 2835 5754 Πατὲρες
2868 5682 2981 5747 καί,
3013 5693 3120 5738 etc.
