4036 6226
505 287 645 356 4031
1727 289 2169 352 ALEXANDRI
2199 291 2552 352 MONACHI
3665 286 3817 349 1.032

508 406 764 464 voluerit.
797 401 1044 474 Ephrazm
1074 402 1243 475 igitur
1275 403 1467 476 Syrus,
1494 420 1599 458 non
1626 403 1866 472 vulgaris
1891 413 1948 456 et
1981 403 2096 471 ipse

2224 405 2482 469 ηὐσεϐείας
2512 405 2854 470 διδάσκαλος,
2879 407 2936 458 ἐν
2965 403 3043 475 τῷ
3069 403 3150 468 είς
3175 403 3273 476 τήν
3301 404 3460 477 νίκην
3482 405 3588 460 τοῦ
3625 410 3818 475 φωτὶς

516 498 736 570 pictatis
780 497 989 561 doctor,
1021 496 1071 548 in
1121 509 1396 560 sermone,
1428 495 1517 562 qui
1551 503 1637 548 est
1665 494 1732 549 de
1762 493 1900 548 lucis
1929 493 2096 547 victo-

2224 498 2340 567 ,όγῳ
2379 489 2482 549 ὧδέ
2513 514 2712 567 φησιν·
2753 513 2771 547 t
2796 496 2884 548 Ἐν
2934 495 3012 566 τῷ
3055 494 3304 566 Ξανθικῷ
3347 495 3404 548 δὲ
3453 495 3532 567 τῷ
3586 496 3818 565 φαιδρῷ

517 594 618 656 ria,
652 591 724 646 ita
768 590 943 657 inquit
979 605 995 641 :
1035 605 1054 639 ι
1091 585 1146 640 lu
1179 587 1302 640 laeto
1335 586 1564 640 Xantico
1605 601 1788 641 mense
1816 586 2098 654 conceptio

2224 587 2459 656 τόλληψις
2509 585 2604 641 τοῦ
2651 586 2878 658 φαιδροῦ
2925 585 3142 657 καρποῦ
3179 588 3274 640 καὶ
3320 589 3538 655 φωτός·
3579 589 3720 642 τότε
3755 587 3818 658 δή

456 727 463 756 ,γ
519 682 630 738 lati
675 681 884 736 fructus
932 688 1103 747 atque
1141 677 1278 733 lucis
1313 677 1450 732 facta
1503 688 1626 745 est;
1678 687 1804 734 tunc
1847 677 2050 734 celeritt

2225 677 2406 749 ῖραμδν
2431 678 2602 744 ὀξέως
2626 679 2690 732 τὸ
2723 679 2908 742 σκότος
2940 678 3040 731 οὐκ
3067 679 3286 748 ῐσχυσεν
3313 680 3663 752 ἀμαυρῶσαι
3715 679 3819 748 τὴν

516 773 833 829 discurrens
871 771 1068 841 caEigo,
1115 786 1220 824 non
1264 771 1438 841 potuit
1493 769 1754 824 illustrem
1807 769 1927 839 ejus
1964 784 2098 824 con-

2225 773 2468 842 ›ωτεινήν
2497 771 2780 842 σύλληψιν.
2813 791 2831 824 ι
2866 771 2975 824 Καὶ
3008 771 3311 844 μεθ’ἓτερα
3332 790 3347 805 ⁸
3382 792 3400 824 ι
3423 774 3510 828 Ἐν
3543 774 3643 844 τῷ
3676 791 3819 843 σπη-

515 865 823 934 ceptionent
867 864 1183 918 obscurare.
1239 881 1259 915 ›
1311 862 1378 916 Et
1407 871 1524 930 post
1551 861 1656 915 alia
1706 879 1720 916 :
1777 879 1796 912 ι
1831 860 1887 915 In
1941 869 2100 916 antro

2225 863 2338 935 ,αίῳ
2372 863 2596 932 γέγονεν
2641 865 2674 933 ή
2707 863 2924 933 γένεσις
2952 864 3047 917 τοῦ
3074 864 3275 933 φωτὸς,
3301 865 3398 917 τοῦ
3427 863 3486 918 τὺ
3514 866 3819 935 ἡμέτερον

520 967 648 1011 nata
707 966 791 1012 est
856 956 966 1018 lux,
1022 971 1142 1024 qua:
1201 965 1420 1010 nostras
1469 953 1754 1026 dissipavit
1807 953 2098 1020 tenebras;

2223 956 2392 1018 πκότος
2421 953 2898 1019 διασκεδάσαντος.
2929 955 3040 1008 Καὶ
3062 953 3140 1024 τῷ
3161 955 3292 1025 μηνὶ
3313 957 3370 1008 ἐν
3394 949 3439 1023 ᾧ
3455 954 3737 1008 λείπεται
3760 955 3817 1009 :6

518 1064 724 1115 mense,
771 1063 876 1118 quo
923 1049 1160 1103 tenebras
1215 1045 1491 1110 desinunt,
1542 1055 1664 1100 orta
1697 1047 1854 1100 nobis
1883 1055 1966 1101 est
2011 1045 2102 1099 lux

2219 1047 2393 1108 ςκότος
2425 1045 2698 1099 ἀνέτειλεν
2722 1048 2852 1117 ήμϊν
2876 1045 2992 1114 φῶς
3014 1045 3201 1115 νοητὸν
3231 1046 3325 1099 καὶ
3347 1034 3644 1116 κινητικόν
3673 1048 3813 1117 (55).

520 1139 608 1192 illa
667 1138 1022 1210 intelligibilis
1105 1137 1452 1207 mobilisque.
1496 1137 1876 1206 Conceptionis
1924 1146 2102 1190 autem

2222 1137 2278 1190 Ὀ
2306 1138 2406 1207 τῆς
2441 1137 2761 1207 συλλήψεως
2794 1136 2964 1191 αὐτοῦ
3001 1136 3107 1207 μὴν
3135 1137 3481 1208 ήρμήνευσεν
3523 1139 3680 1208 ὑμῖν
3724 1139 3816 1191 τὸν

517 1231 634 1298 ejus
655 1230 858 1286 mensis
898 1231 1111 1300 aperuit
1152 1229 1309 1284 nobis
1330 1231 1575 1298 liguratn,
1606 1229 1760 1297 cujus
1804 1228 2016 1297 Moyses
2047 1228 2098 1280 itt

2223 1228 2393 1291 τύπον,
2421 1225 2479 1278 ὃν
2520 1227 2762 1296 Μωῢσῆς
2807 1227 2895 1280 διὰ
2946 1227 3290 1297 γραμμάτων
3333 1229 3577 1298 ἐμήνυσε
3608 1245 3632 1258 ⁸
3663 1230 3766 1282 καὶ
3792 1231 3817 1281 6

521 1324 744 1394 scriptis
770 1324 883 1386 suis
910 1323 1178 1388 meminit,
1208 1322 1508 1376 nativitatis
1537 1336 1668 1375 vero
1696 1320 1937 1386 ejusdem
1957 1336 2108 1373 men-

2222 1319 2315 1389 ιὴν
2361 1318 2462 1387 τῆς
2507 1319 2773 1386 γενέσεως
2813 1319 2976 1373 αὐτοῦ
3024 1319 3224 1390 ὁμοίως
3259 1319 3522 1390 ἐδήλωσεν
3565 1322 3723 1391 ἡμῖν
3764 1321 3816 1374 τὸ

519 1416 596 1471 sis
617 1415 866 1472 similiter
880 1415 1036 1469 nobis
1053 1413 1195 1468 illius
1213 1413 1724 1484 ﬂguraemysterium
1739 1413 2053 1467 declaravit.
2081 1430 2100 1464 ι

2211 1395 2530 1482 μυστηρίον.
2565 1430 2584 1462 ι
3697 1414 3699 1418 ⁴

593 1509 848 1564 Nascitur
886 1508 1054 1577 igitur
1081 1505 1343 1560 Dominus
1385 1515 1570 1560 noster
1589 1503 1747 1561 Jesus
1775 1504 2025 1560 Christus
2054 1506 2109 1559 in

2279 1503 2533 1556 Γεννᾶται
2559 1505 2737 1557 τοίνυν
2766 1504 2796 1556 6
2819 1502 3022 1573 Κύριος
3049 1503 3210 1576 ήμῶν
3240 1504 3448 1576 Ἰησοῦς
3473 1506 3737 1577 Χριστὺς
3759 1507 3816 1558 ἐν

520 1599 796 1656 Bethleem
840 1599 1057 1664 Judaece,
1107 1599 1527 1669 quadragesimo
1566 1601 1804 1654 secundo
1826 1612 1971 1654 anno
2009 1599 2112 1651 im-

2221 1595 2457 1667 Βηθλεέμ
2503 1596 2606 1666 τῆς
2650 1597 2910 1660 Ἰουδαίας
2957 1595 3038 1667 τῷ
3080 1597 3502 1668 τεσσαρακοστῷ
3553 1597 3815 1667 δευτέρῳ

527 1693 666 1762 perii
717 1692 942 1760 Augusti
979 1691 1231 1754 Caesaris,
1267 1690 1552 1744 consulatu
1590 1704 1752 1759 supra
1775 1690 1923 1745 dicto
1959 1707 1973 1744 :
2004 1705 2100 1743 an-

2223 1688 2323 1742 ίτει
2347 1688 2444 1756 τῆς
2475 1687 2750 1758 βασιλείας
2785 1689 3098 1756 Αὐγούστου
3128 1690 3425 1761 Καίσαρος,
3461 1691 3519 1742 ἐν
3557 1690 3817 1761 ὑπατείᾳ

525 1753 596 1839 no
626 1798 753 1838 vero
800 1753 1078 1852 trigesimo
1117 1753 1278 1836 tertio
1302 1781 1534 1836 Herodis
1581 1753 1850 1851 Antipatri
1899 1781 1992 1836 lilii
2025 1799 2040 1847 ;
2079 1795 2111 1836 a

2220 1781 2278 1850 τῇ
2298 1753 2790 1852 προγεγραμμένῃ,
2812 1753 2964 1846 ἔτους
2987 1781 3044 1834 δέ
3071 1753 3395 1850 τριακοστοῦ
3417 1782 3611 1851 τρίτου
3631 1753 3814 1852 Ἦρώλ

524 1871 804 1942 subiugata
840 1887 999 1941 porro
1033 1871 1269 1942 Egypto
1316 1885 1461 1924 anno
1489 1871 1789 1934 tricesimo,
1812 1880 1936 1924 ante
1965 1870 2110 1924 diem

2219 1872 2303 1926 δου
2334 1871 2427 1926 τοῦ
2457 1873 2840 1944 Ἀντιπάτρου,
2878 1875 3158 1944 ὑποταγῆς
3185 1875 3242 1927 δὲ
3267 1874 3543 1944 Αἰγύπτου
3571 1892 3813 1946 τριακο-

523 1973 770 2018 octavutn
792 1960 1148 2018 Kalendarum
1171 1960 1572 2024 Ianuariarum,
1607 1969 1665 2014 ιιι
1699 1959 1914 2014 Patrum
1950 1961 2113 2016 habet

2217 1965 2323 2036 στῷ
2352 1965 2483 2032 ἔτει,
2510 1968 2576 2036 τῇ
2613 1967 2717 2036 πρὸ
2759 1965 2902 2018 ὀκτὼ
2933 1965 3225 2019 Καλανδῶν
3257 1966 3610 2036 Ἰανουαρίων
3667 1967 3811 2019 κατὰ

524 2055 768 2120 traditio,
785 2056 1008 2127 quando
1025 2055 1164 2125 Magi
1188 2063 1456 2110 venerunt
1479 2053 1937 2124 Hierosolymam,
1962 2067 2112 2122 qum-

2218 2059 2338 2122 τοὺς
2377 2058 2646 2127 Πατέρας,
2677 2059 2764 2111 ὅτε
2791 2057 2884 2111 καὶ
2911 2058 2960 2110 οἱ
2987 2056 3166 2124 Μάγοι
3195 2056 3560 2127 παρεγένοντο
3589 2059 3679 2120 είς
3716 2056 3812 2109 Ἱε-

525 2157 730 2212 rentes,
760 2150 852 2218 qui
912 2147 1025 2215 jam
1083 2157 1242 2201 natus
1291 2153 1430 2210 erat,
1472 2144 1691 2213 Regem,
1748 2144 1904 2212 cujus
1955 2143 2111 2199 stella

2217 2148 2509 2220 ροσόλυμα,
2548 2149 2841 2220 ζητοῦντες
2873 2147 2963 2202 τὸν
2995 2146 3255 2218 τεχθέντα
3279 2146 3526 2217 βασιλέα,
3558 2141 3624 2201 οὗ
3656 2148 3755 2202 καὶ
3783 2147 3811 2199 6

525 2243 592 2296 ab
617 2242 842 2297 Oriente
899 2241 982 2296 eis
1039 2253 1211 2308 usque
1263 2238 1330 2292 ad
1377 2236 1616 2291 .luda-am
1675 2237 1778 2290 iter
1835 2245 2112 2290 monstra-

2213 2244 2387 2315 ἀστὴρ
2412 2242 2833 2298 ἀπδἈνατολῶν
2863 2241 3144 2312 ὡδήγησεν
3173 2240 3371 2305 αὐτοὺς
3404 2241 3510 2305 ἓως
3530 2241 3637 2311 τῆς
3669 2243 3807 2294 ’1ου-

525 2341 697 2385 verat.
766 2330 901 2385 Cum
977 2339 1156 2384 autem
1234 2326 1346 2396 jam
1419 2326 1474 2380 in
1536 2326 1814 2381 civitatem
1907 2325 2109 2394 regiam

2212 2335 2724 2400 δαίας.Ἐπι6άντες
2756 2335 2813 2388 δὲ
2842 2337 2906 2405 τῇ
2951 2333 3310 2404 βασιλευούσῃ
3359 2333 3516 2386 πόλει
3565 2335 3670 2387 καὶ
3718 2333 3806 2386 τὸν

531 2424 888 2489 accederent,
957 2422 1279 2490 stellamque
1353 2420 1563 2474 itineris
1629 2419 1820 2473 ducem
1893 2419 2112 2472 amisis-

2213 2428 2404 2500 ὁδηγὸν
2431 2428 2821 2492 ἀπολέσαντες,
2863 2425 3191 2497 θρηνοῦντες
3221 2424 3450 2497 ἠρώτων
3471 2427 3602 2488 τοὺς
3647 2426 3807 2480 αὐτό-

535 2523 691 2580 sent,
743 2513 996 2576 solliciti,
1051 2527 1120 2567 ex
1171 2511 1366 2566 incolis
1405 2511 1473 2565 de
1507 2518 1636 2565 nato
1689 2525 1858 2580 puero
1917 2512 2113 2580 quasi-

2212 2519 2429 2590 χθονας,
2460 2517 2818 2591 γνωρίζοντες
2847 2515 3032 2579 αὐτοῖς
3061 2517 3158 2570 καὶ
3184 2514 3274 2568 τὸν
3301 2513 3548 2587 οὐράνιον
3582 2516 3801 2586 ὁδηγόν.

530 2615 750 2669 verunt,
803 2605 1078 2660 caelestem
1126 2604 1286 2660 simul
1345 2604 1450 2659 illis
1507 2605 1612 2659 viae
1643 2603 1834 2657 ducem
1868 2617 2110 2657 commc-

2213 2611 2378 2667 Ὅθεν
2402 2610 2642 2673 ἀκούσας
2667 2611 2695 2664 ὁ
2727 2603 2996 2680 Ἡρώδης,
3027 2607 3199 2670 δεινὸς
3227 2605 3323 2672 ὢν,
3356 2607 3593 2676 συνῆκεν
3626 2609 3704 2678 μὴ
3728 2603 3804 2659 εῖ-

527 2706 828 2753 morantes.
871 2695 1118 2751 llerodes
1167 2710 1296 2750 vero
1321 2711 1444 2750 cum
1476 2711 1642 2764 sagax
1667 2705 1719 2751 et
1748 2696 1920 2752 solers
1939 2707 2106 2761 esset,

2211 2724 2300 2763 ναι
2329 2707 2391 2760 τὸ
2419 2706 2646 2776 σημεῖον
2677 2701 3038 2774 ἀνθρώπινον.
3075 2699 3294 2754 Πολλῶν
3319 2699 3451 2772 γὰρ,
3475 2701 3637 2769 φησὶ,
3687 2718 3803 2769 γεν-

530 2787 825 2843 intellectis
879 2787 998 2852 his,
1058 2787 1241 2842 statim
1299 2787 1685 2842 animadvertit
1745 2788 1957 2859 signum
2011 2788 2113 2843 hoc

2212 2799 2487 2872 νηθέντων
2513 2800 2571 2851 ἐν
2598 2795 2958 2867 Ἰερουσαλὴμ
3003 2793 3291 2864 βασιλέων,
3341 2793 3426 2844 ἐπ’
3453 2793 3633 2846 οὐδενὶ
3685 2793 3805 2845 τού.

529 2893 872 2949 nequaquam
909 2881 1201 2934 humanum
1238 2894 1380 2935 esse.
1411 2879 1624 2934 Etenim
1644 2895 1764 2933 cum
1797 2879 2113 2951 Hierosoly-

2211 2907 2322 2944 των
2352 2889 2526 2961 ἀστὴρ
2555 2887 2725 2959 ἐφάνη
2757 2888 2816 2939 ἐν
2839 2888 2905 2956 τῇ
2938 2884 3221 2954 Ἀνατολῇ.
3241 2883 3294 2936 Ἐ
3304 2883 3525 2953 μπόνως
3549 2883 3647 2935 οὖν
3668 2885 3803 2952 ἐρω-

533 2973 636 3028 mis
653 2972 1038 3042 quamplurimi
1075 2980 1232 3025 antea
1255 2985 1409 3038 reges
1426 2971 1536 3025 nati
1567 2972 1815 3035 l’uisseut,
1836 2985 2110 3040 nunquam

2213 2985 2280 3054 τή
2290 2999 2389 3044 σας
2408 2983 2534 3044 τοὺς
2553 2979 2910 3049 Γραμματεῖς
2942 2975 3205 3046 μανθάνει
3229 2975 3293 3028 ἐκ
3315 2973 3416 3042 τῆς
3438 2975 3803 3044 προφητείας,

531 3066 604 3121 ob
631 3080 962 3135 quemquam
1006 3078 1194 3117 eorum
1230 3063 1386 3118 stella
1414 3064 1467 3118 in
1502 3063 1728 3119 Oriente
1758 3072 2108 3133 apparuerat.

2216 3074 2297 3127 ὅτι
2344 3073 2435 3127 τὸν
2485 3069 2717 3141 Χριστὸν
2748 3067 2856 3120 ἔδει
2887 3065 3217 3136 γεννηθῆναι
3266 3065 3324 3118 ἐν
3377 3062 3663 3135 Βηθλεέμ·
3714 3065 3802 3116 καὶ

533 3156 698 3212 lnteri
711 3156 885 3226 ogatis
902 3155 1067 3226 igitur
1082 3154 1493 3223 diligentissime
1509 3155 1736 3221 Scribis,
1751 3169 1814 3209 ex
1838 3153 2116 3223 prophetia

2219 3165 2394 3236 λάθρα
2435 3163 2668 3224 καλέσας
2719 3161 2844 3221 τοὺς
2892 3159 3118 3225 Μάγους
3155 3155 3431 3226 ήκρίΰωσε
3463 3157 3597 3223 παρ’
3628 3155 3802 3208 αὐτῶν

537 3250 718 3311 discit,
737 3248 791 3301 in
811 3247 1083 3301 Bethleem
1110 3247 1260 3301 nasci
1283 3245 1562 3300 Christum
1584 3254 1857 3316 apertere.
1883 3245 2098 3301 Vocatis

2219 3258 2313 3313 τὸν
2341 3256 2532 3327 χρόνον
2559 3254 2658 3324 τῆς
2689 3250 2976 3318 ἐπιστολῆς
3007 3247 3102 3301 τοῦ
3132 3249 3358 3318 ἀστέρος
3383 3247 3520 3318 (54),
3551 3247 3651 3300 καὶ
3673 3246 3805 3315 δόλῳ

539 3340 720 3408 itaque
774 3338 912 3393 clam
970 3337 1159 3408 Magis,
1220 3353 1435 3391 summo
1479 3339 1658 3393 studio
1717 3353 1811 3394 eos
1866 3340 1931 3393 de
1997 3349 2118 3394 ortu

2221 3347 2537 3405 ἀπέστειλεν
2570 3345 2800 3411 αὐτοὺς,
2838 3341 3144 3412 ταξάμενος
3178 3341 3382 3405 αὐτοῖς,
3417 3340 3492 3403 ὡς
3511 3339 3684 3404 εἰκὸς,
3710 3340 3803 3392 δω-

541 3429 712 3488 Stellae
767 3430 1145 3502 interrogavit,
1203 3444 1406 3499 eosque
1449 3429 1574 3485 dolo
1626 3430 1721 3485 abs
1779 3445 1838 3485 se
1884 3430 2116 3494 dimisit,

2227 3440 2356 3513 ρεάς
2387 3439 2671 3508 μεγίστας,
2711 3435 2860 3497 ὅπως
2893 3431 3030 3486 ἐπὰν
3076 3429 3280 3500 εὕρωσι
3323 3430 3384 3483 τδ
3429 3429 3670 3500 παιδίον,
3706 3433 3803 3485 ἀπ-

542 3521 803 3588 maxima,
839 3531 895 3574 ut
921 3536 1016 3589 par
1055 3528 1196 3587 erat,
1227 3522 1364 3574 dona
1397 3520 1722 3586 decernens,
1746 3529 1803 3575 ut
1830 3531 2110 3591 postquam

2223 3531 2550 3600 αγγείλωοιν
2577 3528 2745 3598 αὐτῷ.
2763 3526 2852 3588 Ὡς
2885 3525 2943 3578 δὲ
2973 3523 3135 3577 πάλιν
3167 3521 3338 3592 ἐφάνη
3375 3521 3561 3585 αὐτοῖς
3586 3522 3616 3572 6
3643 3521 3798 3573 πάλαι

437 3625 440 3630 ·
541 3627 768 3684 puerum
808 3609 1168 3675 invenissent,
1205 3610 1306 3664 sibi
1339 3611 1388 3663 id
1423 3611 1824 3666 renuntiarent.
1852 3610 2026 3666 Canter

2224 3621 2542 3692 καθοδηγῶν
2573 3619 2791 3682 αὐτοὺς,
2828 3615 2966 3685 μετά
2993 3615 3171 3685 χαρᾶς
3205 3613 3446 3683 μεγάλης
3470 3613 3647 3684 τούτῳ
3678 3615 3797 3682 ηκο-

541 3701 704 3757 simul
753 3710 918 3770 atque
974 3699 1083 3755 illis
1135 3701 1330 3754 iterum
1383 3700 1646 3768 pristinus
1691 3699 1780 3754 ille
1817 3701 1918 3754 vite
1963 3701 2123 3755 index

2223 3713 2497 3782 λούθησαν
2523 3711 2628 3774 ἐως
2660 3708 2858 3779 Βηθλεέ
2867 3725 2925 3778 μ,
2948 3707 3043 3759 καὶ
3067 3705 3321 3774 εὑρόντες
3348 3705 3439 3757 τὸν
3461 3703 3799 3774 ποθούμενον

543 3794 910 3864 apparuisset,
966 3795 1200 3847 maxima
1251 3808 1375 3847 cunt
1436 3791 1622 3846 hetitia
1679 3791 1850 3861 ipsius
1903 3793 2122 3846 ductum

2226 3803 2484 3867 Βασιλέα,
2510 3801 2606 3856 καὶ
2633 3798 3112 3871 προσκυνήσαντες
3135 3796 3297 3849 αὐτὸν
3329 3797 3385 3848 ἐν
3408 3795 3626 3866 δώροις,
3654 3795 3801 3865 ἐχρηι

544 3896 673 3941 sunt
709 3886 878 3942 secuti
927 3887 978 3940 in
1027 3885 1329 3950 Bethleem,
1373 3884 1702 3952 inventoque
1735 3891 1813 3938 tot
1845 3885 1946 3939 sibi
1983 3883 2124 3938 votis

2229 3895 2568 3966 ματίσθησαν
2597 3892 2703 3945 ὑπὸ
2737 3889 2996 3959 ἀγγέλου,
3025 3887 3120 3941 καὶ
3157 3886 3224 3940 δι’
3251 3885 3417 3957 ἄλλης
3448 3887 3571 3940 ὁδοῦ
3601 3884 3798 3955 ἀνεχώ-

542 3974 781 4044 expetito
832 3973 1017 4043 Rege,
1060 3986 1290 4040 eumque
1333 3969 1489 4025 donis
1542 3970 1657 4025 suis
1706 3969 1975 4036 venerati,
2025 3985 2121 4039 per

1469 3985 1489 4025 5
1542 3970 1657 4025 θυῖε
1706 3969 1975 4036 veneta“:
2025 3985 2121 4039 Per
2231 4002 2401 4058 ρησαν
2439 3984 2518 4047 εἰς
2556 3981 2654 4054 τὴν
2696 3981 2831 4034 ἰδίαν
2860 3978 3063 4051 χώραν.

544 4065 706 4120 aliam
747 4064 912 4126 viam,
969 4071 1033 4116 ιιι
1059 4061 1127 4115 ab
1173 4060 1363 4131 angelo
1406 4059 1543 4130 jussi
1575 4068 1754 4126 erant,
1810 4061 1863 4114 in
1923 4069 2124 4114 terram

546 4171 700 4211 suam
735 4155 935 4210 reversi
975 4163 1124 4212 sunt.

617 4241 770 4300 Tunc
795 4247 955 4301 etiam
1002 4241 1227 4313 Joseph,
1261 4241 1444 4297 divino
1474 4242 1705 4308 monitu,
1743 4239 1795 4294 in
1833 4237 2124 4312 Egyptum

2299 4250 2434 4306 Τότε
2463 4248 2556 4303 καὶ
2581 4249 2610 4302 6
2636 4246 2852 4320 Ἰωσὴφ,
2891 4244 3031 4300 κατὰ
3049 4244 3109 4298 τὸ
3130 4244 3272 4298 θεῖον
3302 4242 3657 4314 πρόσταγμα,
3683 4241 3805 4311 φεύ·-

549 4352 672 4394 cum
709 4350 876 4407 puero
902 4349 966 4389 ac
997 4342 1171 4387 matre
1203 4333 1375 4402 ipsius
1402 4330 1660 4401 profugit,
1697 4329 1787 4384 ubi
1827 4331 1990 4385 etiam
2029 4345 2127 4384 us-

2231 4360 2320 4412 γει
2350 4344 2429 4403 εἰς
2458 4341 2732 4408 Αἴγυπτον
2768 4337 2906 4409 μετὰ
2945 4336 3040 4390 τοῦ
3083 4335 3296 4389 παιδίου
3327 4336 3419 4387 καὶ
3453 4333 3551 4402 τῆς
3580 4333 3810 4402 μητέρος

551 4443 657 4500 que
697 4429 764 4484 ad
790 4428 996 4482 obitum
1033 4423 1264 4480 Herodis
1281 4423 1559 4503 remansit.
1589 4421 1928 4492 Colliguntur
1949 4434 2126 4478 autem

2233 4433 2420 4497 αὐτοῦ,
2453 4432 2548 4486 καὶ
2577 4427 2646 4503 ἦν
2674 4431 2792 4483 ἐκεῖ
2818 4429 2922 4492 ἕως
2952 4427 3050 4498 τῆς
3076 4425 3333 4494 τελευτῆς
3363 4422 3630 4494 Ἡρώδου.
3682 4422 3810 4475 Συν-

551 4523 622 4576 ab
676 4521 906 4575 adventu
948 4516 1227 4588 Magorum
1282 4527 1339 4572 et
1380 4501 1638 4570 'illusione
1693 4512 1922 4570 Herodis
1965 4528 2135 4585 usque

2235 4526 2461 4594 άγονται
2501 4522 2561 4575 δέ
2601 4501 2664 4574 ἐκ
2693 4520 2792 4590 τῆς
2818 4518 3053 4586 ἀφίξεως
3082 4515 3191 4568 τῶν
3229 4514 3436 4581 Μάγων
3462 4512 3555 4566 καὶ
3585 4511 3685 4564 τοῦ
3718 4514 3814 4581 ἐμ-

554 4614 621 4669 ad
651 4613 878 4668 reditum
917 4611 969 4666 in
1007 4610 1278 4680 regionem
1318 4624 1470 4664 suam
1501 4607 1628 4661 anni
1663 4606 1795 4662 duo.
1829 4605 1981 4662 Tunc
2013 4606 2122 4662 lle-

2236 4613 2480 4686 παιγμοῦ
2508 4611 2603 4667 τοῦ
2635 4609 2872 4682 Ἡρώδου
2904 4610 2998 4663 καὶ⁵
3043 4608 3143 4678 τῆς
3181 4607 3260 4670 είς
3293 4605 3393 4677 τὴν
3424 4602 3609 4676 χώραν
3640 4604 3822 4658 αὐτῶν

555 4705 993 4768 rodes,incensus
1029 4703 1132 4769 ira,
1161 4702 1451 4757 infantium
1489 4699 1688 4756 caedem
1717 4714 2004 4770 aggressus
2025 4709 2132 4764 est,

2223 4705 2497 4758 ιέπανόδου
2543 4702 2640 4771 ἐτη
2689 4701 2802 4754 δύο.
2848 4700 2982 4753 Τότε
3031 4697 3305 4768 θυμωθεὶς
3355 4696 3383 4748 6
3428 4693 3676 4764 Ἡρώδης
3723 4694 3817 4763 τὴν

557 4796 832 4850 tricesimo
857 4794 1046 4863 quinto
1079 4793 1228 4863 regni
1261 4791 1343 4846 sui
1385 4805 1548 4846 anno.
1575 4790 1770 4845 Statim
1797 4804 1924 4843 vero
1951 4789 2134 4842 divina

2240 4795 2553 4869 μιαιφονίαν
2599 4793 2708 4846 τῶν
2761 4791 2972 4862 νηπίων
3032 4787 3328 4859 εἰργάσατο
3379 4786 3458 4854 τῷ
3513 4782 3820 4855 τριακοπῷ

555 4903 722 4965 super
763 4901 891 4942 eum
934 4885 1125 4940 incidit
1175 4885 1493 4951 indignatio,
1521 4882 1810 4951 multisque
1840 4891 1893 4934 ct
1931 4880 2139 4949 gravis-

2239 4883 2610 4956 πέμπτῳ-τῆς
2662 4879 2944 4952 βασιλείας
2991 4877 3156 4932 αὑτοῦ
3207 4877 3341 4932 ἔτει.
3368 4875 3585 4937 Εὐθέως
3609 4875 3667 4928 δὲ
3700 4890 3815 4943 μετ-

557 4964 710 5036 simis
762 4977 933 5034 morbi
981 4976 1140 5032 malis
1199 4973 1562 5041 excruciatus,
1607 4987 1638 5028 e
1695 4975 1802 5027 vita
1855 4971 2126 5038 discessit,

2237 4974 2370 5046 ῆλθε
2421 4972 2680 5043 θεήλατος
2728 4967 2866 5040 ὀργὴ
2917 4965 3004 5019 ἐπ’
3031 4966 3216 5032 αὐτὸν,
3261 4966 3356 5018 καὶ
3386 4965 3446 5016 ἐν
3482 4964 3817 5036 ἀρρωστίαις

557 5082 845 5141 postquam
889 5068 1108 5138 triginta
1134 5075 1191 5120 et
1223 5078 1347 5120 octo
1383 5080 1552 5120 annos
1580 5064 1726 5133 regni
1772 5063 2136 5133 gubernaCula

2241 5065 2503 5134 πονηραῖς
2550 5059 2942 5128 ἐξεταζόμενος
2992 5054 3334 5127 κατέστρεψε
3375 5056 3466 5108 τὸν
3513 5055 3644 5122 βίον,
3670 5052 3825 5120 τριά-

563 5163 842 5217 tenuisset.
883 5157 1120 5229 Reliquit
1163 5165 1343 5212 autem
1395 5165 1627 5224 quatuor
1679 5155 1817 5209 lilios
1857 5154 2006 5222 regni
2055 5153 2137 5207 sui

2243 5171 2407 5209 κοντα
2451 5153 2596 5206 ὀκτὼ
2640 5153 2735 5222 ἐτη
2781 5150 3062 5222 κρατήσας
3108 5146 3206 5219 τὴν
3235 5143 3406 5217 ἀρχὴν
3454 5143 3634 5198 αἰετοῦ.
3672 5144 3825 5197 Κατ-

559 5265 723 5322 alque
765 5249 1126 5318 improbitatis
1172 5247 1446 5302 haeredes.
1479 5245 1632 5300 Tunc
1684 5245 1868 5314 itaque
1914 5242 2135 5312 Ioseph,

2246 5243 2401 5297 έλιπε
2435 5242 2492 5296 δὲ
2526 5243 2799 5313 τέσσαρας
2832 5241 2980 5302 υἱοὺς
3013 5236 3286 5307 διαδόχους
3316 5237 3414 5306 τῆς
3462 5232 3623 5290 αὑτοῦ
3672 5232 3828 5303 βασι-

563 5358 630 5398 ex
689 5342 871 5398 divino
927 5339 1262 5412 praescripto,
1315 5353 1438 5393 cum
1482 5352 1652 5408 puero
1719 5352 1785 5391 ac
1845 5345 2016 5390 tnatre
2074 5349 2142 5388 ex

2246 5336 2394 5400 λείας
2427 5353 2486 5391 τε
2536 5336 2631 5390 καὶ
2679 5333 2962 5403 πονηρίας.
3003 5329 3138 5383 Τότε
3188 5328 3252 5398 δὴ
3295 5327 3382 5380 διὰ
3405 5326 3832 5396 προστάγματος

2076 5517 2308 5576 NOTAE.

640 5638 750 5720 (δτι)
812 5638 1200 5720 Βοὴ-..ιιιιιιυφ
1230 5639 1414 5720 ,ηφῷς
1463 5636 1774 5720 νικητικόν.
1827 5635 1994 5693 Paulo
2025 5645 2165 5708 post,

2250 5634 2439 5720 “('54)
2494 5631 2684 5690 Pollux
2713 5635 2813 5705 τῆς
2853 5632 3146 5705 ἐπιστολῆς
3190 5632 3285 5688 τοῦ
3333 5630 3567 5702 ἀστέρος
3617 5629 3833 5686 ἐπιστο-

574 5709 731 5777 όγάρ
775 5708 1087 5778 συλλήψεως
1123 5710 1287 5765 αὑτοῦ
1312 5707 1420 5780 μὴν
1460 5707 1770 5781 ἑρμηνεύει.
2027 5707 2069 5748 ἶ
2250 5707 2369 5776 λῆς.
