4036 6226
317 301 460 365 4033

1278 298 1380 362 DE
1417 297 1890 364 INVENTIONE
1913 297 2216 359 SANCTAE
2245 300 2538 364 CRUCIS.

3434 303 3582 368 4034

313 420 522 494 Κυρίου
553 418 854 489 ἐπανῆλθεν
878 419 936 486 ἐξ
962 418 1240 486 Αἰγύπτου
1270 418 1467 490 Ἰωσὴφ
1495 418 1634 489 μετὰ
1653 418 1745 472 τοῦ
1769 435 1895 471 παι-

2012 417 2236 489 μΕςςριο
2255 420 2432 482 rediit,
2452 435 2574 474 eum
2601 417 2854 490 puerjam
2877 418 3229 488 quadriennis
3241 428 3408 485 esset,
3435 421 3590 476 habi-

310 515 427 570 δίου
473 515 566 567 καὶ
610 513 711 584 τῆς
760 513 1019 584 μητέρος,
1043 511 1209 567 αὐτοῦ
1242 513 1393 576 ὄντος
1421 511 1766 583 τετραετοῦς,
1804 511 1899 564 καὶ

312 605 635 676 κατῴκησεν
681 608 760 669 είς
802 605 1082 677 Ναζαρὲτ,
1118 603 1412 675 Ἀρχελάου
1474 602 1900 675 τετραρχοῦντος

310 699 413 769 τῆς
445 696 729 760 Ἰουδαίας.
760 697 919 750 Οὕτω
962 696 1073 768 γὰρ
1118 695 1411 750 ἐκαλοῦντο
1449 697 1498 750 οἱ
1533 695 1626 750 τοῦ
1661 695 1900 767 Ἡρώδου

314 793 436 852 υἱοὶ,
454 791 513 842 ’Δ
523 789 750 860 ρχέλαος
779 783 958 852 οὗτος,
983 789 1080 842 καὶ
1104 788 1373 858 Ἡρώδης,
1401 787 1496 841 καὶ
1517 786 1779 849 Φίλιππος
1803 783 1900 838 καὶ

313 880 590 939 Λυσανίας
609 919 624 944 ,
653 879 742 932 διὰ
771 877 833 931 τὸ
859 877 1092 930 ἕκαστον
1123 875 1302 928 αὐτῶν
1336 875 1481 944 ἔχειν
1513 874 1770 943 τέταρτον
1803 870 1902 940 μέ-

315 989 408 1044 ρος
434 971 534 1041 τῆς
566 969 862 1039 βασιλείας.
897 967 987 1040 Τῷ
1029 969 1085 1022 δὲ
1115 967 1286 1037 ὀγδόῳ
1331 966 1442 1020 ἔτει
1473 966 1586 1037 (35)
1617 964 1715 1034 τῆς
1750 961 1903 1032 βασι-

311 1064 459 1126 λείας
493 1061 812 1132 Ἀρχελάου,
843 1059 1048 1131 ἤρξατο
1079 1060 1108 1112 6
1141 1058 1345 1127 Κύριος
1379 1059 1437 1110 ἐν
1477 1054 1556 1127 τῷ
1585 1053 1719 1125 ἱερῷ
1760 1051 1902 1106 διδά-

315 1169 489 1215 σκειν,
517 1149 688 1204 ἐλθὼν
713 1152 770 1204 ὲν
801 1150 951 1220 μέσῳ
976 1148 1086 1202 τῶν
1115 1147 1452 1202 διδασκάλων
1472 1187 1488 1213 ,
1522 1144 1596 1200 ὢν
1633 1143 1769 1198 έτῶν
1797 1141 1900 1196 δὼ-

310 1245 448 1297 δεκα
469 1243 612 1297 κατὰ
635 1242 732 1312 τὴν
755 1240 1074 1313 σωματικὴν
1103 1240 1341 1312 ἠλικίαν.
1363 1237 1659 1294 Κατελθὼν
1680 1237 1736 1291 δὲ
1760 1234 1901 1306 μετὰ

312 1336 422 1390 τῶν
457 1338 600 1391 κατὰ
633 1336 794 1407 χάριν
823 1335 1028 1404 γονέων
1055 1332 1220 1388 αὑτοῦ
1243 1336 1324 1398 εἰς
1350 1331 1741 1404 τὴνΝαζαρὲτ,
1766 1329 1903 1400 μετὰ

313 1429 376 1481 οὐ
409 1427 544 1498 πολὺ
572 1430 600 1481 6
633 1426 835 1498 Ἰωσὴφ
877 1426 1026 1479 τέλει
1058 1424 1152 1482 τοῦ
1201 1423 1316 1496 βίου
1350 1425 1620 1494 ἐχρήσατο
1643 1463 1660 1490 ,
1693 1418 1902 1491 νομιζό-

318 1540 480 1595 μενος
513 1522 620 1576 ύπδ
646 1520 864 1576 πάντων
892 1514 1035 1576 εἶναι
1060 1518 1242 1588 πατὴρ
1275 1516 1369 1570 τοῦ
1400 1515 1633 1588 Κυρίου.

385 1615 694 1687 Διαρκέσας
723 1612 781 1666 δὲ
812 1612 842 1665 6
878 1611 1172 1683 Ἀρχέλαος
1217 1607 1298 1663 ἔτι
1336 1606 1582 1663 ὲνιαυτόν
1629 1607 1726 1661 ’ἐνα
1775 1623 1907 1661 κατ-

2010 512 2248 578 tavitque
2284 511 2336 564 in
2371 509 2660 575 Nazarcth,
2713 512 2980 566 Archelao
3013 511 3208 567 Judaeae
3239 515 3588 568 tetrarchiam

2004 599 2305 656 obtinente.
2384 601 2721 672 (Tetrarchae
2791 603 2934 657 enim
2982 604 3313 659 vocabantur
3359 605 3590 662 Herodis

2008 690 2103 745 lilii
2132 691 2434 748 Archelaus
2455 694 2576 754 iste.
2615 692 2878 758 Herodes,
2905 692 3182 764 Philippus
3210 704 3266 750 et
3301 692 3588 765 Lysanias,

2005 784 2148 852 quod
2166 785 2363 853 cuique
2385 795 2577 853 quarta
2604 799 2728 853 pars
2760 787 2911 856 regni
2934 788 3208 856 assignata
3236 787 3401 858 erat.)
3427 789 3588 861 Octa-

2006 887 2072 927 vo
2099 883 2279 930 autem
2314 878 2465 946 regni
2507 876 2674 946 ipsius
2705 893 2848 932 anno
2880 878 3044 947 etrapit
3086 877 3345 935 Dominus
3371 880 3424 935 in
3454 889 3586 934 tem-

1991 963 2095 1034 plo
2139 968 2589 1032 docere,veniens
2616 970 2666 1022 in
2691 970 2927 1024 medium
2953 973 3256 1036 docturum,
3289 987 3462 1027 annos
3488 972 3591 1026 ha-

2005 1055 2139 1113 bens
2173 1057 2283 1127 jam
2323 1061 2605 1115 duodecim
2635 1065 2928 1118 secundum
2971 1064 3309 1133 corporalem
3343 1075 3586 1126 aetatem,

2007 1148 2272 1219 rediitque
2295 1151 2347 1205 in
2377 1151 2646 1209 Nazarcth
2675 1170 2796 1210 cum
2821 1154 2947 1220 illis,
2981 1156 3070 1225 qui
3104 1170 3198 1226 per
3224 1159 3454 1228 gratiam
3486 1175 3586 1228 pa—

2007 1251 2188 1295 rentes
2224 1241 2340 1310 ejus
2383 1259 2505 1300 esse
2551 1255 2883 1301 meruerant.
2933 1246 3042 1304 Nec
3088 1249 3257 1305 multo
3291 1259 3415 1320 post
3453 1253 3587 1307 obiit

2003 1327 2224 1402 Joseph,
2253 1332 2321 1387 ab
2349 1336 2598 1392 omnibus
2623 1345 2776 1406 pater
2801 1337 3010 1394 Domini
3043 1339 3406 1396 existimatus.

2075 1601 2377 1658 Archelaus
2432 1617 2591 1668 vero,
2626 1613 2908 1676 postquam
2943 1622 3108 1662 unum
3156 1607 3338 1662 adhuc
3385 1623 3588 1664 annum

315 1706 476 1762 έλυσε
523 1705 618 1759 τὸν
671 1704 788 1774 βίον
823 1702 900 1776 μὴ
932 1699 1268 1770 καταλείψας
1299 1697 1658 1770 κληρονόμον.
1696 1695 1905 1766 Αὔγου-

2012 1704 2287 1762 superstes
2335 1693 2554 1761 fuisset,
2610 1697 2776 1752 etiam
2821 1713 2852 1752 e
2900 1698 3034 1755 vivis
3071 1700 3342 1764 discessit,
3386 1702 3588 1758 nullum

319 1815 442 1862 στος
489 1799 548 1852 δὲ
592 1799 621 1850 6
668 1773 898 1868 liuidae
939 1794 1285 1864 πεντήκοντα
1314 1791 1374 1856 ἒξ
1403 1792 1573 1862 ἥμισυ
1621 1789 1906 1852 ἐνιαυτοὺς

2012 1788 2278 1843 ιιωνεάοιη
2329 1789 2660 1859 relinquens.
2690 1791 2969 1862 Angustus
3015 1793 3168 1862 item,
3196 1796 3589 1867 quinquaginta

316 1889 609 1961 πληρώσας
635 1888 980 1958 ἐτελεύτησε,
1013 1883 1297 1954 παραδοὺς
1344 1883 1444 1954 τὴν
1495 1881 1772 1953 βασιλείαν
1807 1883 1905 1936 Τι-

316 1979 488 2050 ϐερίῳ
517 1979 596 2048 τῷ
618 1977 721 2047 υἱῷ
751 1971 1054 2030 αὐτοῦ.Ἧν
1079 1972 1136 2026 δὲ
1165 1973 1195 2024 6
1225 1969 1432 2040 Κύριος
1451 1969 1572 2022 τότε
1595 1969 1732 2024 ἐτῶν
1757 1967 1909 2022 δεκα-

317 2071 502 2125 πέντε.
537 2068 789 2140 Τιϐέριος
817 2067 873 2120 δὲ
905 2068 934 2120 6
964 2067 1182 2137 Καῖσαρ
1217 2062 1440 2134 γνήσιον
1466 2059 1618 2130 φίλον
1645 2059 1784 2131 ἔχων
1817 2059 1908 2115 τὸν

316 2164 569 2226 Πιλάτον,
605 2159 908 2232 ἡγούμενον
940 2159 1041 2230 τῆς
1070 2155 1330 2218 Ἰουδαίας
1368 2153 1678 2219 ἀπέστειλε,
1715 2154 1812 2206 καὶ
1837 2149 1907 2225 ἦν

315 2257 434 2309 ἐκεῖ
452 2255 554 2317 ἕως
577 2254 675 2323 τῆς
705 2251 962 2322 τελευτῆς
988 2249 1080 2303 τοῦ
1107 2248 1404 2318 Καίσαρος.
1424 2247 1513 2299 Ἐν
1541 2243 1652 2298 ἔτει
1682 2245 1740 2298 δὲ
1767 2244 1906 2314 πέμ-

317 2365 442 2417 πτῳ
472 2346 566 2399 καὶ
602 2344 814 2414 δεκάτῳ
855 2345 954 2411 τῆς
989 2339 1288 2412 ἡγεμονίας
1323 2339 1576 2408 Τιϐερίου
1607 2336 1904 2406 Καίσαρος,

316 2440 458 2494 κατὰ
509 2437 606 2508 τὴν
657 2435 752 2488 τοῦ
797 2433 1132 2502 Εὐαγγελίου
1187 2431 1392 2501 φωνὴν,
1444 2425 1608 2500 ἦλθεν
1653 2427 1907 2498 Ἰωάννης

317 2529 460 2584 κατὰ
487 2526 834 2598 ἀποκάλυψιν
865 2525 958 2580 τοῦ
990 2523 1126 2578 Θεοῦ
1167 2512 1464 2594 κηρύσσων
1497 2519 1781 2590 βάπτισμα
1813 2533 1909 2587 με·

316 2623 536 2685 τανοίας
566 2623 623 2674 ἔν
657 2620 756 2693 ὅλῃ
782 2621 848 2689 τῇ
891 2615 1144 2686 Ἰουδαίᾳ,
1174 2615 1268 2668 καὶ
1314 2609 1618 2680 ἐϐαπτίσθη
1645 2612 1672 2664 6
1704 2607 1906 2679 Κύριος

304 2717 410 2775 ,ὑπ’
432 2713 622 2779 αὐτοῦ,
653 2713 728 2767 ὣν
758 2711 895 2764 ἐτῶν
923 2709 1242 2780 τριάκοντα,
1271 2706 1367 2759 καὶ
1396 2703 1598 2776 ἦρξα-ιο
1629 2701 1731 2771 τῆς
1765 2700 1906 2754 κατὰ

316 2808 378 2862 τὺ
411 2805 740 2875 Εὐαγγέλιον
773 2799 1180 2874 πραγματείας.

386 2891 496 2949 Ἦν
527 2895 582 2948 δὲ
611 2891 857 2964 Ἡρώδης
891 2889 1010 2944 κατ’
1034 2890 1239 2942 ἐκεῖνον
1281 2885 1374 2940 τδν
1424 2882 1620 2955 καιρὸν
1654 2879 1904 2934 ἐκϐαλὼν

321 2987 419 3059 τὴν
461 2985 598 3040 ίδίαν
624 2986 878 3052 γυναῖκα,
911 2979 1186 3049 θυγατέρα
1208 2972 1374 3030 οὖσαν
1407 2972 1600 3044 Ἂρέτα
1626 2971 1720 3025 τοῦ
1753 2969 1907 3042 βασι-

319 3081 457 3142 λέως
489 3076 776 3149 Ἀραϐίας,
809 3073 938 3142 περὶ
967 3065 1029 3126 οὗ
1062 3073 1090 3124 6
1125 3069 1335 3132 Παῦλος
1363 3068 1420 3120 ἐν
1453 3067 1519 3136 τῇ
1544 3063 1682 3166 πρδς
1707 3064 1904 3166 Ιξοριν-
1935 3109 1977 3166 C

321 3172 470 3234 ’ἔξους
505 3168 764 3239 ἐπιστολῇ
809 3164 996 3237 μνείαν
1030 3163 1351 3233 ἐποιήσατο,
1385 3157 1480 3213 καὶ
1514 3154 1694 3210 λαϐὼν
1731 3154 1909 3225 Ἥρω-

321 3263 475 3318 διάδα
515 3261 615 3333 τὴν
667 3261 902 3329 γυναῖκα
947 3256 1216 3311 Φιλίππου
1250 3252 1345 3307 τοῦ
1373 3250 1603 3321 ἀδελφοῦ
1632 3249 1798 3303 αὐτοῦ
1830 3247 1910 3302 ἔτι

323 3358 527 3422 ζῶντος
561 3352 749 3408 αὐτοῦ.
767 3351 826 3405 '0
855 3350 912 3402 δὲ
946 3347 1122 3420 κήρυξ
1154 3345 1254 3417 τῆς
1295 3344 1558 3415 ἀληθείας
1588 3338 1850 3411 ’Ἰωάννης
1883 3345 1910 3396 6

323 3446 653 3517 Βαπτιστὴς,
691 3445 766 3514 μὴ
816 3441 998 3514 φέρων
1049 3442 1147 3512 τὴν
1197 3439 1450 3502 ἀτοπίαν,
1498 3435 1744 3508 σφοδρῶς
1797 3436 1911 3498 τοῖς

324 3535 574 3609 ἐλέγχοις
604 3536 806 3609 ἐπῆλθε
831 3534 910 3606 τῷ
941 3532 1183 3604 Ἡρώδῃ.
1202 3531 1261 3584 '0
1286 3523 1726 3599 δὲ.ἅκατασχέτῳ
1753 3525 1910 3596 θυμῷ

323 3632 570 3702 ληφθεὶς,
597 3629 957 3700 χαριζόμενος
975 3628 1039 3696 τῇ
1071 3621 1338 3694 μοιχαλίδι
1355 3621 1452 3691 τὴν
1474 3618 1803 3691 παρρησίαν,
1822 3618 1912 3670 τὸν

325 3723 615 3792 προφήτην
662 3717 1090 3785 ἀπεκεφάλισεν,
1135 3713 1250 3766 ἀλλ’
1281 3713 1384 3766 οὐκ
1423 3713 1505 3774 είς
1548 3709 1766 3778 μακρὰν
1813 3707 1911 3777 τὴν

325 3815 481 3884 δίκην
526 3809 890 3880 εἰσεπράξατο
931 3805 1042 3858 τῶν
1090 3798 1576 3873 τολμηθέντων.Ἣ
1617 3801 1726 3870 γὰρ
1773 3799 1912 3870 γυνὴ

325 3904 491 3960 αὐτοῦ
526 3902 736 3970 ἀτίμως
766 3896 1057 3968 διωχθεῖσα
1086 3894 1355 3966 ἐπορεύθη
1395 3893 1533 3963 πρὸς
1568 3891 1660 3944 τὸν
1687 3890 1912 3961 Ἀρέταν

324 4001 416 4052 τὸν
446 3997 660 4066 πατέρα
701 3993 896 4065 αὐτῆς,
931 3991 1028 4044 καὶ
1072 3988 1170 4060 τὴν
1223 3987 1344 4058 βίαν
1389 3983 1726 4057 ἀπωδύρετο.
1747 3983 1804 4034 Ὁ
1833 3981 1910 4046 δὲ,

324 4093 400 4156 ῶς
454 4088 789 4161 ύϐρισμένης
839 4085 940 4154 τῆς
998 4081 1269 4151 θυγατρὸς
1321 4077 1530 4142 αὐτοῦ,
1586 4073 1911 4145 συναγαγὼν

326 4186 508 4239 πάντα
534 4182 627 4234 τὸν
652 4179 779 4233 λαὸν
806 4175 990 4242 αὐτοῦ,
1040 4172 1276 4244 ἐπῆλθεν
1324 4171 1410 4224 ἐπ’
1443 4169 1608 4224 αὐτὸν
1641 4171 1719 4233 είς
1745 4167 1910 4222 πόλε-

330 4296 452 4350 μον,
489 4276 582 4330 καὶ
625 4269 897 4340 κατέκοψε
947 4267 1127 4320 πάντα
1171 4265 1240 4318 τὰ
1285 4261 1674 4334 στρατεύματα
1716 4257 1904 4322 αὑτοῦ,

2010 1893 2103 1934 sex
2139 1877 2299 1945 annis
2324 1893 2444 1934 cum
2467 1879 2694 1935 dimidio
2715 1881 2963 1952 expletis,
2984 1895 3230 1940 mortuus
3257 1894 3342 1941 est
3369 1885 3591 1943 Tiberio

2009 1968 2119 2024 ﬁlio
2173 1984 2398 2039 regnum
2440 1971 2684 2038 tradens,
2727 1984 2956 2042 eratque
2986 1983 3114 2030 tunc
3141 1974 3401 2032 Dominus
3420 1994 3591 2034 anuo-

2009 2077 2128 2116 rum
2175 2062 2504 2133 quindecim.
2551 2061 2798 2135 Cumque
2851 2063 3104 2122 Tiberius
3151 2081 3363 2123 summo
3407 2085 3593 2125 amore

2009 2151 2239 2207 Pilatum
2281 2162 2724 2221 prosequeretur,
2765 2169 2914 2221 emn,
2967 2164 3027 2210 ut
3073 2154 3272 2212 Judzea:
3310 2172 3589 2227 praesset,

2010 2243 2178 2308 miéit,
2220 2254 2383 2315 atque
2414 2245 2483 2300 ibi
2524 2254 2894 2304 commoratus
2934 2257 3020 2303 est
3053 2262 3226 2318 usque
3253 2251 3320 2304 ad
3359 2249 3592 2306 Caesaris

2010 2347 2258 2393 mortem.
2318 2336 2590 2393 Caeterum
2664 2353 2806 2394 anno
2873 2340 3088 2396 decimo
3140 2342 3330 2411 quinto
3390 2341 3592 2397 'l‘iln-rii

2008 2429 2431 2498 Cwsaris,juxta
2451 2430 2728 2500 Evangelii
2765 2433 3158 2499 testimonium,
3188 2432 3594 2490 venitJoannes

2006 2535 2071 2575 ex
2122 2521 2303 2576 divina
2353 2521 2702 2588 revelatione,
2748 2523 3072 2593 baptismum
3125 2525 3460 2594 poenitentiae
3491 2543 3593 2579 att-

1991 2613 2260 2680 nuntians
2303 2628 2396 2682 per
2434 2614 2745 2668 universam
2773 2612 3036 2680 Judteam,
3063 2630 3092 2669 a
3134 2631 3241 2685 quo
3283 2618 3444 2670 etiam
3491 2617 3597 2671 Do-

2007 2703 2184 2757 minus
2203 2703 2503 2772 baptizatus
2523 2713 2628 2770 est,
2660 2720 2923 2760 annorum
2947 2706 3057 2773 jam
3081 2708 3329 2778 triginta,
3364 2724 3593 2778 qumque

2007 2795 2073 2850 ad
2119 2794 2396 2864 Evangelii
2440 2796 2716 2865 negotium
2752 2807 3022 2866 spectant,
3060 2808 3144 2854 est
3176 2800 3490 2869 auspicatus
3521 2801 3588 2855 ".

2076 2884 2236 2940 Juxta
2265 2887 2406 2940 idem
2439 2897 2650 2957 tempus
2665 2887 2906 2945 Herodes
2929 2890 3211 2961 conjugcm
3234 2907 3260 2944 a
3282 2907 3340 2947 se
3367 2883 3594 2961 etjiulit,

2006 2992 2125 3046 qua;
2173 2990 2288 3032 erat
2329 2979 2432 3032 ﬁlia
2473 2981 2651 3034 Arata:
2693 2981 2834 3051 regis
2869 2981 3102 3045 Arabiae,
3151 2982 3306 3052 cujus
3348 2983 3600 3039 meminit

2009 3068 2211 3124 Paulus
2267 3070 2319 3123 in
2366 3068 2602 3137 Epistola
2659 3073 2725 3128 ad
2768 3071 3080 3128 Corinthios
3105 3075 3170 3137 ",
3204 3082 3598 3143 acceperatqne

2011 3159 2370 3215 Herodiadem
2390 3160 2622 3231 Philippi
2660 3162 2843 3219 fratris
2875 3164 2956 3218 sui
2992 3179 3240 3230 uxorem,
3267 3165 3385 3234 ipso
3419 3166 3601 3221 adhuc

2010 3254 2154 3308 vivo.
2192 3251 2380 3308 Pra'co
2417 3265 2597 3308 autem
2644 3256 2891 3311 veritatis
2923 3254 3165 3312 Joannes
3192 3256 3452 3326 Baptista,
3493 3273 3600 3312 non

2013 3346 2192 3402 ferens
2237 3355 2441 3402 tantam
2491 3347 2568 3402 rei
2619 3349 3047 3418 improbitatem,
3102 3349 3281 3418 palam
3333 3349 3600 3404 Herodem

2013 3440 2236 3495 sceleris
2263 3443 2534 3509 coarguit.
2569 3441 3014 3512 llle,impotentia
3039 3443 3203 3496 animi
3227 3442 3422 3502 victus.
3453 3442 3603 3497 adul-

2016 3539 2145 3587 terae
2171 3534 2508 3602 gratiﬁcans,
2529 3535 2846 3604 prophetam
2878 3535 3056 3604 capite
3077 3534 3370 3590 truncavit.
3397 3531 3598 3586 Verum

2015 3637 2122 3675 non
2181 3624 2273 3676 diu
2329 3633 2436 3676 tam
2492 3623 2685 3677 nefarii
2718 3639 2882 3678 ausus
2921 3637 3138 3693 poenam
3184 3621 3392 3692 effugit.
3454 3621 3604 3676 Uxor

2013 3711 2158 3764 enim
2211 3712 2327 3781 ejus
2363 3713 2433 3765 ita
2487 3715 2719 3782 turpiter
2757 3713 2932 3780 ejecta
2980 3713 3047 3768 ad
3103 3714 3328 3768 Arctam
3387 3723 3600 3783 patrem

2014 3799 2278 3870 confugit,
2323 3799 2687 3870 iniuriamque
2748 3801 2852 3856 sibi
2904 3801 3106 3856 illatam
3156 3810 3454 3871 conquesta
3496 3812 3601 3870 est,

2015 3892 2126 3960 qui,
2159 3900 2217 3944 ut
2267 3890 2428 3944 filiam
2471 3890 2668 3960 injuria
2710 3890 2958 3946 affectam
3012 3892 3402 3958 ulcisceretur,
3455 3895 3599 3948 omni

2020 3981 2217 4053 populo
2261 3997 2361 4035 suo
2411 3993 2738 4052 congregato
2781 3993 2971 4036 contra
3014 3983 3189 4052 ipsum
3236 3982 3288 4036 in
3322 3991 3600 4037 certamen

2019 4074 2322 4138 descendit,
2359 4087 2686 4142 omnemque
2733 4073 2852 4142 ejus
2897 4073 3196 4128 exercitum
3243 4073 3460 4137 delevit,
3493 4081 3603 4127 ter-

2017 4179 2244 4234 ramque
2285 4167 2402 4231 ejus
2455 4165 2576 4234 igne
2625 4175 2844 4220 vastans
2875 4165 3207 4234 subjugavit.
3263 4162 3368 4219 Sed
3420 4180 3490 4220 ne
3521 4164 3602 4221 sic

2015 4258 2231 4326 quidem
2267 4256 2502 4312 llerodes
2529 4257 2861 4328 improbitati
2897 4260 3111 4312 modum
3139 4257 3323 4327 posuit
3348 4257 3420 4310 ³⁸.

329 4375 422 4428 καὶ
447 4373 546 4444 τὴν
586 4367 769 4441 χώραν
803 4362 967 4419 αὐτοῦ
998 4361 1130 4434 πυρὶ
1175 4359 1446 4432 παραδοὺς
1482 4357 1922 4429 ᾐχμαλώτευσεν.
1973 4353 2117 4407 Ἀλλ’
2142 4353 2264 4408 οὐδὲ
2313 4352 2485 4418 οὕτως
2533 4354 2811 4409 επαύσατο
2851 4356 2879 4408 6
2909 4353 3153 4425 Ἡρώδης
3210 4355 3310 4426 τῆς
3341 4349 3604 4424 πονηρίας

326 4465 516 4524 αὐτοῦ.

401 4563 491 4615 Ἐν
524 4559 632 4612 ἔτει
676 4556 732 4609 δὲ
780 4551 924 4606 ὀκτὼ
951 4549 1045 4604 καὶ
1086 4546 1296 4616 δεκάτῳ
1324 4543 1574 4614 Τιϐερίου
1606 4541 1906 4618 Καίσαρος,

2085 4540 2241 4592 Anno
2263 4545 2442 4590 autem
2477 4533 2684 4588 decimo
2717 4544 2910 4587 octavo
2937 4531 3140 4586 Tiberii
3185 4530 3449 4592 Ctesaris,
3497 4527 3599 4585 lle-

343 4651 583 4724 Ἡρώδου
617 4648 674 4701 δὲ
710 4643 970 4714 εἰκοστῷ,
1003 4637 1427 4712 ἡγεμονεύοντος
1471 4634 1700 4690 Ποντίου
1747 4633 1913 4687 Πιλά-

330 4763 426 4799 του
476 4745 572 4814 τῆς
608 4739 894 4820 Ἰουδαίας,
928 4736 1118 4805 γέγονε
1171 4731 1231 4784 τὸ
1277 4731 1544 4800 σωτήριον
1588 4727 1761 4820 πάθος

337 4833 638 4905 δεκατριῶν
687 4816 978 4886 καλανδῶν
1015 4821 1362 4895 Ἀπριλλίων.
1392 4819 1636 4874 Πέπονθε
1668 4819 1723 4872 δὲ
1755 4821 1782 4872 ὁ
1807 4816 1918 4870 Κύ-

341 4943 454 4998 ριος
504 4923 662 4995 ἡμῶν
692 4920 900 4992 Ἰησοῦς
946 4917 1180 4988 Χριστὸς
1232 4913 1374 4984 ὑπὲρ
1425 4912 1583 4984 ἡμῶν
1631 4909 1915 4974 ἑκουσίως,

338 5020 470 5084 Θεὸς
516 5017 591 5073 ὢν
636 5014 889 5087 ἀληθινὸς
933 5012 1028 5066 καὶ
1073 5008 1391 5080 ἄνθρωπος,
1422 5006 1532 5062 τῶν
1558 5008 1616 5061 ὲν
1646 5003 1794 5075 αὐτῷ
1825 5002 1918 5056 δύο

2015 4622 2304 4683 τοιιίενειό
2319 4625 2594 4692 vicesimo,
2615 4624 2939 4695 praesidente
2965 4621 3163 4679 Judzeae
3185 4619 3374 4675 Pontio
3402 4619 3599 4688 Pilato,

2014 4719 2266 4775 salutaris
2286 4715 2487 4771 Christi
2515 4717 2695 4785 passio
2721 4725 2804 4770 est
2823 4721 3154 4785 perpetrata,
3195 4712 3410 4766 decimo
3441 4711 3602 4765 tertio

2015 4814 2285 4871 Kalendas
2315 4811 2538 4882 Aprilis.
2567 4809 2766 4864 Passus
2793 4818 2878 4863 est
2901 4820 3084 4863 autem
3119 4806 3383 4862 Dominus
3416 4815 3604 4859 noster

2015 4906 2173 4962 Jestts
2214 4905 2498 4969 Christus,
2542 4917 2642 4973 pro
2693 4911 2877 4956 nostra
2921 4901 3116 4966 salute,
3169 4909 3362 4968 sponte
3403 4885 3604 4950 sua'ac

2021 4997 2318 5064 voluntate,
2343 4995 2484 5050 Deus
2515 5007 2678 5048 verus
2707 5002 2870 5062 atque
2895 4991 3058 5046 homo
3081 4990 3371 5050 exsistcns,
3396 4982 3604 5040 duabus

411 5200 455 5234 ³⁸
482 5198 610 5256 Luc.
639 5213 722 5265 Ill,
779 5198 806 5250 1
842 5209 996 5265 seqq.
1077 5194 1121 5226 ¹⁰
1154 5191 1196 5246 11
1239 5191 1364 5247 Cor.
1398 5203 1474 5255 XI,
1506 5185 1596 5241 5'2.
1674 5182 1718 5215 ²⁰
1747 5177 2036 5249 llegesipp.
2070 5175 2163 5230 lib.
2193 5191 2254 5242 ιι,
2294 5189 2343 5229 c.
2411 5172 2476 5227 12
2505 5190 2520 5239 ;
2547 5172 2768 5241 Joseph.
2815 5167 2910 5223 lib.
2941 5179 3099 5229 xvtn,
3156 5177 3276 5233 cap.
3313 5159 3367 5214 7.

1855 5289 2090 5346 NOTAE.

413 5407 528 5482 (65)
562 5406 718 5482 Sch._
720 5407 1018 5482 τριάκοντα
1045 5401 1140 5455 atati.
1161 5399 1302 5454 ἑπτὰ
1330 5397 1427 5467 ετη
1458 5388 1918 5482 διακράτησαςῌξγ

342 5459 920 5552 ΤΤτίςίηια
955 5481 1004 5528 et
1033 5482 1224 5552 septem
1249 5459 1434 5552 manus
1483 5459 1920 5552 regnant-'tneﬁuft;

2027 5387 2174 5439 nium
2223 5382 2484 5452 sequitur,
2517 5380 2632 5452 qui
2689 5375 2828 5430 idem
2891 5368 3115 5452 tradidit
3297 5374 3509 5452 tatem:
3560 5365 3600 5452 ί,

2180 5436 2242 5507 2i
2263 5436 2276 5438 “
2303 5436 2571 5513 ]›ηηα,ἷίὶ,’
2592 5459 2824 5525 (ωσι-ιιιὲ
2865 5439 3135 5525 sententia
3189 5436 3446 5525 Christus
3475 5439 3608 5525 duos

1025 5505 1447 5616 satiust;
1483 5505 1925 5616 'az:-:ce"'v'au'~sra
2031 5505 2732 5616 ..ἰῇ
2760 5511 3015 5616 exva.
3055 5506 3446 5616 '1‘.‘.‘.‘.‘.?.‘.".£"',§’:.‘
3461 5505 3606 5616 aa

347 5576 710 5675 ἓῦίῖῗοτιιξὶιίὲίῇ
734 5576 837 5670 geli.
861 5576 974 5668 "flia
1384 5576 1926 5675 reg‘ewlvjat‘.‘
2032 5576 2135 5650 non
2174 5593 2369 5675 placet.
2398 5590 2530 5675 Yitle
2560 5579 3235 5675 Barun.Aluvl'ﬁil-"flllfilll
3277 5587 3331 5631 ει
3371 5576 3438 5630 de
3461 5576 3605 5644 aliis:

899 5647 1060 5749 16:13:!
1081 5647 1926 5749 Circi-stunt
2033 5647 2152 5736 quae
2175 5647 2486 5717 'Alexandcr
2521 5664 2728 5719 narrat,
2763 5650 3016 5705 consulas
3041 5647 3184 5702 licet.

351 5739 988 5829 tis—Egv—ptorreversuwtn
1023 5753 1187 5808 fuisse
1228 5749 1618 5818 quadrieuncn't
1647 5781 1662 5808 ,
1693 5739 1928 5810 Epipha-
