4036 6226
332 313 474 374 41337

1309 306 1406 366 DE
1450 301 1920 367 lNVENTIONE
1952 301 2256 363 SANCT/E
2296 303 2593 366 CRUCIS.

3451 304 3597 368 4033

330 427 608 498 πανταχοῦ
631 428 688 480 τὸ
706 425 892 496 θαῦμα
919 423 1320 498 κηρυττόντων,
1349 422 1555 494 καίπερ
1581 422 1836 486 λαῦόντες
1859 422 1910 474 ἐν

2029 429 2174 475 tanta
2224 435 2352 476 eura
2414 420 2724 490 sepulcrum
2771 420 3118 485 obsederint,
3175 420 3599 492 haudquaquam

331 520 441 573 τῶν
476 517 778 590 ἀρχιερέων
813 517 1074 588 χρήματα
1105 516 1205 568 οὐκ
1232 513 1413 582 ὀλίγα.

2027 511 2187 564 dubia
2227 510 2559 565 resurrectio
2602 511 2797 575 evasit,
2833 509 3095 567 militibus
3137 509 3332 579 ubique
3355 527 3466 566 rem
3492 523 3600 568 tam

332 617 650 685 stupendum
749 611 1256 684 promulgantibus,
1301 609 1460 676 licet,
1514 617 1573 663 ut
1623 616 1884 672 tacerent,
1925 621 1956 662 a
2028 605 2259 661 summis
2329 606 2706 661 sacerdotibus
2768 619 2872 659 non
2927 620 3094 676 parvo
3144 606 3319 676 pretio
3372 607 3602 663 fuissent

331 711 603 766 conducti.

405 800 511 855 Τοῦ
543 801 600 855 δὲ
632 801 838 873 Κυρίου
867 799 1275 870 ἀναληφθέντος
1305 800 1400 854 καὶ
1442 798 1740 870 θαυμάτων
1769 797 1926 868 μεγί-

336 911 476 949 στων
508 894 618 965 (40)
650 893 1084 962 ἐπιτελουμένων
1117 892 1210 945 ἐπὶ
1260 891 1340 962 τῷ
1377 891 1606 964 ὀνόματι
1639 890 1802 944 αὑτοῦ
1837 890 1923 943 διὰ

334 986 441 1040 τῶν
486 987 646 1058 ἱερῶν
691 985 1007 1041 ἀποστόλων
1032 1026 1047 1051 ,
1077 985 1240 1041 πάλιν
1273 984 1582 1056 διεπρίοντο
1618 985 1677 1037 ὲν
1711 983 1924 1046 ἑαυτοῖς

334 1080 383 1131 oi
427 1081 737 1150 ἀρχιερεῖς,
791 1078 1083 1147 λέγοντες·
1143 1077 1209 1130 Τί
1271 1077 1605 1148 ποιήσομεν;
1675 1075 1757 1128 ὃτι
1825 1075 1925 1146 μὲν

336 1172 443 1240 γὰρ
474 1173 676 1240 σημεῖα
702 1171 797 1225 καὶ
824 1171 1032 1241 τέρατα
1063 1169 1279 1241 μεγάλα
1304 1167 1679 1223 ἐπιτελοῦνται
1707 1167 1797 1220 διὰ
1830 1165 1924 1218 τοῦ

336 1263 597 1331 ὀνόματος
643 1262 736 1315 τοῦ
774 1262 951 1333 Ἰησοῦ
983 1262 1088 1315 ὑπὸ
1114 1261 1224 1315 τῶν
1275 1261 1441 1316 αὐτοῦ
1478 1258 1758 1331 μαθητῶν,
1789 1261 1924 1313 πᾶσι

339 1353 589 1424 φανερὸν,
611 1355 704 1406 καὶ
721 1353 780 1407 οὐ
803 1352 1078 1424 δυνάμεθα
1101 1352 1462 1424 ἀρνήσασθαι,
1485 1352 1600 1406 ἀλλ’
1627 1353 1714 1406 ἴνα
1734 1352 1808 1422 μὴ
1833 1351 1926 1404 ἐπὶ

339 1444 500 1498 πλέον
542 1444 842 1516 διανεμηθῇ
896 1445 975 1509 είς
1022 1443 1122 1508 τὰς
1180 1444 1476 1516 μετέπειτα
1526 1442 1741 1512 γενεὰς,
1771 1442 1925 1496 δεῦτε

336 1537 631 1607 κρύψωμεν
656 1537 746 1591 τὸν
769 1539 932 1594 τόπον
958 1539 1054 1609 τῆς
1083 1537 1262 1607 ταφῆς
1293 1535 1478 1591 αὐτοῦ.
1497 1534 1624 1589 Ἐὰν
1655 1535 1763 1606 γὰρ
1795 1535 1917 1588 ίδω-

337 1647 420 1682 σιν
454 1632 503 1682 οἱ
530 1629 647 1682 λαοὶ
677 1628 830 1683 κενὸν
855 1630 945 1686 τὸν
977 1630 1168 1699 τάφον,
1195 1630 1395 1693 πάντες
1427 1630 1806 1683 πιστεύσουσιν
1835 1629 1916 1692 είς

2095 796 2385 868 Postquam
2425 803 2603 848 autem
2658 793 2921 846 Dominus
2954 792 3007 846 in
3051 792 3245 847 cmlum
3289 801 3602 864 assumptus

2022 893 2240 959 fuisset,
2300 903 2352 946 et
2400 891 2634 945 maxima
2677 889 2935 942 miracula
2997 888 3049 943 in
3093 889 3310 944 nomine
3357 891 3524 958 ipsius
3570 904 3601 944 a

2021 984 2228 1040 sanctis’
2274 984 2529 1054 apostolis
2569 983 3022 1051 designarentur,
3064 997 3252 1036 rursus
3294 983 3489 1037 summi
3514 997 3602 1037 sa-

2021 1077 2272 1131 cerdotes
2335 1073 2517 1127 furore
2570 1073 2806 1141 correpti
2865 1081 3026 1138 sunt,
3087 1073 3327 1127 dicentes
3391 1091 3404 1128 :
3463 1073 3601 1139 Quid

2026 1166 2352 1223 faciemus?
2405 1165 2559 1235 signa
2616 1164 2760 1218 enim
2825 1165 3179 1233 mirandaque
3225 1165 3489 1234 prodigia,
3546 1166 3601 1220 in

2023 1261 2240 1319 nomine
2271 1259 2418 1325 Jesn,
2455 1259 2521 1313 ab
2551 1258 2667 1328 ejus
2694 1255 2973 1325 discipulis
3001 1257 3114 1313 fieri
3145 1256 3368 1312 omnino
3393 1258 3600 1311 clarum

2022 1364 2126 1417 est,
2175 1367 2350 1420 neque
2390 1351 2534 1404 enim
2585 1350 2635 1405 id
2673 1363 2875 1420 negare
2907 1363 3242 1417 possumus;
3299 1363 3482 1402 verum
3535 1363 3603 1402 ne

2023 1441 2250 1510 amplius
2309 1440 2360 1493 id
2387 1441 2438 1493 in
2465 1441 2673 1494 futuras
2709 1441 3086 1508 generationes
3117 1439 3468 1503 diffundatur,
3508 1454 3604 1494 ve-

2025 1535 2160 1598 nite,
2208 1533 2540 1587 occultemus
2591 1531 2770 1586 locum
2822 1531 3114 1600 sepulturae
3164 1531 3305 1600 ejus.
3348 1531 3404 1586 Si
3457 1531 3602 1584 enim

2021 1623 2204 1691 populi
2262 1621 2499 1676 viderint
2561 1635 2790 1674 vacuum
2843 1620 3173 1689 sepulcrum,
3241 1634 3428 1673 omnes
3479 1633 3602 1673 cre-

333 1720 516 1774 αὐτόν.
553 1721 686 1776 Τότε
717 1721 1006 1775 ἐκέλευσαν
1039 1721 1313 1793 χωσθῆναι
1345 1722 1435 1774 τὸν
1463 1721 1633 1790 τάφον
1679 1720 1774 1774 καὶ
1822 1720 1910 1772 τὸν

2021 1717 2148 1769 dent
2195 1714 2247 1767 in
2308 1713 2478 1767 illtuu.
2541 1712 2694 1766 Tunc
2752 1713 3033 1782 jusserunt
3084 1711 3237 1766 obrui
3297 1711 3601 1779 sepulcrum

332 1809 494 1864 τόπον
520 1811 612 1864 τοῦ
644 1811 902 1881 Κρανίου,
933 1816 991 1865 ὲν
1097 1791 1342 1884 ὑπῆρχεν
1370 1814 1398 1866 ὁ
1424 1810 1724 1880 ἀγιώτατος
1746 1829 1910 1865 σταυ-

2013 1806 2298 1874 locumque
2327 1805 2611 1870 Calvariac,
2645 1805 2697 1859 in
2736 1820 2843 1874 quo
2871 1803 3216 1858 sanctissima
3249 1818 3381 1856 crux
3409 1803 3598 1872 jacuc-
3658 1829 3668 1843 ι

335 1900 444 1973 ρδς,
479 1901 548 1954 τὰ
569 1903 666 1972 τῆς
699 1903 972 1974 σωτηρίας
994 1906 1194 1973 σημεῖα
1217 1903 1354 1977 λήθῃ
1383 1902 1718 1974 παραδοῦναι
1767 1904 1910 1973 φιλο-

331 1992 658 2057 νεικοῦντες.
683 1995 795 2048 Καὶ
821 1994 960 2065 αὕτη
986 1995 1086 2064 μέν
1119 1997 1272 2048 ἐστιν
1296 1997 1328 2066 ἡ
1363 1995 1596 2066 κακίστη
1631 1995 1907 2066 συμϐουλὴ

328 2081 439 2136 τῶν
468 2085 800 2155 παρανόμων
838 2084 1122 2140 Ἰουδαίων.
1142 2086 1200 2139 Ὁ
1222 2086 1279 2140 δὲ
1306 2086 1438 2149 Θεὸς
1468 2088 1649 2144 πάντα
1672 2089 1908 2159 συνεχώ-

242 2225 244 2227 μ
331 2185 496 2239 ρησεν
519 2171 702 2235 αὐτοῖς
728 2171 976 2240 ποιῆσαι,
995 2173 1183 2243 σαφῶς
1207 2173 1508 2244 οίκονομῶν
1529 2176 1596 2230 τὰ
1625 2177 1905 2245 μέλλοντα.

339 2259 558 2331 Ἐπειδὴ
587 2261 696 2334 γὰρ
729 2263 953 2333 ἔμελλεν
983 2266 1016 2337 ὴ
1049 2265 1200 2330 πόλις
1230 2267 1585 2338 ἐρημωθῆναι
1637 2269 1730 2324 καὶ
1776 2271 1910 2340 πυρὶ

328 2353 719 2424 παραδοθῆναι,
752 2355 1128 2427 συνεχώρησεν
1149 2359 1178 2410 ό
1200 2357 1334 2422 Θεὸς
1349 2359 1617 2430 κρυϐῆναι
1644 2362 1780 2433 πρὸς
1803 2361 1912 2416 ὀλί-

327 2459 422 2512 γον
449 2443 508 2496 rb
527 2443 784 2508 ζωοποιδν
807 2446 961 2514 ξύλον
991 2449 1088 2503 καὶ
1113 2449 1213 2520 τὴν
1240 2448 1450 2514 ἔνδοξον
1475 2451 1797 2517 ἀνάστασιν,
1822 2453 1912 2510 ἵνα

330 2534 408 2604 μὴ
439 2536 498 2588 ὲν
529 2539 594 2606 τῇ
627 2536 934 2610 ἀναστασίᾳ
982 2539 1089 2594 ὑπὸ
1122 2539 1394 2596 Ἰουδαίων
1429 2544 1524 2596 καὶ
1574 2543 1744 2598 ἐθνῶν
1776 2546 1911 2617 πυρὶ

326 2626 373 2678 oi
406 2625 560 2679 τόποι
593 2629 992 2698 παραδοθῶσινο
1032 2631 1148 2704 ᾔδει
1181 2633 1286 2704 γὰρ
1315 2635 1372 2686 ὲν
1408 2624 1484 2704 τῷ
1516 2635 1682 2693 δέοντι
1735 2637 1911 2709 καιρῷ

328 2719 468 2789 μετὰ
491 2717 646 2792 δόξης
677 2721 876 2792 πολλῆς
906 2723 1388 2796 άναδειχθήσεσθαι
1419 2726 1704 2798 μέλλοντα.

407 2891 466 2945 '0
487 2892 542 2946 δὲ
570 2893 799 2959 Πιλάτος
822 2897 999 2950 πάντα
1026 2897 1096 2953 τὰ
1127 2901 1491 2970 πεπραγμένα
1521 2903 1612 2956 ἐπὶ
1634 2903 1728 2956 τοῦ
1754 2920 1915 2957 σταυ.

327 2981 420 3052 ροῦ
452 2984 700 3056 ἀνήγαγε
727 2986 805 3057 τῷ
834 2987 1097 3059 Καίσαρι,
1142 2991 1237 3044 καὶ
1266 2992 1348 3044 ὄτι
1377 2995 1405 3045 ὁ
1437 2996 1770 3064 σταυρωθεὶς
1803 2997 1912 3067 Ἰη-

327 3075 471 3140 σοῦς,
504 3077 532 3128 ὁ
581 3077 872 3147 λεγόμενος
919 3080 1186 3150 Χριστὸς,
1225 3084 1424 3156 ἀνέστη
1468 3088 1790 3158 τριήμερος,
1819 3089 1914 3143 καὶ

325 3164 605 3238 θαυμάσια
639 3171 852 3241 μεγάλα
881 3173 1254 3228 ἐπιτελοῦνται
1276 3177 1380 3230 ὑπὸ
1407 3178 1515 3232 τῶν
1539 3181 1703 3233 αὐτοῦ
1732 3181 1913 3253 μαθη-

322 3257 432 3311 τῶν
459 3259 516 3312 ὲν
549 3261 624 3330 τῷ
655 3261 880 3334 ὀνόματι
912 3265 1096 3321 αὑτοῦ.
1128 3265 1380 3339 Τιϐέριος
1398 3271 1719 3337 δὲ,άκούσας
1739 3273 1911 3327 ταῦτα

321 3347 420 3402 καὶ
455 3349 763 3422 θαυμάσας,
801 3355 1056 3410 ἐπίστευε
1077 3358 1154 3429 τῷ
1179 3360 1369 3431 Κυρίῳ
1396 3362 1491 3414 καὶ
1523 3362 1775 3416 ἐϐούλετο
1801 3383 1911 3418 πα-

325 3441 584 3511 ραχρῆμα
617 3443 806 3498 τοῦτον
856 3445 946 3500 διὰ
997 3447 1278 3518 βασιλικοῦ
1323 3450 1497 3504 τύπου
1546 3454 1910 3524 ἀναγορεῦσαι

321 3533 474 3588 Θεόν.
493 3535 868 3612 Ἀντεπράχθη
896 3537 968 3593 δὲ’
989 3541 1093 3595 ὑπὸ
1129 3541 1232 3613 τῆς
1260 3541 1396 3607 ίδίας
1433 3543 1761 3614 συγκλήτου,
1795 3563 1910 3616 μω-

325 3624 445 3695 ρίαν
473 3626 650 3697 ήγησα
659 3629 825 3698 μένης
850 3631 940 3683 τὸν
964 3631 1119 3700 λόγον
1139 3633 1233 3687 τοῦ
1262 3651 1395 3687 σταυ
1407 3636 1521 3706 ροῦ.
1538 3637 1596 3688 '0
1615 3636 1672 3688 δὲ
1694 3638 1910 3708 Καῖσαρ

324 3716 544 3785 ἐκράτει
579 3718 669 3771 τὸν
695 3719 853 3788 λόγον
875 3723 1040 3775 αὑτοῦ
1064 3725 1122 3777 ὲν
1142 3727 1208 3795 τῇ
1237 3725 1435 3795 καρδίᾳ
1465 3726 1652 3790 αὐτοῦ,
1681 3729 1909 3792 καὶτοῖς

323 3807 669 3862 διαϐάλλουσι
717 3811 1081 3884 Χριστιανοὺς
1121 3814 1341 3885 ὀλεθρον
1388 3817 1674 3888 ἠπείλησε.
1703 3817 1909 3872 Μαθὼν

321 3894 380 3948 δὲ
426 3896 506 3949 ὅτι
541 3897 785 3968 Ἡρώδης
835 3900 1123 3971 συνῄνεσεν
1157 3903 1235 3966 εἰς
1265 3904 1358 3957 τὸν
1386 3906 1613 3960 θάνατον
1641 3906 1735 3961 τοῦ
1768 3909 1907 3980 Χρι-

323 3988 484 4056 στοῦ,
515 3990 609 4043 καὶ
637 3989 716 4044 ὅτι
750 3991 838 4045 διὰ
861 3992 962 4064 τῆς
991 3993 1248 4065 ἀθεμίτου
1295 3997 1459 4051 αὐτοῦ
1514 3999 1760 4070 μοιχείας
1810 4001 1909 4070 τῆς

323 4081 402 4143 είς
423 4079 523 4152 τὴν
554 4079 856 4152 Ἡρωδιάδα
888 4079 1034 4137 κακὰ
1055 4080 1235 4137 πολλὰ
1265 4085 1480 4155 ἐγένετο
1506 4089 1647 4142 κατὰ
1675 4089 1774 4159 τὴν
1801 4088 1908 4160 χὼ-

324 4190 424 4252 ραν
447 4174 682 4246 ἐκείνην,
716 4176 810 4230 καὶ
843 4176 926 4230 ὅτι
964 4178 1220 4250 Ἰωάννην
1252 4180 1343 4233 τὸν
1379 4181 1709 4253 Βαπτιστήν,
1735 4183 1905 4253 ἄνδρα

323 4263 529 4319 δίκαιον
553 4265 702 4332 ὄντα,
725 4267 814 4322 διὰ
838 4268 930 4322 τὸν
955 4267 1175 4339 ἔλεγχον
1196 4269 1295 4342 τῆς
1316 4272 1662 4343 παρανομίας
1683 4273 1905 4342 ἐφόνευ-

323 4373 403 4420 σε,
431 4356 549 4411 λίαν
589 4359 960 4431 ἠγανάκτησε.
1005 4360 1116 4412 Καὶ
1163 4361 1326 4416 αὐτὸν
1373 4362 1592 4434 δέσμιον
1635 4363 1773 4434 μετὰ
1801 4363 1905 4435 τῆς

2011 1908 2127 1964 rat,
2169 1899 2283 1952 haec
2318 1897 2511 1952 salutis
2561 1898 2716 1964 signa
2761 1895 3017 1951 oblivioni
3055 1893 3316 1948 mandare
3371 1905 3601 1947 conten-

2008 1991 2224 2046 dentes.
2269 1991 2446 2058 Atque
2501 1989 2602 2042 hoc
2643 1987 2748 2042 fuit
2793 1988 3083 2057 pessimum
3126 1986 3602 2055 przcvaricatmnm

2007 2082 2315 2137 Judmorum
2375 2081 2685 2136 consilium.
2724 2080 2793 2133 At
2827 2093 2958 2134 vero
2992 2077 3135 2132 Deus
3167 2086 3366 2130 cuncta
3396 2076 3465 2130 ab
3495 2075 3603 2130 illis

2008 2175 2125 2230 ﬁeri
2158 2173 2438 2245 permisit,
2490 2172 2782 2241 prudenter
2819 2171 3038 2225 interim
3081 2169 3258 2222 futura
3286 2169 3598 2237 disponens.

2010 2264 2451 2334 Quandoquidem
2498 2264 2690 2318 civitas
2714 2262 2826 2331 jam
2876 2271 2993 2316 erat
3034 2259 3392 2322 devastanda,
3434 2267 3600 2328 atque

2011 2358 2119 2427 igni
2164 2357 2598 2424 conflagratum,
2663 2354 2939 2410 concessit
2995 2352 3139 2406 Deus
3204 2352 3477 2406 viviﬂcum
3539 2351 3602 2404 li-

2011 2463 2174 2519 gnum
2224 2447 2512 2516 locumque
2538 2445 2784 2514 gloriosa:
2810 2443 3227 2499 resurrectionis
3252 2443 3317 2496 ad
3344 2443 3597 2511 exiguum

2014 2549 2226 2607 tempus
2263 2535 2549 2599 occultari,
2598 2551 2665 2590 ne
2703 2537 2754 2589 in
2795 2546 2942 2589 tanta
2971 2550 3149 2588 rerum
3199 2532 3516 2588 confusione
3567 2548 3599 2586 a

2010 2626 2212 2682 Jutluris
2267 2628 2346 2681 vel
2393 2627 2686 2697 gentilibus
2728 2626 2835 2698 igni
2875 2627 2988 2681 hate
3038 2626 3152 2680 loca
3204 2626 3597 2692 traderentur;

2011 2735 2132 2790 quae
2171 2731 2415 2789 tempore
2461 2728 2766 2788 opportuno
2804 2733 2997 2789 magna
3033 2717 3203 2788 gloria
3241 2727 3402 2773 erant
3441 2733 3601 2773 reve-

2014 2812 2196 2866 lauda.

2083 2903 2314 2974 Jamque
2371 2903 2583 2957 Pilatus
2648 2903 2714 2957 ad
2770 2912 3088 2973 perpetuam
3144 2903 3220 2960 rei
3279 2901 3597 2958 memoriam

2015 3004 2232 3060 cuncta,
2260 3010 2379 3064 qua:
2402 2995 2466 3049 de
2485 3010 2646 3050 cruce
2662 2995 2994 3060 acciderant,
3020 2997 3085 3049 ad
3106 2991 3376 3050 Caesarem
3412 3004 3599 3049 trans-

2016 3084 2258 3148 miserat,
2285 3099 2477 3154 nempe
2501 3085 2688 3140 Jesum
2720 3087 2812 3154 qui
2842 3085 3125 3139 dicebatur
3145 3085 3418 3150 Christus,
3449 3095 3600 3147 post-

2015 3191 2177 3245 quam
2218 3191 2341 3230 eum
2387 3178 2533 3230 cruci
2589 3175 2920 3231 sumsisseut
2949 3175 3140 3240 Judari,
3201 3177 3362 3232 tertia
3389 3176 3476 3232 die
3507 3191 3597 3231 re-

2013 3266 2342 3330 surrexisse,
2361 3268 2613 3338 quodque
2633 3267 2897 3336 stupenda
2923 3269 3168 3336 quaedam
3191 3281 3255 3323 ac
3281 3276 3596 3337 portentosa

2010 3356 2066 3411 in
2121 3357 2240 3427 ejus
2285 3358 2502 3412 nomine
2553 3357 2744 3412 fierent
2773 3359 2841 3411 “.
2895 3358 3023 3424 Quae
3053 3359 3302 3414 Tiberius
3345 3359 3592 3423 audiens,

2011 3449 2421 3518 admiratusque
2453 3491 2468 3517 ,
2514 3450 2740 3504 Domino
2801 3451 3066 3514 credidit,
3116 3451 3411 3519 statimque
3468 3464 3594 3502 eum

2013 3540 2276 3604 decrevit,
2332 3556 2483 3595 more
2531 3543 2699 3610 regio,
2749 3541 2916 3594 Deum
2960 3541 3258 3605 declarare,
3297 3541 3382 3594 cui
3411 3541 3513 3593 hac
3539 3540 3595 3595 In

1975 3634 2070 3684 ‘re
2100 3645 2130 3684 a
2171 3643 2359 3685 senatu
2391 3642 2754 3701 repugnatum
2787 3640 2889 3693 est,
2915 3631 3198 3686 stultitiam
3222 3631 3590 3696 existimaute,

2011 3735 2130 3790 qua:
2163 3722 2230 3775 de
2277 3736 2438 3775 cruce
2480 3722 2817 3777 ferebantur.
2851 3721 3034 3776 Caesar
3066 3731 3249 3776 tamen
3276 3722 3439 3776 fixam
3466 3737 3594 3776 seno

2012 3813 2238 3865 tentiam
2282 3811 2336 3864 in
2368 3801 2555 3867 animo
2583 3827 2683 3866 suo
2729 3812 2974 3878 retinuit,
3012 3822 3240 3867 mortem
3267 3812 3592 3868 intermina.

2010 3911 2120 3968 tus,
2169 3903 2480 3971 quicunque
2519 3903 2862 3958 Christianos
2902 3904 3083 3974 aliqua
3116 3905 3383 3960 calumnia
3412 3906 3597 3973 impe-.

2009 4005 2129 4051 tere
2172 3997 2289 4050 ausi
2323 4005 2509 4051 essent
2535 3997 2604 4050 ".
2647 3995 2893 4064 Cumque
2923 3995 3282 4052 intellexisset
3315 3996 3585 4054 Herodem

2008 4087 2175 4144 etiam
2230 4087 2285 4142 in
2334 4096 2564 4143 mortem
2611 4088 2818 4143 Christi
2859 4090 3228 4154 consensisse,
3280 4099 3335 4145 et
3365 4097 3588 4159 promer

2009 4177 2278 4233 nefarium
2334 4177 2454 4249 ejus
2518 4178 2883 4245 adulterium,
2945 4179 3084 4232 mala
3137 4194 3298 4248 quam
3351 4178 3582 4248 plurima

2006 4265 2255 4323 evenisse
2299 4267 2353 4322 in
2395 4265 2602 4332 Judaea,
2637 4277 2696 4323 et
2739 4267 3001 4322 Joannem
3039 4268 3362 4337 Baptistam,
3407 4269 3587 4322 virmn

2001 4358 2232 4428 justum,
2285 4360 2426 4428 quod
2458 4361 2630 4428 ipsum
2671 4359 3032 4429 improbitatis
3073 4372 3185 4412 suae
3227 4359 3583 4429 coargnisset,

323 4449 628 4519 μοιχαλίδος
671 4451 753 4514 είς
783 4450 1002 4522 Ῥώμην
1049 4451 1413 4525 ἀπενεχθῆναι
1458 4455 1707 4508 ἐκέλευσε
1733 4495 1750 4520 ,
1803 4457 1898 4512 καὶ

2012 4454 2298 4520 occidisse,
2333 4454 2637 4509 vehementi
2683 4455 2736 4508 in
2783 4453 2955 4522 ipsum
2999 4453 3078 4507 ira
3115 4455 3420 4508 concitatus
3459 4463 3582 4518 est,

319 4540 610 4612 γυμνώσας
653 4542 816 4596 αὐτὸν
863 4543 962 4614 τῆς
990 4543 1168 4616 ἀρχῆς
1213 4547 1310 4600 καὶ
1355 4545 1653 4616 δημεύσας,
1699 4546 1796 4602 σὺν
1829 4554 1895 4620 τῇ

330 4629 616 4702 Ἡρωδιάδι
651 4633 1011 4704 παρέπεμψεν
1037 4635 1312 4707 ἐξόριστον
1331 4638 1410 4700 είς
1428 4636 1728 4703 Ἱσπανίους
1748 4639 1892 4715 (41),

320 4725 542 4779 κάκεῖσε
591 4725 682 4779 τδν
717 4721 832 4796 βίιν
861 4726 1114 4797 χαλεπῶς
1161 4726 1521 4799 κατέστρεψε.
1558 4729 1667 4800 Τὴν
1704 4730 1760 4784 δὲ
1793 4747 1896 4785 κα·-

320 4813 429 4877 κῶς
459 4815 843 4886 ὀρχησαμένην
891 4817 1058 4888 κόρην
1107 4819 1365 4872 κατέπιεν
1408 4819 1441 4890 ἡ
1476 4819 1568 4889 γῆ,
1601 4820 1680 4872 ἐτι
1715 4818 1898 4890 ζώσης

321 4908 414 4977 τῆς
449 4908 858 4980 γεννησαμένης
885 4895 1119 4982 ἐχίδνης.

385 5175 647 5237 Ἀπέθανε
673 5178 768 5236 καὶ
789 5179 1037 5252 Τιϐέριος
1068 5180 1388 5252 βασιλεύσας
1418 5181 1513 5252 ἔτη
1542 5181 1894 5246 κδ’,καὶέϐα-

320 5270 532 5329 σίλευσε
564 5271 724 5335 Γάϊος
751 5273 867 5326 ἀντ’
901 5273 1066 5327 αὑτοῦ
1094 5273 1191 5345 ἐτη
1215 5274 1475 5346 τέσσαρα.
1507 5268 1674 5336 Οὗτος
1699 5269 1770 5343 ἦν
1802 5275 1894 5328 ἀν-

386 5411 697 5537 ’ἑοτοτιιιιλ
729 5413 884 5482 Apol.
919 5430 1038 5484 cap.
1077 5415 1132 5470 5.

315 5505 368 5540 Co
406 5505 491 5537 Ζυο

1249 5416 1293 5446 ’⁸
1326 5413 1495 5470 Aliter
1529 5411 1754 5482 Josclolt.
1790 5413 1880 5469 lib.
1932 5432 2089 5485 xvm,
2136 5437 2256 5492 cap.
2301 5421 2354 5478 9.

2000 4547 2355 4616 vinctumque
2406 4545 2633 4602 Romam
2673 4561 2793 4601 cum
2845 4544 3087 4600 adultera
3132 4545 3353 4614 perduci
3397 4545 3579 4614 jubet,

1999 4648 2278 4704 regnoque
2327 4649 2552 4699 exuens,
2597 4637 2844 4704 bonaque
2885 4632 3004 4702 ejus
3046 4633 3424 4702 proscribens,
3473 4649 3577 4687 una

1998 4743 2121 4783 cum
2174 4727 2506 4792 Herodiade,
2557 4728 2752 4783 exsilio
2800 4727 3131 4792 multatum,
3175 4727 3228 4780 in
3295 4726 3580 4796 Hispanias

1999 4823 2167 4889 misit,
2211 4823 2298 4878 ubi
2342 4825 2396 4877 in
2437 4823 2665 4878 summis
2713 4836 2895 4876 rerum
2946 4818 3213 4890 angustiis
3251 4819 3416 4873 vitam
3460 4821 3579 4872 liui-e

1996 4916 2096 4971 vit.
2144 4915 2385 4970 Puellam
2436 4927 2636 4978 autetn,
2688 4929 2808 4984 quae
2849 4913 3112 4970 scelerate
3150 4927 3213 4967 ac
3247 4911 3452 4966 nefarie
3483 4913 3580 4963 tri.

1999 5007 2332 5075 pudiaverat,
2382 5017 2521 5061 terra
2573 5004 2865 5074 absorpsit,
2896 5005 3014 5059 viva
3042 5001 3216 5057 adhuc
3243 5000 3426 5070 vipera
3461 4999 3575 5076 illa,

2001 5114 2122 5167 quae
2142 5098 2282 5151 illam
2309 5107 2589 5168 pepererat
2619 5097 2685 5149 “.
3039 5105 3042 5109 ‘

2074 5189 2305 5244 Moritur
2351 5199 2531 5243 autem
2583 5188 2869 5254 Tiberius,
2922 5199 3102 5240 rerum
3157 5182 3361 5251 petitus
3404 5193 3576 5238 anno.

2001 5279 2192 5352 viginti
2225 5280 2382 5346 duos,
2403 5291 2457 5337 ct
2483 5297 2580 5353 pro
2607 5297 2673 5336 eo
2704 5282 2756 5335 in
2787 5280 3072 5350 imperium
3097 5273 3356 5331 successit
3380 5267 3566 5331 Caius,

2467 5421 2512 5452 "
2533 5419 2782 5489 Hegesip.
2809 5414 2902 5469 lib.
2927 5427 3074 5467 xxxu
3102 5427 3117 5476 ;
3145 5404 3367 5476 Niceph.
3395 5403 3488 5458 lib.
3525 5414 3570 5466 ι,

1825 5578 1910 5634 ΝΟ

518 5665 1142 5747 ῥημάτων-μεγίστων,
1170 5680 1225 5728 et
1248 5686 1399 5744 seqq.
1428 5687 1490 5729 ex
1526 5668 1739 5729 Polluce
1764 5675 1907 5728 omni

2012 5613 2160 5747 fsque
2182 5676 2249 5730 ad
2269 5664 2755 5741 ἀναδειχθήσεσθαι
2786 5661 3068 5736 μέλλοντα.

399 5735 493 5808 μ)
518 5735 800 5801 Ροηίιιτεὶς
831 5735 1119 5805 Σπανίους.
