4036 6226
471 301 615 366 L039

1693 249 2152 350 'ALEXANDRI
2176 287 2524 350 MONACHI

3621 281 3770 346 40in

476 427 647 469 annos
687 415 940 480 quatuor,
974 403 1057 459 vir
1087 409 1336 457 austeros
1379 406 1436 455 et
1464 397 1702 454 maxime
1725 397 1991 468 superbus
2028 411 2043 460 ;
2078 442 2082 455 ε

2190 412 2357 466 μερος
2406 395 2500 448 καὶ
2546 391 2665 447 λίαν
2717 391 3084 464 ὑπερήφανος.
3115 387 3304 460 Τούτῳ
3363 386 3693 459 διαϐληθεὶς
3743 388 3775 440 ὁ

473 516 659 560 coram
724 502 826 553 hoc
887 495 1092 549 Pilatus
1149 499 1463 556 accusatus,
1527 487 1754 543 Romam
1799 487 1967 552 venit,
1997 495 2056 539 ut

475 607 695 652 causam
733 591 959 655 diceret,
1011 595 1176 653 atque
1217 598 1284 638 eo
1314 580 1658 635 miseriarum
1689 578 1858 642 venit,
1888 586 1945 631 ut
1971 577 2053 630 sui

474 686 644 757 ipsius
675 679 943 738 homicida
979 678 1299 732 eliiceretur.
1334 672 1508 727 Judtei
1551 685 1696 724 ivero
1727 669 1965 741 quotidie
2001 669 2055 722 in

476 775 709 844 majores
739 787 918 828 rerum
955 767 1385 841 perturbationes
1417 762 1904 832 confusionemqne
1962 761 2058 816 de-

477 869 851 929 volvebantur,
893 873 954 917 ιιι
999 858 1269 915 innumeri
1298 872 1484 911 eorum
1533 869 1562 908 a
1601 853 1859 907 Romanis
1891 853 2060 905 inter-

481 958 789 1013 ficerentur.
818 954 997 1008 Catsar
1032 960 1212 1005 autem
1247 947 1408 1002 alium
1444 945 1737 1011 Herodem,
1765 942 2060 998 Aristobnli

481 1051 669 1115 tilium,
704 1047 921 1103 nomine
941 1038 1230 1113 Agrippam
1259 1080 1274 1103 ,
1308 1054 1486 1110 regem
1526 1037 1726 1093 Judaete
1745 1035 2060 1102 declaravit,

480 1143 532 1196 in
582 1154 704 1194 eum
763 1154 924 1191 nnntn
979 1151 1169 1190 omnes
1220 1131 1544 1188 tetrarchias
1600 1128 1905 1184 conferens.
1967 1128 2062 1182 llic

478 1231 666 1287 multis
721 1228 1166 1300 gravissimisque
1218 1223 1374 1278 malis
1423 1219 1716 1292 discipulos
1751 1219 2063 1275 Cbristiaf-

480 1322 633 1377 fecit.
693 1318 954 1374 Jacobutn
1020 1317 1241 1386 quidem
1327 1312 1554 1368 fratrem
1618 1309 1831 1380 Domini
1883 1310 2063 1381 gladio

481 1411 783 1478 interfecit,
823 1412 979 1478 juxta
1028 1414 1288 1485 Actorum
1340 1404 1766 1474 apostolicorum
1816 1403 2062 1458 testimo-

480 1506 652 1568 nium,
684 1503 776 1574 qui
813 1511 867 1557 et
899 1500 1114 1556 Petrum
1140 1500 1206 1554 de
1231 1498 1409 1553 tnedio
1442 1497 1629 1552 tollere
1649 1511 1936 1567 aggressus
1958 1507 2062 1563 est,

480 1599 585 1653 nisi
619 1606 816 1666 praeter
853 1595 1163 1664 opinionem
1193 1590 1439 1646 omnium
1468 1603 1534 1644 ex
1553 1587 1804 1643 manibus
1823 1588 1940 1653 eius
1970 1602 2066 1658 per

481 1698 731 1746 sanctum
779 1687 1025 1758 angelum
1079 1684 1269 1738 fuisset
1302 1691 1542 1751 ereptus.
1579 1678 1689 1734 Nec
1736 1680 1887 1750 prius
1914 1693 1942 1731 a
1968 1691 2066 1732 ne-

485 1781 638 1836 fariis
678 1780 793 1834 suis
833 1751 1125 1834 c'onatibus
1161 1775 1370 1831 destitit
1403 1772 1638 1828 tumidus
1663 1786 1729 1826 ac
1762 1784 1939 1826 saevus
1965 1769 2070 1824 He—
2102 1751 2143 1807 Β

485 1874 668 1939 rodes,
697 1889 859 1944 quam
911 1871 1146 1928 divinam
1194 1869 1246 1924 in
1297 1883 1356 1923 se
1409 1868 1545 1924 iram
1592 1876 1680 1922 est
1721 1873 2008 1936 expertus,
2039 1879 2070 1919 a

483 1967 868 2035 vermibusque
889 1970 1251 2032 consumptus
1300 1959 1619 2032 exspiravit.

554 2059 730 2128 Atque
782 2057 886 2111 hoc
928 2055 1148 2125 quidem
1189 2063 1433 2124 tempore
1477 2049 1733 2115 Jacobus,
1760 2048 1852 2119 qui
1877 2046 2067 2104 Justus

485 2162 541 2209 et
568 2151 738 2206 frater
788 2149 998 2205 Domini
1027 2147 1334 2210 dicebatur,
1370 2145 1598 2215 primus,
1639 2159 1705 2199 ex
1731 2143 2074 2198 ordinatione

486 2245 714 2308 divina,
789 2239 1288 2311 Hierosolymorum
1385 2237 1670 2307 episcopus
1740 2235 2074 2289 constitutus

489 2333 906 2392 fuerat.Jnd:eis
935 2342 1116 2387 autem
1155 2333 1206 2386 in
1229 2329 1486 2398 majorem
1517 2329 1760 2398 quotidie
1794 2326 2076 2382 confusio-

488 2443 612 2484 nem
660 2425 1054 2492 incidentibus,
1089 2423 1256 2478 multa
1289 2432 1475 2476 contra
1522 2420 1735 2476 Domini
1777 2416 2076 2490 discipulos

493 2519 630 2576 mala
674 2517 972 2574 machinati
1011 2525 1152 2570 sunt.
1209 2521 1452 2580 Quorum
1503 2529 1730 2584 magnus
1761 2527 2020 2568 numerus
2045 2526 2076 2567 a

493 2606 755 2664 Romanis
783 2616 1006 2660 necatus
1034 2615 1140 2658 est.
1179 2603 1436 2670 Suscepit
1463 2617 1612 2666 vero,
1644 2609 1703 2654 ut
1736 2601 1900 2654 etiam
1925 2599 2078 2656 testis

493 2709 578 2756 est
603 2699 830 2764 Paulus,
861 2697 1000 2752 alius
1036 2696 1267 2766 Agrippa
1303 2693 1503 2749 Jndzete
1543 2709 1764 2762 regnum
1793 2693 1839 2724 "
1873 2708 1888 2758 ;
1925 2707 2075 2746 mor-

497 2801 588 2846 tuo
619 2803 798 2845 autem
828 2789 955 2843 Caio
976 2829 992 2853 ,
1029 2787 1288 2842 Claudius
1319 2797 1442 2855 post
1476 2802 1598 2841 eum
1634 2785 1942 2855 imperavit,
1977 2799 2078 2838 an-

494 2900 594 2940 nos
624 2882 1056 2954 quattuordecim.
1085 2879 1200 2935 iloc
1233 2888 1477 2948 tempore
1510 2893 1701 2949 magna
1756 2876 1930 2933 fames
1985 2893 2082 2948 per

494 2975 804 3030 universum
867 2984 1136 3028 terrarum
1195 2971 1382 3026 orbem
1437 2970 1685 3035 accidit,
1753 2978 1813 3023 ut
1862 2970 2082 3037 Agabus

2164 489 2428 552 Πιλᾶτος,
2477 485 2897 558 παραστάσιμος
2953 483 3223 557 ἀνηνέχθη
3275 483 3356 547 εἰς
3393 481 3621 553 Ῥώμην
3673 483 3777 536 καὶ

2164 583 2243 644 εἰς
2289 580 2556 645 τοσαύτας
2613 579 3039 652 περιπέπτωκεν
3088 578 3332 647 ἀνάγκας
3363 577 3458 630 καὶ
3489 575 3773 648 περιστά-

2166 689 2302 738 σεις,
2337 673 2478 728 ὥστε
2525 675 2684 728 αὐτὸν
2715 673 2978 743 φονευτὴν
3007 668 3219 726 ’ἑαυτοῦ
3270 668 3551 738 γενέσθαι.
3589 669 3660 722 Oi
3710 667 3773 722 δέ

2178 765 2418 820 Ἰουδαῖοι
2458 768 2538 829 είς
2587 767 2839 836 μείζονας
2885 764 3118 829 ἀταξίας
3167 764 3586 836 ἐξετράπησαν,
3621 764 3771 818 ὥστε

2167 857 2395 920 πολλοὺς
2424 858 2599 911 αὐτῶν
2628 858 2732 911 ὑπὸ
2747 857 3039 928 Ῥωμαίων
3068 855 3433 928 ἀναλωθῆναι.
3453 856 3511 912 Ὀ
3536 857 3594 911 δέ
3620 853 3770 910 Καῖ-

2170 970 2273 1025 σαρ
2310 951 2557 1024 Ἡρώδην
2585 951 2742 1006 ἄλλον
2778 948 3213 1023 Ἀριστοϐούλου,
3247 949 3340 1002 τδν
3362 948 3650 1022 Ἀγρίππα
3679 947 3781 1001 λε·-

2167 1043 2419 1112 γόμενον,
2453 1039 2680 1112 βασιλέα
2730 1039 2830 1110 τῆς
2865 1037 3126 1102 Ἰουδαίας
3179 1036 3443 1103 ἀνέδειξε,
3479 1038 3767 1108 παραδοὺς

2169 1135 2318 1207 αὐτῷ
2353 1138 2534 1198 πάσας
2563 1133 2661 1198 τὰς
2687 1133 3038 1204 τετραρχίας.
3073 1124 3242 1196 Οὗτος
3269 1131 3442 1195 δεινος
3463 1131 3538 1185 ὢν
3565 1135 3768 1185 ἐκακο-

2170 1229 2314 1282 ποίει
2343 1229 2467 1292 τοὺς
2505 1226 2752 1298 μαθητὰς
2777 1225 2870 1279 τοῦ
2904 1223 3384 1296 Χριστοῦ.’Ᾱνεῖλε
3419 1224 3476 1279 δέ
3505 1223 3771 1278 Ἰάκωϐον

2168 1321 2262 1375 τὸν
2288 1319 2515 1389 ἀδελφὸν
2536 1318 2629 1371 τοῦ
2656 1317 2860 1390 Κυρίου
2886 1317 3159 1388 μαχαίρᾳ,
3184 1315 3326 1370 κατά
3349 1315 3448 1387 τὴν
3477 1315 3518 1366 is
3531 1313 3631 1382 ράν
3655 1313 3770 1367 τῶν

2172 1411 2436 1482 Πράξεων
2493 1409 2695 1479 φωνὴν,
2725 1410 3090 1480 ἐπιχειρήσας
3143 1405 3453 1461 θανατῶσαι
3499 1404 3596 1461 καὶ
3657 1404 3768 1459 Πέ-

2171 1521 2318 1576 τρον,
2377 1503 2426 1556 εί
2477 1501 2552 1573 μὴ
2604 1499 2921 1573 παραδόξως
2947 1500 3014 1554 δι’
3039 1499 3272 1570 ἀγγέλου
3313 1499 3471 1568 ἁγίου
3517 1496 3767 1570 ἐῤῥύσθη

2172 1596 2237 1650 ὲκ
2266 1596 2374 1650 τῶν
2402 1595 2600 1666 χειρῶν
2625 1595 2812 1649 αὑτοῦ.
2845 1595 2953 1647 Καὶ
2986 1595 3086 1648 οὐκ
3123 1593 3404 1648 ἐπαύσατο
3435 1591 3497 1646 δὲ
3524 1593 3552 1646 ό
3579 1608 3769 1660 προει-

2179 1688 2411 1760 ρημένος
2441 1686 2688 1758 ’Πρὼδης
2733 1685 3227 1757 ἀλαζωνευόμενος,
3257 1685 3363 1750 ἐως
3390 1675 3452 1738 οὗ
3480 1683 3582 1752 τῆς
3615 1683 3769 1748 θείας

2172 1781 2328 1852 δίκης
2376 1781 2570 1851 πεῖραν
2623 1779 2802 1848 ἔλαϐε,
2829 1779 2923 1833 καὶ
2963 1778 3254 1851 γενόμενος
3300 1775 3768 1852 σκωληκόϐρωτος

2172 1869 2333 1940 ἐξέψυ
2342 1869 2418 1936 ξε.

2243 2051 2385 2107 Κατ’
2412 2051 2620 2106 ἐκεῖνον
2650 2050 2706 2106 δὲ
2733 2051 2826 2107 τδν
2855 2053 3048 2124 καιρὸν
3079 2051 3337 2116 Ἰάκωϐος
3369 2051 3397 2106 ὁ
3434 2050 3646 2118 δίκαιος
3676 2055 3770 2108 καὶ

2173 2145 2397 2219 κληθεὶς
2421 2145 2648 2215 ἀδελφὸς
2674 2143 2770 2197 τοῦ
2807 2144 3014 2216 Κυρίου
3051 2143 3267 2216 πρῶτος
3294 2139 3365 2216 ἦν
3402 2140 3770 2208 κατασταθεὶς

2178 2239 2501 2304 ἐπίσκοπος,
2530 2237 2669 2290 κατά
2719 2236 3018 2304 πρόσταξιν
3042 2235 3202 2301 Θεοῦ,
3247 2235 3346 2308 τῆς
3378 2236 3771 2310 Ἰεροσολύμων

2178 2329 2340 2398 ἁγίας
2371 2328 2718 2399 Ἐκκλησίας.
2754 2329 2876 2381 Τῶν
2908 2328 2964 2381 δὲ
2999 2327 3269 2382 Ἰουδαίων
3312 2328 3568 2393 ἀτάκτως
3617 2346 3773 2402 φερο-

2181 2421 2359 2494 μένων
2385 2421 2527 2475 κατά
2559 2419 2670 2474 τῶν
2711 2419 2970 2491 μαθητῶν
2998 2419 3090 2474 τοῦ
3127 2418 3358 2491 Κυρίου,
3385 2419 3653 2473 πλειόνων
3684 2437 3774 2473 κα-

2177 2514 2291 2569 κῶν
2321 2512 2736 2585 ἐπειράθησαν.-
2763 2513 2874 2567 Καὶ
2919 2513 3052 2581 γοῦν
3085 2511 3292 2583 πλῆθος
3323 2511 3460 2564 πολὺ
3499 2511 3608 2566 ὑπὸ
3641 2513 3775 2568 Ῥω-

2181 2608 2360 2681 μαίων
2391 2602 2854 2677 κατεσφάγη.“Ἠν
2882 2605 2938 2658 δὲ
2966 2604 3126 2670 ἄλλος
3159 2603 3474 2675 Ἀγρίππας
3520 2603 3776 2675 παραλα-

2179 2700 2292 2753 ϐὼν
2337 2699 2438 2771 τὴν
2487 2698 2763 2768 βασιλείαν
2809 2698 2909 2768 τῆς
2941 2696 3209 2758 Ἰουδαίας
3231 2697 3265 2758 ,ὁ
3293 2695 3436 2750 κατά
3487 2697 3581 2749 τὸν
3623 2695 3777 2764 ἅγιον

2179 2789 2417 2845 Παῦλον.
2443 2787 2709 2842 Ἀπέθανε
2737 2787 2792 2842 δὲ
2829 2781 3010 2852 Γαῖος,
3035 2786 3129 2840 καὶ
3153 2786 3470 2846 ἐϐασίλευσε
3507 2785 3776 2850 Κλαύδιος

2182 2880 2299 2936 ἀντ’
2329 2881 2496 2936 αὐτοῦ
2529 2881 2626 2952 ἐτη
2659 2879 3204 2949 δεκατέσσαρα.Ἐπὶ
3241 2878 3416 2948 τούτῳ
3457 2879 3681 2947 ἐγένετο
3705 2880 3778 2932 λι·

2187 2973 2284 3044 μδς
2305 2973 2476 3044 μέγας
2505 2974 2588 3041 ἐφ’
2609 2971 2737 3042 ὃλην
2759 2974 2858 3043 τὴν
2874 2969 3225 3041 οἰκουμένην,
3251 2969 3394 3023 κατὰ
3425 2970 3527 3040 τὴν
3560 2987 3778 3044 προφηο

495 3073 654 3118 antea
693 3065 1022 3118 vaticinatus
1067 3061 1332 3119 fuerat".
1379 3058 1534 3115 Tunc
1573 3058 1745 3116 Judaei
1787 3060 1840 3114 in
1873 3059 2079 3116 rabiem

2184 3066 2332 3120 τείαν
2374 3064 2624 3133 Ἀγάϐου.
2664 3063 2799 3117 Τότε
2835 3061 3079 3116 Ἰουδαῖοι
3110 3062 3191 3125 είς
3224 3061 3423 3132 μανίαν
3449 3062 3778 3132 τραπέντες,

494 3156 743 3210 conversi
797 3155 921 3210 dolo
973 3167 1136 3223 super
1184 3167 1366 3209 rerum
1413 3153 1686 3208 venalium
1742 3163 1984 3210 mercatu
2028 3155 2083 3209 in

497 3257 719 3300 mutuas
757 3247 931 3300 caedes
978 3255 1364 3314 proruperunt.
1403 3245 1522 3312 Quo
1567 3253 1844 3314 permotus
1877 3246 2083 3312 Caesar,

498 3339 646 3392 misit
691 3338 758 3391 ad
796 3337 1036 3406 gentium
1070 3338 1376 3406 principes,
1415 3347 1473 3392 ut
1529 3337 1731 3391 nemini
1771 3335 2083 3392 Judaaorum

496 3430 807 3498 parcerent,
866 3443 974 3498 quo
1008 3427 1213 3484 factum
1273 3437 1399 3494 est,
1453 3435 1514 3482 ut
1561 3428 1750 3496 ingens
1796 3425 2086 3482 multitudo

497 3534 688 3576 eorum
733 3518 1168 3586 interficeretur,
1213 3519 1516 3588 domusque
1570 3531 1636 3574 ac
1689 3518 1845 3574 liberi
1893 3518 2086 3588 praeda:

499 3623 722 3679 essent,
755 3613 824 3668 ab
851 3612 1004 3670 Italia
1032 3613 1196 3668 etiam
1231 3627 1296 3667 ac
1327 3614 1498 3669 Roma
1538 3611 1722 3668 multis
1745 3616 1921 3682 poenis
1957 3627 2086 3667 cru-

501 3707 756 3776 ciatnqne
793 3705 951 3773 ejecti
971 3746 987 3772 ,
1017 3721 1137 3776 quae
1164 3707 1347 3761 omnia
1393 3704 1502 3762 illis
1525 3715 1746 3778 propter
1770 3703 2008 3761 nefarios
2032 3705 2085 3760 in

501 3799 777 3852 Clu-istum
803 3812 968 3852 ausus
991 3798 1330 3853 acciderunt.
1504 3802 1516 3812 '

573 3887 802 3943 Moritur
827 3890 1045 3945 interim
1075 3890 1366 3958 Claudius,
1395 3897 1516 3960 post
1556 3904 1717 3960 quem
1746 3886 1887 3945 Nero
1915 3889 2088 3958 impe-

505 3984 645 4034 rium
694 3983 962 4050 suscepit,
1011 3991 1200 4038 tenens
1253 3984 1383 4037 illud
1437 3997 1612 4039 annos
1653 3983 2085 4053 quatuordecim.

507 4073 604 4127 llic
635 4073 931 4129 sceleratus
957 4073 1228 4142 inprimis,
1262 4085 1318 4130 et
1347 4076 1392 4130 si
1428 4075 1552 4145 quis
1581 4075 1717 4130 alius
1739 4115 1756 4139 ,
1807 4073 2088 4130 effemina-

507 4177 594 4220 tus
629 4165 747 4232 fuit,
803 4167 895 4236 qui
932 4167 1140 4238 primus
1185 4169 1617 4236 persecutionem
1663 4167 1715 4221 in
1743 4165 2090 4222 Christianos

508 4260 785 4315 excitavit.
813 4261 1027 4317 Occidit
1053 4271 1232 4316 autem
1266 4260 1485 4315 Petrum
1527 4270 1583 4316 et
1604 4259 1853 4322 Paulum,
1887 4259 2087 4315 Christi

508 4350 868 4420 apostolorum
927 4353 1222 4422 principes,
1267 4351 1570 4422 multosque
1613 4366 1680 4405 ex
1733 4350 1902 4420 stirpe
1947 4365 2086 4416 sua,

2190 3159 2327 3229 δόλῳ
2372 3157 2513 3212 κατά
2539 3158 2638 3227 τῆς
2668 3157 2874 3227 ἀγορᾶς
2908 3155 3172 3226 ἀλλήλους
3211 3154 3588 3223 κατέσφαζον,
3618 3157 3706 3227 ἐφ’
3735 3150 3779 3225 ᾧ

2191 3249 2436 3319 κινηθεὶς
2460 3251 2488 3302 ό
2521 3249 2738 3318 Καῖσαρ
2763 3247 3051 3302 ἀπέστειλε
3081 3249 3195 3310 τοῖς
3236 3246 3345 3300 τῶν
3374 3245 3544 3304 ἐθνῶν
3577 3245 3781 3319 ἀρχουο

2194 3359 2279 3399 σιν
2311 3340 2544 3410 ἀφειδῶς
2568 3339 2878 3413 χρήσασθαι
2903 3341 3018 3402 τοῖς
3053 3337 3354 3404 Ἰουδαίοις,
3379 3337 3474 3392 καὶ
3497 3338 3632 3403 λαὸς
3657 3341 3778 3394 ίκα-

2193 3432 2280 3497 νδς
2325 3432 2387 3500 ἐξ
2418 3431 2598 3488 αὐτῶν
2648 3431 2912 3505 ἀνῃρέθη,
2955 3431 3054 3487 καὶ
3097 3433 3149 3487 oi
3193 3428 3332 3486 οἴκοι
3367 3431 3547 3489 αὐτῶν
3579 3433 3677 3486 καὶ
3711 3432 3778 3486 τά

2191 3525 2358 3582 τέκνα
2386 3525 2605 3595 ἐγένετο
2634 3525 2717 3588 είς
2752 3523 3061 3596 διαρπαγὴν
3081 3565 3097 3591 ,
3131 3524 3227 3578 καὶ
3254 3525 3362 3580 ἀπὸ
3393 3524 3493 3594 τῆς
3547 3521 3773 3588 Ἰταλίας

2192 3619 2290 3673 καὶ
2321 3616 2539 3690 Ῥώμης
2585 3617 2724 3688 μετά
2769 3616 2981 3672 πολλῶν
3015 3615 3249 3688 θλίψεων
3279 3615 3378 3670 καὶ
3425 3614 3635 3686 ζημιῶν
3685 3613 3774 3678 ἐξα

2193 3709 2524 3780 εϐλήθησαν.
2541 3707 2725 3765 Ταῦτα
2752 3707 2952 3781 συνέϐη
2979 3709 3164 3774 αὐτοις
3186 3707 3276 3764 διὰ
3302 3707 3404 3781 τὴν
3432 3708 3515 3772 είς
3543 3706 3776 3779 Χριστὸν

2192 3804 2400 3873 τόλμαν
2411 3842 2426 3858 .

2267 3894 2528 3958 Κλαύδιος
2557 3895 2614 3948 δὲ
2636 3895 2898 3962 ἀπέθανε,
2923 3893 3018 3949 καὶ
3047 3894 3240 3965 Νέρων
3267 3893 3625 3949 ἐϐασίλευσεν
3654 3894 3778 3948 ἀντ’

2195 3983 2358 4038 αὐτοῦ
2384 3983 2478 4052 ἔτη
2500 3984 2901 4056 δεκατέσσαρα.
2918 3977 3086 4050 Οὗτος
3103 3985 3338 4056 πονηρὸς
3359 3979 3430 4056 ἦν
3447 3986 3542 4040 καὶ
3562 3986 3779 4055 λάγνος,

2195 4074 2245 4126 εί
2272 4073 2362 4126 καί
2381 4091 2462 4136 τις
2478 4073 2658 4138 ἄλλος.
2681 4075 2854 4138 Αὐτὸς
2881 4075 3099 4146 πρῶτος
3122 4077 3345 4146 ἤγειρεν
3374 4076 3618 4144 διωγμὸν
3643 4078 3780 4131 κατά

2195 4163 2303 4218 τῶν
2326 4165 2688 4235 Χριστιανῶν.
2708 4166 2909 4220 Ἀνεῖλε
2953 4167 3011 4220 δὲ
3055 4167 3383 4238 Πέτρονκαὶ
3416 4168 3631 4224 Παῦλον
3659 4171 3783 4232 τοὺς

2197 4258 2527 4329 κορυφαίους
2559 4258 2667 4310 τῶν
2690 4259 3007 4313 ἀποστόλων
3034 4258 3128 4313 τοῦ
3154 4258 3416 4331 Χριστοῦ,
3435 4261 3530 4315 καὶ
3556 4263 3783 4324 πολλοὺς

2195 4350 2254 4404 δὲ
2281 4351 2391 4404 τῶν
2411 4350 2693 4423 προγόνων
2721 4351 2856 4422 (42),
2883 4352 2976 4405 καὶ
3003 4351 3224 4423 ἐτέρους
3245 4352 3474 4418 πολλοὺς
3497 4355 3608 4407 τῶν
3631 4355 3781 4427 πρώ-

507 4459 631 4498 cnm
693 4444 814 4498 aliis
870 4443 1094 4499 infinitis
1165 4444 1503 4514 principibus
1556 4452 1776 4498 senatus
1823 4443 2078 4512 perdidit.

2190 4461 2302 4500 των
2325 4447 2424 4512 τῆς
2455 4444 2757 4514 συγκλήτου
2780 4443 3054 4498 ἀπώλεσε.
3082 4444 3218 4497 Τότε
3243 4444 3450 4515 Φῆστος
3479 4445 3508 4499 ὁ
3532 4445 3778 4516 ἡγεμὼν.

508 4534 662 4589 Tunc
705 4537 868 4590 etiam
904 4535 1120 4600 Festus,
1159 4534 1354 4590 Judma:
1380 4535 1556 4589 adhuc
1598 4532 1973 4603 praefecturam
2005 4532 2099 4588 ob-

509 4627 708 4692 tinens,
748 4627 855 4682 vita
887 4627 1104 4683 functus
1125 4637 1228 4683 est.
1252 4627 1420 4682 Judaei
1456 4635 1662 4689 autem,
1686 4636 1905 4696 accepta
1935 4640 2100 4681 occa-

509 4716 662 4772 sione
703 4733 808 4788 qna
839 4718 1096 4772 Romana:
1134 4718 1418 4774 servitutis
1461 4733 1492 4772 a
1533 4733 1592 4772 se
1638 4716 1827 4787 iugum
1861 4717 2099 4787 depelle-

510 4817 655 4877 rent,
709 4811 940 4880 majores
989 4810 1145 4880 Ionge
1193 4819 1249 4863 et
1307 4809 1680 4874 absurdiores,
1725 4823 1889 4879 quam
1936 4816 2094 4863 antea

509 4906 688 4954 motus
724 4901 1057 4968 excitarunt,
1105 4900 1441 4970 fratremque
1473 4899 1680 4953 Domini
1707 4897 1968 4954 Jacobum
2001 4899 2085 4953 in-

475 4999 874 5058 teremerunt,
915 4991 1154 5060 reliquos
1193 5005 1325 5045 vero
1367 4989 1660 5058 discipulos
1714 4991 1880 5060 virgis
1917 5003 2089 5044 caesos

507 5084 642 5140 urbe
693 5100 790 5139 sua
828 5083 1172 5153 expulerunt,
1207 5080 1326 5151 qui,
1349 5081 1531 5135 divina
1574 5063 1904 5136 revelation’e
1943 5081 2112 5146 docti,

511 5178 563 5232 in
609 5177 784 5233 locum
827 5176 1050 5232 Jordani
1082 5176 1388 5246 proximum
1448 5183 1824 5239 recesserunt,
1872 5173 2089 5243 illicque

509 5271 830 5327 commorati
882 5279 1030 5336 sunt,
1056 5271 1126 5325 ob
1160 5269 1299 5324 mala
1350 5282 1470 5337 quae
1514 5267 1633 5324 urbi
1677 5267 1985 5338 impendere
2009 5267 2090 5324 eis

511 5359 654 5416 Deus
681 5361 1030 5430 praedixerat.

2199 4535 2279 4589 ἐτι
2305 4534 2548 4606 κατέχων
2565 4534 2661 4604 τὴν
2677 4533 2778 4604 τῆς
2808 4533 3068 4597 Ἰουδαίας
3089 4532 3290 4604 ἀρχὴν,
3321 4531 3697 4604 ἐτελεύτησεν.
3721 4535 3780 4586 Οί

2195 4627 2253 4682 δὲ
2289 4626 2547 4692 Ἰουδαῖοι,
2584 4625 2777 4695 καιροῦ
2830 4624 3161 4696 δραξάμενοι
3212 4624 3310 4695 τῆς
3364 4624 3654 4695 ἀναρχίας.
3693 4625 3782 4678 ἐπὶ

2195 4718 2358 4772 πλέον
2385 4717 2482 4788 τὴν
2505 4717 2730 4788 αὔξησιν
2754 4717 2855 4786 τῆς
2874 4716 3104 4780 ἀταξίας
3133 4717 3478 4787 ἐποιήσαντο.
3497 4717 3779 4770 Ἀπέκτει-

2194 4830 2290 4867 ναν
2323 4813 2380 4865 δέ
2415 4809 2670 4866 Ἰάκωϐον
2708 4809 2800 4863 τὸν
2829 4807 3058 4878 ἀδελφὸν
3105 4805 3200 4861 τοῦ
3248 4807 3480 4878 Κυρίου,
3509 4809 3608 4860 καὶ
3657 4806 3779 4869 τοὺς

2192 4905 2415 4968 λοιποὺς
2452 4902 2702 4973 μαθητὰς
2737 4899 3098 4972 μαστίζοντες
3143 4898 3374 4964 ἐδίωξαν
3411 4897 3516 4970 τῆς
3552 4897 3775 4960 πόλεως,

2193 4996 2288 5050 καὶ
2321 4994 2494 5061 αὐτοὶ,
2527 4994 2668 5047 κατά
2715 4991 3062 5061 ἀποκάλυψιν
3109 4989 3270 5055 Θεοῦ,
3300 4989 3658 5060 ἀνεχώρησαν
3702 4990 3776 5052 εἰς

2192 5088 2292 5160 τὴν
2319 5088 2627 5159 περίχωρον
2651 5084 2744 5141 τοῦ
2781 5085 3070 5156 Ἰορδάνου,
3102 5085 3328 5138 κάκεῖσε
3360 5081 3665 5154 διέτριϐον,
3695 5081 3776 5134 διὰ

2193 5181 2263 5234 τὰ
2298 5179 2563 5250 μέλλοντα
2587 5181 2652 5250 τῇ
2687 5178 2842 5232 πόλει
2872 5175 3096 5233 ἔσεσθαι
3117 5175 3286 5247 κακὰ,
3313 5173 3456 5230 κατά
3489 5173 3590 5246 τὴν
3616 5173 3776 5246 πρόρο

2197 5274 2357 5345 ῥησιν
2390 5270 2487 5326 τοῦ
2525 5269 2754 5341 Κυρίου.

578 5479 630 5511 ιι
656 5478 732 5533 De
768 5493 876 5548 quo
923 5493 1042 5548 cap.
1073 5494 1180 5532 xxv
1209 5485 1263 5533 et
1294 5491 1416 5530 xxvi
1453 5476 1574 5530 Act.
1651 5474 1698 5506 "
1742 5472 1863 5529 Act.
1903 5489 1982 5539 ιι,
2019 5474 2045 5528 l
2076 5489 2230 5548 seqq.

2027 5590 2262 5648 NOTE.

580 5683 694 5752 (ιῖ)
729 5681 858 5756 Dav.
909 5685 1136 5749 πολλοὺς
1168 5686 1224 5739 δὲ
1266 5685 1374 5738 τῶν
1405 5687 1512 5756 πρὸ
1533 5685 1724 5756 γένος.
1768 5683 1921 5756 Fort.
1957 5685 2095 5756 πρὸς

515 5751 688 5822 γένος.
743 5752 972 5824 Scripsi,
1027 5759 1137 5813 τῶν
1173 5751 1475 5826 προγόνων.
1519 5751 1622 5812 seu
1676 5755 1890 5821 melius,
1949 5751 2086 5826 πρὸς

2201 5685 2384 5754 γένος,
2437 5686 2671 5754 cognati.
2729 5684 2936 5746 Pollux,
2977 5685 3177 5741 occidit
3206 5685 3351 5737 viros
3397 5694 3450 5739 et
3499 5683 3768 5748 mulier“.

2197 5755 2294 5811 σύν
2317 5772 2376 5808 τε
2407 5755 2586 5819 ἀλλοις
2617 5755 2828 5825 μυρίοις
2857 5755 2938 5824 τῷ
2963 5757 3110 5823 γένει
3143 5757 3501 5826 προσήκουσι.
