4036 6226
358 380 493 449 lilii

1355 375 1454 438 DE
1489 372 1966 439 INVENTIONE
2006 372 2310 434 ΞΑΝΟΤίΕ
2343 375 2639 437 CRUCIS.

3475 379 3619 445 4012

424 499 557 551 Τότε
598 494 719 551 ὅλον
763 493 823 548 τδ
871 492 1022 556 ιθνος
1059 489 1158 561 τὴν
1188 489 1325 562 πρὸς
1357 487 1663 560 Ῥωμαίους
1692 488 1931 539 ἀποστα-

2111 486 2286 556 Atque
2316 486 2417 543 hoc
2461 490 2678 559 quidem
2731 500 2993 561 tempore,
3032 491 3283 548 universa
3314 491 3621 552 ludicrarum

353 590 476 643 σίαν
504 588 845 659 εἰργάσαντο.
863 584 1171 657 Ἀγρίππας
1201 583 1257 637 δὲ
1287 582 1467 652 φυγὰς
1495 581 1668 653 ᾤχετο
1705 580 1795 633 ἐπὶ
1838 577 1938 647 τὴν

366 680 604 751 Ῥώμην.
638 680 772 733 Τότε
798 679 990 749 Νέρων
1023 678 1080 730 ἐν
1113 676 1252 746 ὀργῇ
1296 675 1392 728 καὶ
1433 671 1592 744 θυμῷ
1623 670 1831 743 ἔγραψε
1860 669 1939 742 τῷ

351 773 450 843 τῆς
485 770 657 843 Ἐᾠας
706 766 996 840 στρατηγῷ
1044 765 1492 839 (Οὐεσπασιανὸς
1518 764 1575 818 δὲ
1600 759 1669 836 ἦν
1698 764 1758 816 τὸ
1786 781 1940 831 τηνι-

354 865 552 934 καῦτα)
588 864 826 918 κελεύων
875 862 1037 916 αὐτὸν
1075 859 1414 929 συνεγείρειν
1463 859 1644 912 πᾶσαν
1690 856 1790 928 τὴν
1836 855 1939 908 ὑπ’

354 959 503 1030 αὐτῷ
533 954 1264 1028 στρατιὰν,καταλαμϐάνειν
1289 952 1388 1022 τὴν
1404 952 1661 1006 Ἰουδαίαν
1684 950 1810 1021 γῆν,
1838 948 1939 1002 καὶ

354 1053 525 1124 ἄρδην
554 1050 818 1105 ἀπολέσαι
844 1049 1034 1120 αὐτήν.
1062 1049 1128 1102 Οί
1151 1047 1205 1100 δὲ
1232 1047 1519 1116 δυνάμενοι
1541 1045 1651 1098 τῶν
1668 1043 1938 1098 Ἰουδαίων

353 1143 707 1207 ἀκούσαντες,
736 1140 1035 1196 κατέλαϐον
1066 1139 1169 1211 τὴν
1201 1137 1580 1208 Ἰερουσαλὴμ,
1612 1136 1709 1189 ἆτε
1735 1136 1938 1207 ὀχυρω-

350 1238 522 1308 τάτην
544 1232 710 1290 οὖσαν
731 1237 842 1298 τοῖς
867 1235 1077 1304 τείχεσι
1097 1234 1189 1286 καὶ
1216 1231 1446 1303 πύργοις
1473 1229 1751 1300 μεγίστοις
1770 1232 1940 1299 ἠσφα-

349 1328 632 1398 λισμένην.
651 1327 710 1380 '0
732 1327 795 1380 δὲ
826 1324 1133 1396 στρατηγὸς
1166 1322 1457 1396 προλαϐὼν
1482 1322 1583 1393 τὴν
1612 1320 1819 1393 χώραν,
1839 1321 1938 1375 πά-

310 1428 323 1451 ‘
352 1439 450 1484 σας
483 1421 582 1482 τὰς
613 1421 796 1483 πόλεις
836 1419 935 1488 τῆς
970 1418 1226 1481 ἰουδαίας
1245 1415 1657 1487 καταστρέψας,
1698 1415 1936 1481 ὲξανεῖλε

350 1515 505 1582 πυρί.
538 1511 872 1565 Καταλαϐὼν
906 1511 963 1564 δὲ
995 1509 1092 1580 τὴν
1129 1506 1483 1580 Ἰερουσαλὴμ
1509 1508 1605 1560 καὶ
1646 1505 1938 1577 πολιορκή-

351 1623 450 1668 σας
484 1604 653 1676 αὐτὴν
690 1604 935 1658 ἐνιαυτὸν
963 1605 1079 1667 ἕνα,
1113 1604 1206 1656 καὶ
1236 1601 1406 1655 πολλὰ
1437 1603 1809 1672 μηχανήματα
1837 1616 1935 1652 κα-

349 1695 728 1757 τασκευάσας,
756 1692 909 1745 οὐδὲν
946 1694 1133 1762 ἴσχυσε
1176 1692 1399 1762 ποιῆσαι
1418 1732 1433 1757 ,
1462 1692 1550 1745 διὰ
1581 1692 1680 1761 τὴν
1710 1691 1806 1761 τῆς
1835 1691 1936 1743 πό-

347 1787 484 1849 λεως
507 1785 811 1856 ὀχυρότητα
836 1801 850 1815 ο
883 1783 1020 1839 ἀλλὰ
1046 1785 1140 1839 καὶ
1167 1784 1476 1849 ἐξελθόντες
1505 1785 1554 1836 oi
1597 1783 1691 1853 τῆς
1724 1783 1933 1847 πόλεως

348 1875 628 1945 αἰφνιδίως
660 1875 888 1939 πολλοὺς
916 1874 1155 1946 ἔπληξαν
1190 1874 1298 1928 τῶν
1332 1874 1639 1945 Ῥωμαίων.
1676 1873 1940 1938 Καταϐάς

344 1968 406 2024 δὲ
452 1970 533 2033 εἰς
578 1968 915 2039 Καισάρειαν
943 1967 1354 2031 Οὐεσπασιανὸς
1400 1969 1614 2041 ἀφῆκεν
1647 1967 1938 2023 ἀναλαϐεῖν

349 2063 440 2118 τὸν
481 2066 735 2132 στρατόν.

434 2334 522 2385 Ἐν
562 2332 776 2394 τούτοις
798 2330 854 2384 δὲ
898 2330 1140 2403 ἀνῃρέθη
1172 2330 1367 2402 Νέρων
1413 2331 1505 2384 ἐπί
1534 2330 1635 2400 τῆς
1681 2330 1931 2402 Ῥώμης,

351 2427 447 2479 κα).
480 2426 751 2496 ἐκράτησε
784 2425 992 2488 Γάλϐας
1030 2426 1207 2496 μῆνας
1242 2424 1307 2488 ζ’.
1348 2425 1621 2487 Κάκεῖνος
1651 2424 1893 2496 ἀνῃρέθη
1914 2465 1933 2491 ,

350 2519 445 2570 καὶ
502 2517 806 2587 ἐκράτησεν
852 2516 881 2568 ὁ
941 2516 1119 2570 Ὄθων
1169 2517 1359 2586 τρεῖς,
1412 2514 1506 2568 καὶ
1550 2515 1689 2585 μετὰ
1738 2514 1931 2570 τοῦτον

351 2604 598 2668 Βιτάλιος
629 2607 905 2676 ἐκράτησε
934 2607 1110 2677 μῆνας
1138 2608 1309 2677 τρεῖς.
1359 2607 1447 2659 Ἐν
1480 2605 1662 2675 πολλῷ
1693 2601 1785 2659 οὖν
1823 2623 1937 2662 xtv~

348 2701 491 2769 δύνῳ
509 2702 603 2752 καὶ
634 2701 1017 2769 ἀκαταστασία
1046 2699 1153 2752 τῶν
1187 2699 1532 2769 πραγμάτων
1552 2699 1933 2770 ὑπαρχόντων,

351 2795 445 2845 καὶ
486 2791 776 2861 βαρϐάρων
799 2793 960 2846 τινῶν
985 2795 1348 2861 ἐπικειμένων
1383 2795 1451 2863 τῇ
1481 2794 1766 2866 Ῥωμανίᾳ
1797 2792 1931 2866 (43),

351 2885 381 2936 ὁ
415 2883 557 2935 κατὰ
581 2882 679 2954 τὴν
716 2882 889 2953 Ἑῴαν
919 2883 1148 2953 στρατὸς
1175 2882 1381 2937 ἄκοντα
1409 2882 1501 2936 τὸν
1524 2884 1935 2937 Οὐεσπασιανὸν

350 2969 544 3040 ἔστεφε
586 2971 836 3041 βασιλέα,
865 2973 1168 3025 συναινέσει
1203 2971 1420 3027 πάντων
1453 2973 1597 3026 κατά
1623 2977 1722 3044 τὴν
1780 2974 1934 3030 Ἀνα-

348 3064 511 3133 τολὴν
567 3064 865 3133 ἀρχόντων.
914 3064 1191 3133 Ἀπαίρων
1245 3064 1303 3116 δὲ
1351 3066 1446 3117 ἐπὶ
1498 3067 1597 3137 τὴν
1675 3066 1929 3139 Ῥώμην,

348 3157 617 3225 χειμῶνος
675 3155 797 3227 ὥρᾳ
819 3195 834 3220 ,
872 3157 998 3219 τοὺς
1048 3155 1196 3220 υἱοὺς
1230 3156 1396 3235 αὐτοῦ
1434 3158 1594 3211 Τίτον
1625 3160 1719 3212 καὶ
1754 3162 1927 3231 Δομε-
1959 3192 2002 3251 C

345 3253 530 3305 τιανὸν
567 3252 855 3323 Καίσαρας
893 3252 1212 3319 ἀναδείξας,
1266 3253 1356 3306 τὸν
1392 3255 1491 3325 μὲν
1517 3256 1677 3310 Τίτον
1707 3256 1928 3326 πολιορ-

347 3345 597 3416 κήσαντα
650 3345 1005 3416 Ἱεροσόλυμα
1027 3344 1287 3399 κατέλιπε
1314 3388 1331 3414 ,
1363 3350 1691 3418 Δομετιανὸν
1721 3349 1778 3402 δὲ
1824 3352 1928 3403 ἀπ-

345 3437 591 3501 έστειλεν,
615 3442 696 3502 εἰς
743 3440 1099 3510 ἐκστρατείαν
1133 3442 1226 3494 ἐπὶ
1255 3443 1382 3505 τοὺς
1426 3443 1757 3515 βαρϐάρους.
1801 3447 1926 3515 Ἐγ-

343 3530 592 3599 γίζοντος
622 3532 678 3586 δὲ
708 3533 874 3587 αὑτοῦ
908 3534 1011 3606 ήδη
1042 3537 1107 3605 τῇ
1159 3533 1351 3608 Ῥώμῃ
1373 3576 1388 3600 ,
1423 3538 1451 3589 ὁ
1482 3539 1660 3590 ἐκεῖσε
1698 3540 1928 3608 στρατὸς

344 3626 487 3695 μετὰ
512 3628 611 3696 τῆς
660 3628 969 3699 συγκλήτου
996 3666 1012 3691 ,
1060 3628 1345 3691 ἀνελόντες
1375 3630 1468 3682 τὸν
1497 3629 1760 3700 ἄνταρτον
1782 3673 1796 3696 ,
1832 3634 1929 3685 σὺν

344 3716 552 3786 εὐωχίᾳ
582 3717 818 3789 μεγίστῃ
844 3720 937 3770 καὶ
964 3717 1179 3785 κρότοις
1207 3718 1549 3785 συνήντησαν
1581 3718 1750 3787 αύτῷ.
1780 3716 1930 3770 Καθ-

343 3796 524 3858 εσθεὶς
576 3797 633 3849 δὲ
679 3799 772 3849 ἐπὶ
822 3797 916 3850 τοῦ
945 3798 1140 3868 θρόνου
1178 3797 1489 3866 κατέσφαξε
1540 3799 1749 3862 πάντας
1801 3799 1931 3862 τοὺς

342 3888 651 3953 ἀτάκτους,
713 3889 810 3941 καὶ
856 3888 1118 3957 ἐξαίφνης
1167 3889 1235 3942 τά
1279 3889 1572 3957 Ῥωμαίων
1617 3887 1775 3953 αὖθις
1826 3891 1925 3945 ὲπ-

343 3978 676 4050 ανωρθώθη,
717 3978 811 4032 τοῦ
860 3979 1193 4049 Δομετιανοῦ
1249 3979 1743 4052 ὲξολοθρεύσαντος
1797 3984 1926 4048 τοὺς

346 4072 813 4142 ἐπανισταμένους
841 4071 1174 4143 βαρϐάρους.

420 4259 901 4331 Πολιορκουμένης
936 4259 991 4312 δὲ
1022 4259 1121 4329 τῆς
1155 4260 1511 4329 Ἰερουσαλὴμ
1538 4260 1630 4312 ἐπὶ
1666 4259 1761 4331 ἔτη
1791 4261 1886 4317 δύο
1907 4302 1923 4330 ,

340 4346 542 4411 πάντες
582 4347 633 4398 οἱ
686 4347 744 4398 ὲν
782 4347 919 4417 αὐτῇ
970 4346 1113 4417 λιμῷ
1145 4348 1419 4419 ὲτάκτισαν
1444 4388 1457 4411 ,
1513 4348 1583 4400 τὰ
1638 4350 1803 4405 τέκνα
1826 4354 1927 4406 αύ-

339 4440 449 4492 τῶν
486 4438 751 4507 φαγόντες
782 4441 839 4491 ὲν
871 4441 934 4507 τῇ
971 4439 1279 4511 πολιορκίᾳ.
1342 4440 1678 4514 Παραλαϐὼν
1718 4443 1783 4497 δὲ
1830 4445 1927 4498 αύ-

2043 579 2260 633 natione
2295 581 2646 637 defectionem
2677 598 2705 637 a
2738 583 2996 640 Romanis
3026 586 3356 656 inceptante,
3385 589 3621 662 Agrippa

2042 670 2275 741 fugiens,
2320 673 2548 731 Romam
2601 678 3007 748 proﬁciscitur:
3044 690 3167 735 tunc
3200 677 3366 758 Nero;
3408 698 3622 741 summa

2042 762 2120 817 ira
2164 779 2228 819 ac
2274 765 2459 823 furore
2498 770 2775 835 incensus,
2820 772 2885 827 ad
2921 770 3305 844 Vespasianum
3351 779 3622 833 exercitus

2040 855 2333 915 Orientalis
2385 862 2574 917 ducem
2628 865 2866 934 scripsit,
2912 875 2968 920 ut
3009 882 3077 922 ex
3111 878 3351 934 tempore
3403 885 3619 927 omnem

2039 949 2338 1002 exercitum
2381 962 2540 1020 cogat
2570 951 2635 1006 ad
2664 951 2972 1008 Judmorum
3000 966 3200 1011 terram
3236 959 3617 1025 invadendam,

2041 1042 2367 1110 penitusque
2398 1044 2803 1101 devastandam.
2845 1046 3154 1105 Judmorum
3194 1067 3322 1106 vero
3354 1054 3620 1122 potentis-

2039 1132 2190 1198 simi,
2213 1133 2372 1202 hujus
2394 1136 2753 1193 reicertiores
2778 1138 2925 1207 facti,
2950 1141 3400 1212 Hierosolymam,
3419 1153 3478 1200 ut
3500 1161 3623 1216 quas

2039 1227 2171 1280 urbs
2223 1226 2419 1296 triplici
2464 1243 2623 1284 muro
2657 1240 2803 1285 esset
2839 1233 3236 1301 munitissima,
3274 1239 3622 1309 turribusque

2041 1319 2293 1375 maximis
2334 1330 2469 1389 tuta,
2498 1322 2598 1377 sibi
2640 1324 2892 1392 praesidio
2925 1341 2988 1380 ac
3029 1331 3434 1399 propugnaculo
3459 1348 3624 1402 cepe-

2039 1418 2190 1464 runt.
2246 1410 2615 1480 Vespasianus
2644 1423 2826 1469 autem
2861 1418 3137 1472 exercitus
3188 1421 3293 1475 dux
3347 1424 3623 1493 regionem

2041 1501 2324 1567 invadens,
2363 1519 2553 1560 omnes
2598 1507 2848 1563 civitates
2871 1507 3073 1565 Judanc
3105 1528 3167 1566 ac
3200 1512 3434 1570 Galilzexe
3456 1518 3623 1588 depo-

2041 1591 2278 1659 pulatus,
2321 1594 2446 1665 igne
2495 1598 2722 1657 delevit.
2762 1599 3196 1674 Hierosolymam
3250 1608 3412 1662 etiam
3456 1626 3628 1681 expu-

2040 1698 2210 1752 gnare
2249 1704 2557 1757 aggressus,
2598 1708 2721 1747 cum
2770 1710 2889 1749 eam
2936 1712 3136 1751 annum
3170 1699 3437 1772 integrum
3468 1706 3627 1762 obse-

2042 1775 2227 1843 disset,
2255 1780 2564 1851 multasque
2590 1783 2713 1839 belli
2744 1788 3023 1844 machinas
3054 1790 3119 1845 ad
3152 1806 3271 1847 eam
3306 1810 3626 1867 expugnan-

2041 1868 2162 1923 dam
2211 1875 2593 1941 exstruxisset,
2648 1880 2804 1943 nihil,
2859 1896 3081 1951 propter
3133 1884 3461 1954 singularem
3509 1892 3628 1961 ejus

2043 1965 2195 2017 urbis
2248 1966 2630 2036 munitionem,
2688 1970 2902 2029 eﬂicere
2944 1977 3140 2045 potuit.
3181 1977 3320 2045 Quin
3350 1982 3450 2050 ipsi
3480 1985 3629 2042 cives

2038 2056 2184 2111 ultro
2217 2060 2534 2125 eruptiones
2578 2061 2878 2130 facientes,
2924 2069 3122 2124 multos
3166 2069 3444 2131 Romanos
3477 2079 3626 2134 ceci-

2039 2145 2255 2199 derunt.
2296 2144 2658 2217 Vespasianus
2691 2152 2876 2225 itaque
2915 2155 3221 2216 Caesaream
3267 2162 3627 2237 descendens,

2036 2238 2324 2304 exercitui,
2354 2248 2412 2294 ut
2432 2255 2491 2297 se
2523 2242 2791 2311 reticeret,
2816 2251 3086 2317 permisit.

2110 2329 2296 2385 Romae
2350 2331 2570 2390 interim
2638 2337 2801 2402 Nero.
2827 2340 3153 2413 iugulatur,
3227 2348 3626 2423 imperavitque

2038 2420 2208 2478 Galba
2236 2438 2451 2479 menses
2467 2437 2699 2497 septem,
2727 2432 2819 2499 qui
2851 2443 2904 2487 et
2934 2434 3245 2505 ipsecresus
3276 2451 3381 2495 est.
3414 2420 3627 2514 Regna-

2038 2513 2117 2567 vit
2157 2515 2354 2572 deinde
2382 2516 2525 2575 Otho
2575 2536 2792 2578 menses
2821 2532 2954 2590 tres,
3000 2536 3055 2582 et
3094 2540 3217 2599 post
3246 2531 3347 2587 hos
3379 2513 3627 2593 Viteilius

2040 2621 2253 2662 menses
2306 2609 2547 2666 totidem.
2591 2612 2774 2670 Rebus
2806 2616 2987 2688 itaque
3039 2622 3093 2676 in
3138 2638 3353 2682 summo
3383 2630 3626 2698 periculo

2038 2700 2468 2775 confusioneque
2526 2707 2765 2763 maxima
2835 2714 3151 2772 constitutis
3188 2758 3205 2784 ,
3268 2720 3624 2795 barbarisque

2038 2795 2316 2851 nonnullis
2334 2798 2385 2852 in
2419 2800 2717 2856 Romanam
2737 2804 3002 2864 ditionem
3026 2810 3382 2881 irruentibus,
3419 2820 3620 2884 omnis.

2038 2886 2131 2953 qui
2174 2889 2225 2941 in
2259 2888 2483 2946 Oriente
2527 2901 2655 2948 tunc
2698 2904 2838 2962 erat,
2886 2903 3184 2971 exercitus,
3237 2903 3623 2979 Vespasianum

2036 2978 2170 3032 nihil
2203 2980 2310 3037 tale
2349 2984 2685 3054 cupientem,
2737 2989 3121 3060 imperatorem
3149 2978 3455 3066 coronavit,
3491 3019 3626 3061 con-

2036 3082 2198 3123 sensu
2240 3085 2306 3126 ac
2346 3073 2626 3131 voluntate
2661 3081 2905 3136 omnium
2951 3085 3147 3142 ducum
3190 3088 3484 3150 Orientalis
3523 3098 3627 3151 mi-

2034 3160 2188 3216 litim.
2236 3161 2465 3220 Romam
2501 3167 2665 3237 igitur
2692 3171 2795 3228 sub
2832 3173 3048 3231 initium
3099 3179 3294 3238 hiemis
3332 3185 3622 3254 decedens.

2036 3253 2173 3309 ﬁlios
2192 3271 2321 3311 suos
2341 3257 2520 3313 Titum
2541 3271 2595 3315 et
2627 3264 2993 3322 Domitianum
3033 3269 3278 3330 Caesares
3314 3253 3624 3348 declarans.

2036 3348 2186 3402 illum
2212 3350 2265 3403 in
2290 3353 2570 3408 obsidione
2611 3355 3098 3431 liierosolymitana
3175 3368 3418 3439 reliquit,
3482 3372 3628 3430 hunc

2032 3439 2086 3496 in
2122 3453 2405 3497 externam
2449 3448 2695 3502 militiam
2744 3463 2933 3508 contra
2982 3455 3245 3514 barbaros
3272 3464 3440 3527 misit,
3472 3480 3627 3519 ωηι-

2031 3551 2138 3605 que
2168 3537 2280 3606 jam
2311 3538 2499 3595 Romae
2535 3547 2950 3617 propinquaret,
2983 3567 3193 3619 omnes,
3225 3557 3315 3625 qui
3354 3565 3484 3613 tunc
3518 3560 3629 3617 illic

2032 3629 2284 3691 aderant,
2320 3630 2520 3686 milites
2566 3634 2783 3690 sublato
2811 3639 3030 3706 aemulo,
3079 3642 3351 3713 simulque
3379 3655 3625 3714 senatus,

2031 3732 2155 3770 eum
2207 3718 2376 3775 multo
2401 3724 2685 3791 applausu,
2727 3742 3030 3799 magnaque
3078 3733 3267 3789 laetitia
3298 3738 3628 3807 excipientes

2031 3806 2370 3864 deduxerunt
2394 3829 2411 3875 ;
2432 3813 2526 3879 qui
2548 3814 2709 3869 simul
2727 3832 2789 3872 ac
2818 3817 3095 3888 fastigium
3118 3824 3331 3896 imperii
3358 3806 3628 3888 consceno

2031 3897 2237 3963 disset,
2297 3903 2549 3971 protinus
2616 3920 2811 3965 oumes
2869 3927 3054 3969 rerum
3129 3920 3624 3986 perturbandarum

2032 4001 2285 4048 auctores
2320 3993 2552 4066 iugulari
2612 4003 2892 4073 praecepit,
2936 4017 3103 4077 atque
3129 4009 3203 4064 ita
3241 4025 3440 4082 praeter
3470 4032 3622 4088 spem

2033 4098 2121 4139 res
2159 4085 2403 4141 Romana
2452 4099 2538 4145 est
2570 4093 2771 4150 mirum
2815 4097 2865 4152 in
2915 4102 3455 4178 modumreparata,
3495 4085 3621 4168 bar-

2030 4178 2180 4234 baris
2205 4195 2236 4234 a
2270 4178 2582 4240 Domitiano
2627 4187 3001 4247 internecione
3050 4192 3264 4250 deletis.

2100 4270 2236 4329 Cum
2290 4284 2470 4330 autem
2508 4277 2746 4335 biennali
2795 4283 3079 4339 obsidione
3117 4286 3619 4363 Hierosolymorum

2031 4367 2162 4423 urbs
2197 4380 2559 4439 premeretur,
2600 4389 2665 4430 eo
2719 4378 3064 4435 necessitatis
3105 4396 3316 4451 omnes,
3351 4388 3442 4457 qui
3478 4390 3620 4448 inea

2029 4468 2206 4529 erant,
2237 4464 2444 4521 redacti
2474 4476 2623 4533 sunt,
2656 4477 2716 4523 ut
2743 4468 2887 4527 fame
2919 4475 3282 4541 tabescentes,
3310 4495 3438 4536 suos
3468 4483 3617 4552 ipso-

338 4532 436 4601 τὴν
460 4532 488 4583 ό
514 4531 736 4601 Καῖσαρ
756 4572 771 4593 ,
806 4530 1126 4599 κατακόψας
1151 4530 1242 4583 τὸν
1274 4531 1401 4584 λαὸν
1425 4533 1516 4584 τὸν
1540 4534 1595 4584 ἐν
1625 4535 1764 4607 αὐτῇ
1781 4578 1795 4600 ,
1830 4537 1924 4591 καὶ

2037 4567 2149 4607 rum
2211 4555 2415 4610 liberos
2467 4530 2692 4628 propter
2756 4561 3060 4621 obsidionis
3120 4530 3621 4637 anguistias'edere

342 4620 641 4685 σκυλεύσας
688 4622 870 4674 πᾶσαν
927 4622 1066 4692 μετὰ
1098 4620 1193 4674 τοῦ
1240 4621 1370 4675 λαοῦ
1401 4623 1541 4695 (44)
1594 4628 1730 4698 πυρὶ
1779 4646 1920 4700 παρ-

2026 4658 2372 4717 cogerentur.
2395 4648 2564 4719 Capta
2607 4667 2738 4708 vero
2773 4656 2924 4718 urbe,
2962 4652 3272 4732 populoque
3303 4666 3448 4721 omni
3470 4666 3616 4733 fuso.

340 4712 526 4768 έδωκε.
561 4712 696 4765 Τότε
727 4712 1022 4783 ἐπληρώθη
1057 4715 1084 4765 ό
1118 4712 1275 4781 λόγος
1306 4714 1401 4767 τοῦ
1437 4717 1679 4786 Κυρίου,
1732 4719 1795 4783 ό,
1836 4723 1921 4775 Οὐ

2100 4712 2118 4717 -
2476 4712 2488 4719 .
2911 4712 2921 4718 .
2962 4712 2976 4726 .
3036 4712 3049 4728 .
3084 4712 3268 4732 «τη
3307 4712 3616 4733 ...υ-ι.

2037 4734 2208 4793 Caesar
2239 4739 2383 4796 illam
2413 4757 2478 4797 ac
2506 4744 2654 4799 cives
2684 4748 2956 4815 prardatus
2977 4749 3097 4820 igne
3130 4758 3434 4813 succendit.
3465 4758 3621 4818 Tunc

337 4803 421 4874 μὴ
441 4804 808 4874 ἀφεθήσεται
845 4806 1016 4870 λίθος
1050 4805 1346 4860 ἐπίλίοον
1377 4807 1447 4859 ἐν
1470 4808 1646 4878 αὐτῇ.
1681 4812 1818 4876 Τοὺς
1862 4814 1919 4867 δὲ

2037 4835 2174 4888 exitu
2214 4837 2602 4903 comprobatus
2647 4846 2732 4892 est
2769 4838 2980 4896 Domini
3017 4858 3201 4901 sermo
3234 4865 3249 4903 :
3293 4846 3418 4905 Non
3449 4853 3617 4908 relin-

339 4893 726 4964 αναιρεθέντας
742 4894 1104 4964 διαγράφουσι
1125 4912 1270 4959 τινες
1288 4898 1364 4960 είς
1388 4900 1706 4968 τριακοσίας
1721 4904 1920 4973 μυριά-

334 4986 449 5048 δας.
477 4986 630 5039 Merit
663 4985 721 5038 δὲ
750 4985 849 5057 τὴν
876 4987 1081 5041 ἅλωσιν
1116 4988 1216 5056 τῆς
1248 4990 1455 5052 πόλεως
1485 4991 1647 5044 πάλιν
1677 4992 1911 5047 ἐπανελ-

336 5081 520 5145 Θύντες
552 5083 601 5135 oi
635 5084 817 5137 πιστοὶ
841 5085 921 5145 εἰς
946 5083 1045 5154 τὴν
1074 5085 1237 5152 ἁγίαν
1278 5083 1416 5137 Σιὼν
1439 5128 1452 5151 ,
1524 5088 1922 5159 προεϐάλλοντο

337 5170 590 5242 δεύτερον
620 5174 921 5226 ἐπίσκοπον
961 5173 1351 5245 Ίεσορολύμων
1385 5176 1635 5246 Σιμεῶνα
1660 5219 1672 5242 ,
1702 5179 1794 5233 τὸν
1822 5184 1918 5236 τοῦ

336 5264 555 5321 Κλεόπα
581 5263 677 5316 τοῦ
711 5266 768 5319 ὲν
796 5265 1149 5332 Εὑαγγελίοις
1176 5267 1560 5338 ὲμφερομένου
1584 5310 1600 5335 ,
1638 5273 1917 5345 αὐτόπτην

335 5357 431 5410 καὶ
457 5358 733 5428 ἀκροατὴν
760 5399 774 5421 ,
811 5359 908 5413 καὶ
934 5360 1153 5429 ἀνεψιὸν
1199 5360 1515 5433 ὑπάρχοντα
1542 5364 1637 5418 τοῦ
1681 5366 1913 5439 Κυρίου.

335 5449 585 5516 Κλεόπας
615 5452 674 5506 δὲ
708 5453 936 5524 ἀδελφὸς
971 5449 1042 5526 ἦν
1079 5452 1171 5507 τοῦ
1207 5453 1353 5507 κατὰ
1383 5457 1544 5529 χάριν
1576 5462 1783 5532 πατρὸς
1816 5462 1913 5517 τοῦ

405 5568 450 5601 ³⁸
476 5567 671 5623 Matth.
729 5583 875 5635 xxiv,
910 5566 966 5622 2.

2023 4936 2214 4995 querar
2232 4925 2371 4995 lapis
2395 4942 2553 4997 super
2573 4927 2808 4996 lapidem
2836 4934 2890 4986 in
2914 4948 2976 4987 ea
3000 4935 3067 4990 ".
3092 4935 3231 4991 Sunt
3256 4942 3345 5007 qui
3372 4943 3613 5011 tradunt,

2028 5015 2336 5070 occisorum
2384 5032 2668 5073 numerum
2701 5021 2918 5092 trigesis
2957 5035 3175 5082 centum
3216 5026 3386 5084 fuisse
3420 5032 3610 5089 millia.

2027 5103 2159 5159 Post
2221 5106 2561 5163 devastatam
2614 5119 2794 5164 autem
2843 5114 3032 5168 urbem
3094 5118 3383 5174 redeuntes
3420 5137 3613 5179 omnes

2020 5196 2214 5252 ﬁdeles
2273 5198 2328 5253 in
2393 5197 2570 5267 Sion,
2622 5215 2879 5259 crearunt
2941 5209 3235 5263 secundum
3301 5214 3613 5285 episcopum

2027 5285 2337 5344 Simeonem
2367 5291 2536 5346 ﬁlium
2569 5293 2839 5365 Cleopba,
2865 5297 3019 5367 cujus
3053 5299 3105 5352 in
3133 5297 3430 5372 Evangelia
3462 5321 3615 5360 men-

2027 5380 2101 5433 tio
2151 5380 2266 5448 ﬁt;
2307 5382 2400 5452 qui
2436 5385 2725 5440 Dominum
2777 5386 2953 5455 ipsum
3020 5388 3253 5460 viderat,
3304 5395 3609 5464 audiverat,

2022 5468 2252 5542 ejusque
2304 5475 2662 5532 consobrinus
2707 5473 2906 5533 fuerat.
2949 5478 3220 5550 Cleophas
3255 5500 3388 5542 vero
3438 5486 3612 5546 frater
3674 5564 3677 5565 ν

1833 5649 2059 5711 ΝΟΤΧΕ.

411 5734 521 5808 (ιτ)
542 5732 676 5785 Cod,
707 5733 844 5808 βων.
881 5714 1395 5808 ἐπικειμένων-τῆς
1435 5732 1733 5808 Ῥωμκνίᾳ.
1786 5740 1917 5797 Sch.

330 5807 430 5873 τῆς
475 5803 835 5876 Ῥωμανίαςῗο
874 5803 1090 5871 scripsi,
1125 5806 1191 5872 τῇ
1230 5802 1699 5876 Ῥωμανίᾳ.’8ιιιιῐ
1736 5823 1919 5866 autem

336 5887 386 5930 ﬂ
436 5891 557 5950 qua,
588 5875 938 5938 aniecedum,
978 5885 1031 5927 ei
1060 5888 1180 5941 qua:
1221 5875 1521 5942 sequuntur
1557 5892 1807 5951 excerpta
1852 5897 1919 5939 ex

613 5964 888 6032 Ps'rnon.
921 5969 1041 6031 Gn.
1072 5971 1415 6034 LXXXVII.

2025 5749 2260 5807 Polluce.

2098 5822 2212 5893 (44)
2243 5821 2378 5877 Cod.
2419 5825 2547 5879 Srh.
2578 5825 2716 5894 μετὰ
2743 5825 2836 5878 τοῦ
2872 5829 3024 5898 ναοῦ,
3056 5848 3172 5885 cum
3212 5839 3430 5905 tentplo.

3180 5994 3293 6056 127
