4036 6226
449 388 592 453 ibi?

1669 394 2114 456 ALEXANDRI
2151 395 2495 458 MONACHI

3587 401 3727 470 1018

447 515 590 566 ctus,
627 513 697 554 ue
724 495 953 569 penuria
981 511 1138 569 aqua:
1187 512 1375 556 omnes
1407 500 1718 572 interirent,
1757 503 2029 558 Christia-

2146 503 2243 558 τῶν
2301 507 2645 577 Χριστιανῶν
2683 508 2816 579 εὐχῇ
2868 510 3281 583 περισωθῆναι,
3331 513 3426 568 τοῦ
3475 515 3624 569 Θεοῦ
3665 522 3730 571 ἐν

449 611 641 654 norum
673 593 926 666 precibus
953 593 1026 649 sit
1051 601 1428 660 conservatus,
1476 594 1586 651 Deo
1619 595 1674 650 in
1709 594 1847 654 locis
1873 611 2030 669 aquae

447 688 768 762 expertibus
826 685 1104 758 ingentem
1155 685 1286 754 ipsis
1332 687 1562 742 imbrem
1607 687 1878 746 mittente.
1912 688 2028 746 Mo-

443 785 590 840 ritur
638 790 820 840 autem
881 781 1076 845 Verus,
1125 782 1215 836 cui
1249 783 1302 836 in
1353 781 1646 850 imperium
1697 781 2030 840 Commodus

448 878 695 937 succedit
739 893 836 948 per
866 891 1041 931 annos
1066 876 1379 931 duodecim.
1427 872 1558 930 Post
1585 889 1746 945 quem
1777 875 2030 944 impera-

451 969 528 1024 vit
551 968 815 1024 Pertiuax
847 980 1187 1047 menses,sex
1219 1005 1251 1032 ,.
1270 973 1395 1037 post
1419 965 1564 1020 hunc
1591 963 1830 1019 Severus
1855 975 2030 1018 annos

447 1061 797 1128 octodecim;
857 1058 960 1114 sub
1006 1073 1114 1128 quo
1163 1059 1326 1114 etiam
1381 1059 1616 1114 maxima
1653 1055 2030 1127 persecutione

446 1151 706 1212 excitata,
766 1147 919 1205 multi
977 1148 1178 1217 ubique
1232 1146 1476 1202 locorum
1541 1143 1788 1214 martyrii
1839 1142 2028 1200 laurea

447 1251 576 1296 sunt
603 1240 878 1317 coronati.

517 1354 636 1411 Hoc
684 1370 819 1411 vero
861 1353 1136 1408 exstincto
1175 1353 1486 1408 Antoninus
1537 1349 1822 1407 Caraealla
1857 1365 2032 1421 annos

447 1455 655 1519 septem
731 1445 1039 1516 imperavit,
1110 1458 1350 1516 eumque
1422 1443 1706 1512 excipiens
1760 1441 2033 1497 Macrinus

449 1555 617 1594 unum
686 1552 912 1604 annum,
973 1547 1026 1592 et
1088 1545 1210 1607 post
1252 1535 1594 1606 lmncalius
1659 1533 1788 1589 item
1853 1535 2030 1588 Ante-

451 1629 614 1684 niuus
663 1641 838 1682 annos
881 1627 972 1694 14,
1032 1625 1232 1681 deinde
1261 1623 1572 1680 Alexander
1600 1638 1774 1678 annos
1810 1623 1899 1681 15.
1951 1621 2032 1678 Illi

450 1729 604 1782 vero,
639 1713 732 1784 qui
763 1713 832 1768 ab
859 1713 1082 1768 Adriani
1119 1712 1372 1783 imperio,
1417 1711 1468 1765 in
1504 1711 1726 1766 civitate
1776 1709 2032 1776 Eliensi,

449 1808 519 1864 ad
576 1807 923 1876 episcopatus
976 1802 1251 1871 fastigium
1311 1803 1488 1856 evecti
1542 1813 1694 1865 sunt,
1741 1811 2034 1872 sequentes

2131 595 2382 668 ἀνύδροις
2433 599 2624 662 τάττοις
2681 597 3103 666 ἀποστείλαντος
3157 604 3346 669 αὐτοῖς
3402 606 3500 660 τὸν
3545 607 3732 665 ὑετόν.

2132 688 2572 760 Τελευτήσαντος
2597 689 2656 743 δὲ
2675 690 2909 761 -Ούήρου
2947 691 3258 764 διαδέχεται
3290 698 3390 768 τὴν
3411 700 3735 770 ἡγεμονίαν

2132 781 2424 852 Κόμμοδος
2453 782 2552 854 ἔτη
2587 782 2820 838 δώδεκα.
2863 784 3001 837 Μετ’
3026 785 3192 840 αὐτὸν
3225 787 3562 844 ἐϐασίλευσε
3593 793 3739 864 Περ-

2131 872 2285 941 ’πίναξ
2337 875 2516 944 μῆνας
2559 875 2640 940 ἒξ.
2690 876 2842 930 Μετᾶ
2888 875 3076 930 τοῦτον
3124 879 3446 934 ἐϐασίλευσε
3479 882 3734 952 Σεδῄιος

2133 961 2227 1034 ἔτη
2284 964 2417 1018 δέκα
2473 968 2567 1019 καὶ
2609 965 2756 1020 ὀκτὼ
2813 983 2826 998 ·
2852 967 2940 1036 ἐφ’
2993 962 3095 1036 οὗ,
3155 967 3402 1042 διωγμοῦ
3483 971 3735 1044 μεγάλου

2133 1055 2448 1128 κινηθέντος
2477 1097 2492 1123 ,
2527 1057 2714 1112 πολλοὶ
2762 1060 2914 1115 κατὰ
2947 1061 3128 1117 πάντα
3167 1061 3336 1119 τόπον
3397 1065 3735 1138 ἐμαρτύρη-

2136 1165 2257 1203 σαν.

2205 1349 2412 1404 Τούτου
2447 1349 2516 1404 δε
2559 1350 2988 1422 τελευτήσαντος
3032 1354 3355 1417 ’Δντωνῖνος
3391 1354 3737 1426 Καράκαλος

2133 1439 2228 1511 ἔτη
2253 1440 2413 1504 ἑπτά,
2441 1443 2720 1514 Μακρῖνος
2739 1443 2931 1496 τοῦτον
2963 1445 3347 1517 διαδεξάμενος
3371 1447 3738 1501 ἐϐασίλευσεν

2134 1532 2253 1597 ἔτος
2281 1533 2360 1587 ἓν.
2412 1535 2518 1589 Καὶ
2569 1537 2686 1606 μετ’
2727 1535 2893 1588 αὐτὸν
2937 1535 3250 1602 Ἀντωνῖνος
3283 1538 3443 1603 ἄλλος
3473 1538 3581 1611 ἐτη
3611 1554 3736 1594 τεσ-

2135 1625 2530 1694 σαῳκαίδεκα.
2563 1624 2912 1682 Ἐϐασίλευσε
2965 1630 3103 1699 μετὰ
3129 1629 3318 1684 τοῦτον
3377 1631 3740 1704 Ἀλέξανδρος

2135 1715 2234 1787 ἐτη
2259 1717 2390 1788 τρία
2437 1717 2536 1772 καὶ
2588 1717 2744 1781 δέκα,
2808 1721 2873 1774 Οί
2930 1719 2990 1774 δὲ
3049 1721 3195 1776 κατὰ
3241 1723 3340 1795 τὴν
3403 1725 3602 1778 Αἰλίαν
3641 1740 3737 1794 γε-

2135 1807 2352 1879 νόμενοι
2407 1809 2696 1864 ἐπίσκοποι
2751 1811 2848 1865 άπθ
2897 1811 3178 1883 Ἀδριανοῦ
3242 1815 3343 1882 τῆς
3397 1813 3731 1886 βασιλείας.

453 1878 674 1954 fuerunt
719 1895 1008 1961 :Marcus,
1060 1895 1373 1962 Cassianus,
1435 1893 1680 1962 Publius,
1738 1894 2026 1961 Maximus,

2146 1878 2277 1956 ιῦτοί
2299 1903 2406 1955 εἰσι
2427 1916 2440 1932 ο
2475 1902 2726 1974 Μάρκος,
2764 1878 3094 1972 Κασσιανὸς,
3119 1878 3410 1973 Πούπλιος,
3433 1908 3736 1979 Μάξιμος,

451 1993 720 2059 Julianus,
779 1991 970 2054 Caius,
1019 1989 1274 2046 Julianus
1333 1990 1496 2056 alter,
1538 1987 1756 2060 Capito,
1819 1989 2036 2056 Valens,

455 2085 829 2150 Dolichianus,
882 2081 1203 2150 Narcissus,
1245 2083 1338 2153 qui
1390 2082 1680 2139 Narcissus
1723 2083 2038 2154 apostolicis

452 2179 669 2235 dotibus
706 2177 1028 2249 cumprimis
1073 2174 1326 2243 illustris,
1355 2185 1411 2230 et
1445 2175 1646 2230 silentii
1677 2190 1742 2231 ac
1784 2175 2040 2232 solitudi-

455 2274 539 2329 nis
583 2287 795 2340 amans,
845 2273 1218 2344 episcOpatum
1261 2271 1528 2326 deserens
1568 2270 1620 2324 in
1669 2270 1916 2342 ignotum
1961 2271 2038 2325 lo-

455 2385 576 2424 cum
613 2367 878 2438 profugit,
925 2377 982 2422 et
1019 2380 1142 2421 cum
1178 2365 1269 2420 diu
1321 2367 1664 2436 multumque
1689 2381 1722 2419 a
1747 2363 1952 2434 populo
1983 2373 2042 2418 et

456 2465 732 2537 episcopis
773 2463 920 2520 illius
964 2461 1259 2533 provinciae
1306 2464 1570 2534 quaesitus
1619 2477 1726 2518 non
1767 2460 2042 2517 invenire-

460 2571 569 2625 tur,
627 2559 958 2625 subrogatur
1009 2556 1064 2610 in
1093 2553 1238 2622 ejus
1275 2555 1454 2610 locum
1486 2557 1773 2624 episcopus
1799 2554 1950 2621 Dius,
1987 2562 2042 2607 et

459 2661 582 2722 post
620 2667 744 2705 eum
781 2647 1152 2715 Germanion;
1186 2647 1313 2702 huic
1345 2648 1589 2702 succedit
1634 2645 1888 2703 Gordias.
1928 2643 2043 2700 Sub

462 2749 566 2802 hoc
603 2742 894 2800 Narcissus
919 2743 1141 2804 iterum,
1171 2749 1431 2810 tanquam
1454 2756 1520 2796 ex
1557 2740 1758 2812 adytis,
1787 2749 2039 2812 apparet,

463 2839 676 2910 fuitque
711 2852 834 2892 cum
872 2835 1046 2889 electo
1073 2835 1354 2904 episcopo,
1393 2841 1553 2908 aitate
1581 2833 1876 2888 admodum
1909 2847 2041 2904 pro-

463 2941 639 2998 vecta,
691 2931 763 2984 ita
830 2940 890 2983 nt
947 2927 1260 2982 tricesimus
1307 2942 1336 2980 a
1380 2925 1664 2981 Dominica
1703 2926 1954 2995 passione
1987 2927 2040 2979 in

460 3025 845 3094 episcoporum
893 3019 1089 3074 ordine
1133 3019 1354 3074 vixerit.
1390 3017 1656 3087 Episcopo
1677 3027 1886 3081 autem,
1920 3032 2041 3070 cum

461 3132 570 3188 quo
605 3123 977 3171 cummoratus
1020 3111 1220 3177 fuerat,
1271 3111 1550 3175 del'uucto,
1591 3119 1646 3164 et
1685 3107 1946 3163 Narcisso
1975 3107 2042 3160 ad

463 3220 762 3264 extremam
849 3215 1186 3261 senectutem
1255 3203 1367 3272 jam
1443 3217 1733 3271 progresso
1797 3201 2042 3272 (centum

463 3301 606 3354 enim
642 3307 699 3353 et
737 3296 1010 3352 sexdecim
1061 3309 1233 3348 annos
1275 3296 1639 3363 excesserat),
1671 3292 2042 3347 Alexandrum

463 3389 753 3461 quemdam
794 3386 1132 3457 episcopum,
1167 3385 1232 3439 ab
1272 3384 1378 3438 alia
1424 3383 1730 3455 provincia,
1763 3382 2044 3452 religionis

463 3495 618 3550 ergo,
671 3479 738 3531 ad
791 3491 946 3550 sacra
1001 3475 1117 3531 loca
1164 3475 1501 3539 venientem,
1531 3487 1631 3542 pro
1667 3473 1809 3542 ipso,
1853 3489 1920 3528 ex
1959 3474 2044 3526 di—

465 3577 588 3628 vina
670 3569 1006 3626 revelatione
1086 3570 1402 3638 episcopum
1479 3565 2044 3638 llierosolymitauum

466 3667 828 3725 constituunt,
868 3661 1056 3717 multis
1101 3677 1223 3717 eum
1255 3662 1322 3716 ad
1366 3660 1422 3715 id
1465 3659 1942 3715 cohortationibus
1971 3659 2048 3711 in-

469 3758 721 3821 citautes,
763 3754 855 3824 qui
909 3753 1124 3807 tandem
1161 3753 1428 3824 martyrio
1472 3763 1908 3808 consummatur.
1946 3753 2047 3805 At-

467 3866 574 3920 que
619 3849 704 3904 his
755 3846 1091 3916 temporibus
1144 3842 1387 3900 Ecclesia
1443 3843 1682 3915 Deilalta
1728 3857 1864 3912 pace
1899 3841 2046 3896 frue-

467 3945 648 4008 batur,
708 3956 774 3995 eo
821 3942 962 4009 quod
1007 3949 1182 3994 mater
1244 3936 1615 4009 imperatoris,
1652 3935 1902 4004 Mamaea,
1959 3937 2044 4005 pia

468 4032 760 4087 admodum
788 4029 880 4082 Dei
905 4027 1105 4084 cultrix
1131 4035 1272 4082 erat.

540 4138 854 4196 Alexandro
899 4146 1083 4194 autem
1121 4138 1189 4194 ab
1237 4137 1471 4210 imperio
1500 4138 1819 4204 decedente,
1860 4153 2051 4194 susce-

468 4237 546 4303 pit
577 4235 704 4291 illud
757 4231 1088 4289 Maximinus
1137 4245 1237 4302 per
1269 4245 1440 4288 annos
1470 4239 1604 4286 tres.
1639 4231 1737 4286 Hic
1770 4232 1968 4287 acerbe
1994 4232 2046 4284 in

468 4331 758 4385 Alexandri
814 4325 1077 4381 fainiliam
1160 4325 1438 4390 invectus,
1496 4325 1932 4396 persecutionem
1991 4327 2047 4380 in

468 4423 812 4478 Christianos
844 4419 1215 4484 resuscitavit,
1265 4418 1638 4488 praesidesque
1671 4417 2046 4472 Ecclesiarum

470 4517 538 4569 de
569 4514 745 4568 medio
792 4512 904 4567 tolli
943 4513 1218 4582 praecepit,
1271 4523 1526 4584 tanquam
1579 4511 2048 4582 blasphemiarum

2151 1993 2458 2058 Ἰουλιανὸς,
2519 1995 2680 2058 Γάϊος
2719 2035 2734 2059 ,
2817 1997 3103 2062 Ἰουλιανὸς
3147 1998 3333 2070 ἕτερος
3366 2039 3382 2062 ,
3439 2001 3736 2062 Καπίτων,

2137 2085 2388 2156 Οὐάλης,
2447 2087 2758 2158 Δολιχιανὸς
2816 2087 3130 2160 Νάρκισσος
3184 2091 3318 2160 (49}.
3389 2084 3570 2154 Οὗτος
3625 2093 3738 2146 δὲό

2137 2176 2446 2246 Ναρκισσδς
2484 2179 2860 2244 ἁποστολικοῖς
2884 2182 3194 2252 χαρίσμασι
3237 2181 3734 2255 λαμπρυνόμενος,

2139 2271 2234 2322 καὶ
2277 2270 2374 2341 τῆς
2423 2271 2653 2342 ἡσυχίας
2693 2272 2860 2343 ἐρῶν,
2909 2274 3244 2346 καταλείψας
3273 2276 3372 2348 τὴν
3419 2278 3739 2350 ἐπισκοπὴν

2139 2363 2220 2425 εἰς
2273 2362 2587 2430 ἀγνώστους
2639 2366 2841 2430 τόπους
2877 2367 3116 2439 ἀπέδρα.
3165 2367 3342 2424 Πολλὰ
3395 2369 3734 2442 ζητηθέντος

2141 2454 2245 2508 ὑπὸ
2272 2453 2366 2507 τοῦ
2396 2453 2524 2508 λαοῦ
2552 2456 2646 2509 καὶ
2666 2457 2778 2511 τῶν
2809 2458 2909 2528 τῆς
2941 2459 3213 2531 ἐπαρχίας
3239 2462 3562 2517 ἐπισκόπων
3590 2504 3607 2530 ,
3643 2465 3738 2518 καὶ

2144 2547 2219 2618 μὴ
2256 2547 2612 2619 εὑρεθέντος,
2657 2551 3022 2621 προϐάλλεται
3069 2552 3183 2607 ἀντ’
3208 2555 3374 2608 αὐτοῦ
3425 2558 3734 2620 ἐπίσκοπος

2141 2637 2286 2703 Διὸς,
2316 2637 2436 2708 μετ’
2469 2638 2632 2692 αὐτὸν
2659 2640 3004 2712 Γερμανίων.
3030 2643 3237 2698 Τοῦτον
3262 2645 3572 2718 διαδέχεται
3595 2648 3734 2718 Γορ-

2140 2727 2281 2792 δίας.
2317 2729 2445 2782 Ἐπὶ
2466 2729 2680 2799 τούτου,
2706 2730 2897 2806 ὥσπερ
2928 2733 2988 2798 ἐξ
3025 2735 3236 2790 ἀδύτων
3259 2777 3274 2804 ,
3300 2737 3464 2792 πάλιν
3496 2738 3734 2808 ἀναφαί-

2143 2837 2295 2874 νεται
2323 2822 2656 2894 Νάρκισσος.
2691 2823 2797 2878 Καὶ
2821 2820 2889 2896 ἦν
2927 2828 3026 2881 σὺν
3045 2827 3123 2899 τῷ
3145 2829 3582 2902 χειροτονηθέντι
3615 2833 3734 2885 em-

2147 2911 2338 2984 σκόπιρ
2378 2914 2558 2985 γέρων
2607 2915 2742 2968 πολύ
2783 2917 3067 2988 ὑπάρχων,
3103 2920 3178 2984 ὡς
3199 2917 3343 2974 εἶναι
3377 2921 3544 2976 αὐτὸν
3571 2938 3730 2994 τρια-

2145 3005 2339 3062 κοστὸν
2369 3007 2479 3060 ἀπὸ
2520 3007 2614 3060 τοῦ
2643 3009 2913 3080 σωτηρίου
2959 3010 3186 3075 πάθους.
3218 3011 3327 3064 Τοῦ
3363 3011 3421 3066 δὲ
3456 3013 3556 3066 σὺν
3582 3011 3731 3084 αὐτῷ

2148 3099 2448 3154 ἐπισκόπου
2474 3100 2855 3165 τελειωθέντος
2881 3103 2975 3156 καὶ
2999 3103 3092 3156 τοῦ
3131 3104 3446 3176 Ναρκίσσου
3483 3106 3730 3178 ὐπεργη·

2152 3193 2434 3263 ράσαντος,
2461 3189 2528 3264 ἦν
2558 3193 2670 3264 γὰρ
2691 3194 2831 3248 ὲτῶν
2891 3195 3085 3250 ἑκατὸν
3126 3195 3436 3265 ἑξκαίδεκα,
3480 3199 3726 3267 Ἀλέξαν-

2073 3264 2114 3322 C
2148 3285 2273 3355 δρύν
2295 3303 2415 3339 τινα
2460 3286 2759 3340 ἐπίσκοπον
2779 3287 2888 3342 ἀπὸ
2923 3289 3116 3360 ἑτέρας
3160 3289 3344 3360 χώρας
3393 3264 3724 3356 ἐλθόντα-είς

2149 3379 2522 3449 προσκύνησιν
2570 3379 2680 3433 τῶν
2725 3379 2897 3449 ἁγίων
2941 3383 3163 3448 τόπων,
3207 3384 3326 3436 ἀντ’
3373 3383 3542 3438 αὐτοῦ
3586 3384 3722 3438 κατὰ

2148 3469 2490 3540 ἀποκάλυψιν
2537 3469 2674 3524 Θεοῦ
2713 3473 3045 3525 καθιστῶσιν
3079 3475 3381 3528 ἐπίσκοπον
3430 3474 3715 3546 Ἰεροσολύ-

2153 3579 2290 3633 μων,
2325 3562 2492 3616 πολλὰ
2523 3563 2685 3617 αὐτὸν
2731 3564 3236 3635 παρακαλέσαντες,
3269 3567 3417 3630 ὅστις
3464 3571 3557 3621 καὶ
3585 3583 3710 3636 μαρ·

2148 3655 2322 3726 τυρίῳ
2377 3653 2606 3727 ὕστερον
2642 3657 2966 3711 τελειοῦται.
3019 3659 3154 3710 Κατ’
3210 3661 3454 3724 ἐκείνους
3503 3662 3558 3714 δὲ
3595 3661 3709 3724 τούς

2152 3748 2378 3820 χρόνους
2420 3749 2614 3821 εἰρήνη
2649 3748 2821 3822 πολλὴ
2853 3751 3100 3825 ὑπῆρχεν
3139 3753 3197 3804 ἐν
3238 3755 3355 3817 ταῖς
3381 3751 3714 3824 Ἐκκλησὶαις

2147 3840 2246 3895 τοῦ
2277 3841 2433 3896 Θεοῦ.
2456 3838 2565 3896 Ἦν
2603 3843 2711 3917 γὰρ
2740 3845 2773 3916 ἡ
2808 3845 2989 3918 μήτηρ
3014 3845 3106 3898 τοῦ
3150 3847 3572 3919 αὐτοκράτορος,
3599 3847 3714 3900 Μα-

2157 3935 2313 4005 μαία,
2347 3935 2605 4008 θεοσεϐὴς
2630 3937 2771 3994 λίαν.

2237 4137 2602 4214 Ἀλεξάνδρου
2655 4141 2713 4194 δὲ
2769 4139 3222 4205 καταπαύσαντος
3252 4140 3351 4213 τὴν
3387 4142 3583 4214 ἀρχὴν,
3610 4139 3719 4194 δια·

2152 4234 2368 4306 δέχεται
2399 4234 2497 4305 τὴν
2551 4234 2851 4306 ἡγεμονίαν
2893 4234 3198 4303 Μαξιμῖνος
3233 4233 3331 4306 ἐτη
3384 4235 3532 4304 τρία.
3564 4227 3722 4295 Οὗτος

2155 4327 2341 4390 κακῶς
2395 4327 2473 4400 τῷ
2536 4327 2887 4398 Ἀλεξάνδρου
2921 4327 3056 4398 οίκῳ
3102 4329 3451 4400 χρησάμενος
3491 4325 3725 4398 διωγμὸν

2154 4419 2348 4492 ἡγειρε
2376 4420 2517 4472 κατὰ
2549 4419 2656 4472 τῶν
2694 4419 3058 4490 Χριστιανῶν,
3093 4420 3187 4472 καὶ
3231 4421 3357 4484 τοὺς
3383 4420 3726 4491 προεστῶτας

2157 4511 2265 4564 τῶν
2305 4509 2643 4580 Ἐκκλησιῶν
2679 4510 3022 4581 ἀναιρεῖσθαι
3055 4513 3400 4582 προστάττει,
3421 4511 3496 4574 ὡς
3521 4511 3728 4572 αίτίους

473 4607 526 4660 iu
563 4604 696 4661 deos
745 4619 874 4660 suos
916 4614 1189 4660 auctores.
1237 4603 1315 4660 Eo
1365 4616 1580 4661 mortuo
1621 4603 1923 4658 Romanum
1957 4621 2042 4658 as-

2157 4603 2262 4658 τῶν
2290 4605 2370 4668 είς
2391 4605 2516 4668 τοὺς
2567 4605 2722 4668 θεοὺς
2755 4605 3134 4677 βλασφημιῶν.
3169 4608 3370 4660 Τούτου
3395 4606 3454 4661 δὲ
3479 4606 3731 4676 τελευτή-

473 4698 705 4766 sumpsit
757 4697 1042 4766 imperium
1093 4695 1370 4768 Pupieuus
1423 4707 1640 4753 etcum
1691 4712 1756 4752 eo
1788 4696 2050 4752 Balbinus

474 4805 691 4846 menses
731 4801 863 4844 tres.
920 4789 1014 4846 His
1056 4791 1303 4846 succedit
1353 4787 1658 4844 Gordianus
1706 4806 1880 4846 annos
1933 4807 2050 4854 sex,

473 4894 592 4953 post
627 4899 751 4940 eum
809 4883 1088 4954 Philippus
1135 4883 1438 4954 imperator
1481 4899 1656 4937 annos
1691 4893 1921 4953 septem.
1954 4883 2053 4936 Hie

471 4977 689 5031 demum
721 4989 847 5030 vere
879 4976 931 5029 iu
960 4973 1245 5029 Christum
1292 4973 1544 5030 credidit.
1588 4975 1788 5030 Verum
1835 4975 2052 5042 Decius,

473 5067 671 5123 diaboli
723 5069 1014 5134 minister,
1065 5083 1190 5122 eum
1240 5067 1587 5135 iuterimeus,
1633 5069 1920 5138 imperium
1961 5085 2056 5138 per

473 5175 646 5214 minus
699 5161 836 5216 duos
877 5161 1138 5216 obtinuit.
1189 5160 1304 5216 Sub
1361 5175 1468 5230 quo
1515 5161 1644 5216 dum
1699 5162 2054 5217 acerbissima

475 5254 778 5322 persecutio
815 5263 963 5308 esset
997 5263 1212 5320 exorta,
1247 5253 1516 5308 innumeri
1551 5253 1750 5322 ubique
1780 5255 2055 5325 martyrio

474 5359 604 5400 sunt
643 5345 849 5402 all‘ecti.
882 5348 956 5400 Eo
995 5355 1178 5402 autem
1227 5363 1333 5400 una
1367 5362 1486 5400 cum
1519 5346 1708 5402 liberis
1742 5347 2054 5411 interfecto,

473 5438 658 5492 Gallus
697 5450 754 5494 et
789 5438 1116 5494 Volusianus
1155 5439 1206 5492 iu
1255 5439 1546 5509 imperium
1595 5453 1692 5507 per
1742 5447 1853 5494 tres
1881 5454 2056 5492 annos

473 5531 800 5596 succedunt,
849 5541 968 5602 post
997 5547 1134 5600 quos
1193 5529 1513 5586 Valerianus
1565 5539 1619 5584 et
1664 5529 1919 5585 Galieuus
1967 5546 2056 5585 se-

2159 4711 2352 4758 σαντος
2379 4695 2485 4748 τῶν
2529 4695 2816 4767 Ῥωμαίων
2850 4699 3024 4768 ἀρχὴν
3059 4699 3480 4769 παραλαμϐάνει
3535 4700 3730 4753 [Immi-

2158 4803 2244 4849 νος
2280 4788 2372 4845 καὶ
2395 4786 2654 4852 Βαλὸἰνος
2679 4789 2854 4859 μῆνας
2887 4791 3056 4862 τρεῖς.
3089 4791 3331 4855 Τούτους
3352 4793 3409 4846 δὲ
3437 4793 3726 4863 διαδέχεται

2161 4879 2449 4950 Γορδιανὸς
2476 4881 2662 4952 ἑτηιὲξ.
2682 4882 2838 4936 Μετὰ
2862 4881 3054 4936 τοῦτον
3075 4883 3345 4948 Φίλιππος
3378 4887 3727 4956 αὐτοκράτωρ

2159 4971 2254 5042 ἔτη
2277 4973 2418 5024 ἑπτὰ
2443 4972 2792 5028 ἐϐασίλευσεν
2821 4989 2839 5006 ⁸
2867 4969 3020 5040 οὗτος
3047 4979 3285 5046 γνησίως
3315 4977 3637 5033 ἐπίστευσεν
3657 4977 3724 5037 εἰς

2159 5065 2394 5135 Χριστόν
2421 5082 2434 5096 ο
2482 5066 2597 5119 ἀλλ’
2631 5068 2658 5120 ὁ
2706 5068 2986 5140 ὑπηρέτης
3021 5068 3118 5122 τοῦ
3152 5071 3369 5124 Σατανᾶ
3401 5071 3593 5137 Δέκιος
3621 5069 3722 5125 τοῦ·

2159 5174 2249 5211 τον
2277 5159 2604 5224 ἀποκτείνας
2633 5161 2868 5232 κατέσχε
2888 5163 2988 5232 τὴν
3016 5161 3295 5232 βασιλείαν
3333 5162 3429 5234 ἔτη
3462 5164 3582 5220 δύο.
3619 5157 3729 5216 Ἐπὶ

2159 5249 2374 5314 τούτου,
2396 5249 2636 5322 διωγμοῦ
2668 5252 2798 5322 χαλε
2809 5251 2907 5306 ποῦ
2953 5253 3289 5326 κινηθέντος.
3315 5255 3416 5309 οὐκ
3440 5255 3735 5326 εὐαρίθμη-

2158 5359 2242 5395 τοι
2274 5342 2416 5398 κατὰ
2440 5342 2641 5408 τόπους
2669 5345 3082 5418 ἐμαρτύρησαν.
3125 5347 3329 5402 Τούτου
3360 5347 3419 5402 δὲ
3447 5347 3546 5401 σὺν
3589 5344 3740 5402 παισὶ

2163 5435 2632 5506 κατασφαγέντος,
2651 5435 2956 5510 διαδέχεται
2983 5439 3086 5510 τὴν
3119 5439 3402 5512 βασιλείαν
3421 5439 3623 5502 Γάλλος
3649 5438 3743 5494 καὶ

2168 5529 2515 5594 Βουλισιανὺς
2557 5530 2656 5603 ἔτη
2684 5534 2824 5603 τρίατ
2881 5532 2975 5585 καί⁸
3021 5533 3243 5598 τούτους
3286 5534 3343 5587 δὲ
3381 5531 3743 5605 Οὐαλεριανὸς

1998 5707 2232 5766 ΝΟΤᾹΣ.

546 5799 1160 5882 (ιθλΝοιιοοιινοιιὶιιιιι
1194 5801 1306 5854 haec
1329 5815 1449 5882 cum
1469 5801 1879 5882 enumeratione
1902 5801 2059 5882 Nice-

480 5869 717 5945 piiOriiu
761 5869 1024 5927 Chronico
1055 5888 1072 5927 :
1105 5888 1262 5942 quem
1299 5871 1438 5926 vide.
1485 5871 1622 5928 Cod.
1655 5873 1782 5928 Sch.
1815 5885 1935 5942 pust
1979 5871 2066 5929 Ju-

2169 5802 2392 5883 lianum,
2429 5804 2588 5883 habet
2616 5806 2718 5883 hos
2742 5806 2836 5883 ιξο
2869 5807 3184 5883 Σύμμαχος,
3216 5810 3374 5874 Γάϊος
3397 5811 3607 5883 ἔτερος,
3639 5806 3746 5863 Κα-

2181 5877 2385 5945 πητων,
2424 5875 2664 5948 Οὐάλης,
2689 5875 3020 5950 Δολιχιανδς,
3055 5875 3390 5952 Νάρκισσος.
3420 5875 3527 5938 σιξ.
