4036 6226
353 307 492 373 ίθέ9

1310 317 1406 378 DE
1450 317 1923 381 INVENTIONE
1957 317 2264 381 SANCT/E
2289 320 2584 384 CRUCIS.

3481 321 3622 387 40330

350 422 446 475 καὶ
480 420 718 492 Γαληνδς
758 422 866 494 (50)
917 424 1223 496 διαδέχεται
1258 426 1352 499 ἔτη
1397 429 1717 485 δεκαπέντε.
1766 420 1937 494 Οὗτος

2050 441 2281 499 quitntur
2321 448 2420 502 per
2453 448 2624 490 annos
2656 435 2987 504 quindecim.
3015 436 3110 492 llle
3134 450 3325 509 magna
3362 438 3416 492 iu
3457 438 3623 494 Chri—

348 514 591 587 διωγμὸν
624 517 796 586 μέγαν
817 515 960 570 κατὰ
991 518 1337 588 Χριστιανῶν
1364 522 1606 593 ἤγειρεν.
1636 522 1775 578 Ὑπὸ
1805 524 1940 596 βαρ-

352 609 538 679 6άρων
582 609 641 664 δὲ
688 610 1254 681 αἰχμαλωτισθέντας,
1307 615 1336 669 6
1362 616 1477 680 υίὸς
1523 615 1690 670 αὑτοῦ
1735 615 1940 671 ἔπαυσε

352 703 448 756 τὸν
477 702 738 774 διωγμόν.

439 796 527 849 Ἐν
552 797 609 850 δὲ
636 795 1157 871 ΑίλίᾳἈλεξανδρος
1176 802 1534 873 μαρτυρήσας
1566 803 1942 875 Μαρζαδάνην

356 886 600 957 διάδοχον
621 889 723 958 τῆς
751 890 1091 961 λειτουργίας
1112 893 1395 962 κατέλιπε,
1424 894 1520 949 καὶ
1540 893 1731 949 τοῦτον
1780 895 1944 962 Ὑμέ-

357 999 510 1046 ναιος
536 982 866 1054 διαδέχεται.
909 986 1068 1040 Μετά
1093 987 1333 1057 Γαληνὸν
1373 988 1636 1053 Κλαύδιος
1656 989 1942 1044 ἐϐασίλευ-

357 1091 453 1130 σεν
480 1074 573 1145 ἐτη
597 1074 709 1130 δύο.
737 1077 847 1130 Καὶ
872 1077 1062 1131 τούτου
1076 1078 1318 1150 διάδοχος
1347 1081 1587 1151 κατέστη
1623 1081 1944 1154 Ἀουρηλια-

356 1164 449 1229 νδς
504 1165 597 1234 ἔτη
633 1166 714 1231 ἒξ.
746 1162 751 1167 ’
778 1166 936 1222 Μετὰ
979 1168 1170 1223 τοῦτον
1217 1169 1451 1235 Τάκιτος
1490 1174 1587 1225 καὶ
1631 1171 1942 1244 Φλωριανὸς

357 1258 673 1330 ἐκράτησαν
705 1259 880 1329 μῆνας
902 1261 1080 1316 ἐννέα.
1110 1262 1313 1317 Τούτου
1349 1263 1558 1335 Πρόδος
1584 1263 1829 1337 διάδοχος
1845 1265 1944 1334 γέ-

362 1367 520 1421 γονεν
572 1352 668 1423 ἐτη
699 1351 780 1418 ἒξ.
821 1354 1024 1409 Τούτου
1057 1346 1115 1408 δὲ
1149 1355 1571 1427 τελευτήσαντος
1616 1357 1714 1428 τὴν
1741 1361 1945 1429 ἡγεμο-

358 1447 478 1500 νίαν
534 1447 752 1515 ἐδέξατο
807 1450 994 1522 Κάρος
1044 1451 1141 1505 σὺν
1174 1452 1291 1512 τοῖς
1339 1452 1476 1516 υἱοῖς
1509 1449 1675 1504 αὐτοῦ
1721 1451 1945 1523 Καρινῳ

360 1541 458 1595 καὶ
487 1539 856 1614 Νουμεριανῷ
884 1542 979 1614 ἔτη
1008 1542 1122 1599 δύο.
1160 1542 1315 1597 Μετά
1356 1542 1580 1607 τούτους
1621 1542 1945 1616 μετέρχεται

359 1634 640 1706 βασιλείαν
675 1636 1059 1708 Διοκλητιανδς
1099 1639 1194 1691 καὶ
1259 1637 1602 1706 Μαξιμιανὸς
1629 1638 1803 1693 εἴκοσι
1849 1638 1947 1692 καὶ

359 1727 420 1782 ἓν
437 1730 579 1793 ἔτος.
600 1729 725 1783 Ἐπὶ
746 1728 954 1785 τούτων
982 1732 1011 1783 6
1027 1729 1330 1802 βαρύτατος
1347 1733 1438 1785 καὶ
1467 1732 1811 1802 μακρότατος
1834 1732 1945 1786 τῶν

356 1820 707 1892 Χριστιανῶν
756 1822 946 1891 γέγονε
987 1792 1249 1894 δίωγμδς,
1277 1792 1336 1877 ὲν
1364 1816 1410 1891 ᾧ
1456 1792 1821 1896 ἀναρίθμητοι
1851 1824 1944 1878 καὶ
1976 1792 2020 1848 Β

355 1914 551 1986 Κυρίῳ
610 1916 757 1988 μόνῳ
807 1917 1154 1988 ὲγνωσμέναι
1207 1916 1469 1987 μυριάδες
1524 1918 1939 1988 ἐμαρτύρησαν.

369 2005 459 2059 Ἐν
486 2005 646 2077 Αίλίᾳ
674 2008 1038 2079 δὲ’Υμέναιος
1063 2008 1163 2078 τὴν
1194 2007 1535 2079 λειτουργίαν
1561 2010 1942 2076 καταπαύσας,

356 2099 539 2153 Ζαύδα
577 2100 824 2170 διάδοχον
873 2101 1040 2155 αὑτοῦ
1066 2101 1482 2169 καταλέλοιπεν,
1515 2102 1610 2157 καὶ
1632 2102 1823 2158 τούτου
1850 2121 1944 2157 τε-

355 2191 742 2264 λευτήσαντος,
763 2194 990 2266 Ἕρμων
1014 2195 1106 2250 τὸν
1132 2196 1322 2268 θρόνον
1337 2198 1601 2269 κατέσχεν
1639 2198 1942 2271 Ἰεροσολύ-

358 2302 498 2353 μων.

427 2465 493 2519 Οί
517 2463 575 2519 δὲ
605 2466 733 2538 περὶ
776 2467 1162 2540 Διοκλητιανδν
1206 2470 1302 2524 καὶ
1330 2468 1677 2541 Μαξιμιανὺν
1697 2469 1791 2524 τὸν
1819 2470 1942 2524 ἐπί-

356 2559 496 2629 κλην
551 2559 895 2632 Ἐρκούλιον,
926 2563 1064 2631 μετά
1094 2562 1155 2616 τὸ
1208 2564 1526 2618 ἀποκτεῖναι
1581 2563 1782 2627 αὐτοὺς
1833 2562 1944 2617 τῶν

354 2651 526 2722 ἁγίων
551 2652 754 2717 πολλὰς
788 2655 1092 2725 μυριάδας,
1123 2654 1315 2726 ῶσπερ
1353 2658 1513 2728 κόρον
1551 2655 1810 2729 λαϐόντες
1832 2655 1943 2708 τῶν

360 2742 570 2806 κακῶν,
597 2747 664 2814 τῇ
702 2744 977 2817 ὑπερϐολῇ
1001 2746 1102 2814 τῆς
1122 2746 1385 2812 ἀπονοίας
1409 2747 1690 2816 ἀρθέντες,
1729 2747 1944 2818 προφά-

357 2851 441 2888 σει
469 2833 782 2901 θεοσεδείας
797 2838 1089 2910 ἀλιτάρχαι
1112 2839 1419 2910 γενόμενοι,
1480 2841 1544 2894 ἐκ
1598 2839 1944 2910 συνθήματος

356 2928 625 2983 ἀπέθεντο
676 2930 738 2983 τὸ
767 2930 1039 3001 βασίλειον
1060 2973 1076 2997 ,
1102 2933 1197 2986 καὶ
1230 2934 1311 2997 είς
1359 2933 1634 3004 ἰδιωτικὴν
1670 2933 1946 3004 διαγωγὴν

357 3023 796 3094 κατεστάθησαν.
828 3024 1173 3095 Μαξιμιανὸς
1222 3027 1335 3098 (51)
1384 3028 1413 3080 ό
1442 3027 1735 3098 λεγόμενος
1777 3027 1945 3080 Γαλέ-

2043 520 2253 576 stianos
2269 524 2648 591 persecutione
2673 534 2953 593 grassatus
2969 534 3072 581 est.
3087 524 3222 580 Cum
3244 535 3426 582 autem
3450 541 3479 580 a
3497 526 3565 582 ba
3576 545 3625 579 ι·-

2044 613 2191 669 baris
2213 624 2357 670 esset
2378 615 2736 687 interceptus,
2764 617 2905 673 (ilius
2926 617 3045 688 ejus
3069 619 3433 689 persecutioni
3464 618 3624 675 ﬁnem
3689 687 3694 690 _

2046 704 2194 760 fecit.

2116 798 2280 856 Elim
2302 799 2519 858 interim
2559 802 2870 859 Alexander
2899 805 3164 876 martyrio
3193 805 3437 861 sublatus
3481 805 3627 860 Mar-

2044 896 2291 951 zabanen
2335 910 2711 952 successorem
2763 898 2817 952 in
2864 898 3171 954 ministerio
3224 913 3325 953 suo
3382 899 3623 968 reliquit,

2046 1003 2209 1058 quem
2267 989 2467 1045 deimle
2527 989 2851 1061 Hymenaeus
2899 992 3126 1060 excipit.
3182 990 3309 1047 Post
3338 990 3625 1048 Galienum

2044 1078 2306 1135 Claudius
2361 1081 2651 1149 imperavit
2703 1097 2878 1138 annos
2923 1083 3083 1151 duos,
3132 1082 3293 1153 cujus
3338 1096 3630 1137 successor

2046 1182 2266 1230 creatur
2304 1174 2655 1242 Aurelianus,
2708 1177 2988 1244 imperans
3032 1192 3205 1233 annos
3253 1192 3374 1239 sex,
3425 1184 3479 1230 et
3508 1185 3632 1246 post

2045 1276 2169 1316 eum
2204 1260 2430 1317 Tacitus
2463 1275 2587 1316 cum
2628 1260 2883 1319 Floriano
2916 1279 3098 1319 rerum
3130 1265 3287 1335 potiti
3319 1273 3448 1317 sntit
3478 1278 3630 1319 men-
3659 1309 3663 1313 .

2045 1366 2134 1407 ses
2161 1366 2381 1408 novem.
2400 1350 2510 1409 Hos
2529 1351 2738 1409 Probus
2760 1353 3086 1409 subsecutus
3107 1364 3191 1409 est
3206 1371 3300 1425 per
3317 1368 3488 1409 annos
3509 1370 3626 1416 sex.

2046 1461 2111 1502 eo
2139 1456 2320 1500 autem
2356 1461 2387 1501 e
2425 1448 2561 1502 vivis
2592 1446 2833 1514 sublato,
2866 1448 3102 1518 suscepit
3140 1448 3425 1517 imperium
3461 1448 3631 1503 Carus

2046 1555 2171 1595 eum
2190 1539 2318 1595 ﬁliis
2342 1539 2544 1595 Carino
2561 1551 2615 1596 et
2634 1539 2967 1596 Numeriano
2994 1554 3088 1610 per
3105 1556 3280 1595 annos
3316 1542 3474 1596 duos.
3502 1540 3631 1597 Post

2048 1631 2170 1688 illos
2228 1632 2515 1702 imperium
2568 1633 2796 1703 adeptus
2847 1642 2932 1689 est
2970 1631 3360 1697 Diocletianus,
3398 1645 3454 1688 et
3504 1650 3625 1688 cum

2048 1725 2142 1781 illo
2185 1726 2549 1782 Maximianus
2595 1742 2771 1783 annos
2822 1728 3016 1799 viginti
3053 1737 3106 1783 et
3138 1736 3332 1783 unum.
3385 1727 3499 1784 Sub
3547 1729 3631 1782 his

2045 1817 2378 1888 gravissima
2404 1827 2460 1874 et
2502 1818 2819 1889 longissima
2846 1818 2899 1874 in
2937 1818 3286 1893 Christianos
3317 1821 3663 1889 persecutio.
3692 1852 3707 1856 -

2046 1919 2238 1967 exorta
2284 1917 2390 1978 est,
2433 1927 2540 1982 qua
2573 1911 2802 1968 infinita:
2843 1927 2907 1968 ac
2950 1912 3048 1968 soli
3100 1911 3213 1968 Deo
3244 1915 3472 1984 cognitae
3513 1925 3631 1985 my-

2047 2006 2228 2062 riades
2287 2006 2611 2077 martyrium
2679 2006 3010 2062 subierunt:
3068 2005 3396 2077 Hymenaeus
3449 2019 3628 2060 auten.

2046 2095 2400 2166 episcopatus
2451 2096 2762 2151 ministerio
2795 2094 2910 2165 jam
2947 2095 3262 2162 defunctus,
3300 2094 3541 2150 Zaudam
3574 2095 3627 2149 in

2047 2190 2275 2246 [Eliensi
2344 2189 2569 2245 civitate
2618 2202 2994 2244 successorem
3040 2188 3280 2256 reliquit.
3334 2189 3509 2258 Atque
3565 2202 3628 2242 eo

2049 2295 2267 2339 mortuo
2308 2280 2546 2338 Hermon
2598 2284 2786 2338 sedem
2824 2281 3193 2353 episcopalem
3231 2278 3630 2351 Hierosolymis

2043 2377 2303 2435 obtinuit.

2116 2470 2421 2540 Postquam
2491 2478 2673 2524 autem
2722 2466 3091 2524 Diocletianus
3140 2477 3196 2524 et
3240 2468 3628 2532 Maximianus,

2046 2573 2414 2636 cognomento
2470 2561 2778 2628 Herculius,
2825 2561 3026 2617 occisis
3076 2560 3262 2616 multis
3312 2569 3630 2623 sanctorum

2046 2657 2311 2724 millibus,
2345 2655 2529 2711 satiati
2575 2655 2980 2724 quodammodo
3016 2652 3258 2722 ﬂagitiis,
3284 2668 3406 2724 quae
3438 2667 3632 2724 perpe-

2048 2757 2355 2815 traverant,
2397 2746 2736 2812 viderentur,
2796 2746 3087 2801 immodica
3155 2745 3355 2799 mentis
3408 2743 3630 2799 vesania

2046 2851 2203 2897 actos
2235 2839 2449 2910 imperii
2498 2838 2701 2895 taedere
2736 2839 2922 2909 ctepit,
2956 2837 3103 2908 quod
3128 2839 3228 2893 sub
3260 2837 3481 2907 pietatis
3544 2850 3632 2891 re-

2050 2934 2380 3005 ligionisque
2429 2940 2723 2999 prmtextu,
2792 2945 2861 2985 ex
2912 2931 3219 3000 composito
3275 2931 3663 2999 deponentesa

2049 3026 2104 3080 in
2148 3026 2315 3079 vitam
2349 3024 2619 3094 privatam
2684 3025 3074 3093 remlgrarunt.
3115 3019 3247 3076 Post
3286 3034 3425 3089 quos
3463 3018 3636 3073 Maxi-

361 3131 494 3197 ριος,
528 3116 624 3170 καὶ
660 3118 961 3184 Μαξέντιος
988 3122 1017 3173 ὀ
1046 3120 1162 3183 υἱὸς
1197 3120 1293 3173 τοῦ
1335 3121 1649 3191 Ἐρκουλίου
1679 3123 1943 3192 κατέσχον

2052 3120 2290 3183 miauus,
2322 3118 2415 3187 qui
2452 3117 2617 3171 etiam
2665 3114 2917 3171 Galerius
2958 3113 3268 3179 dicebatur,
3322 3123 3377 3168 et
3412 3111 3639 3167 Maxen-

357 3205 460 3277 τὴν
500 3207 818 3280 Ῥωμαϊκὴν
843 3211 1141 3279 ἡγεμονίαν
1172 3210 1269 3283 ἔτη
1293 3213 1469 3268 ἐννέα.
1488 3214 1546 3268 '0
1582 3215 1682 3283 μέν
1714 3231 1795 3267 τοι
1825 3215 1948 3267 Μα-

359 3302 609 3374 ξιμιανὸς
652 3306 713 3358 ὲν
754 3308 864 3370 τοῖς
915 3306 1017 3377 τῆς
1072 3305 1248 3379 Ἓῴας
1276 3308 1468 3380 μέρεσι
1505 3307 1795 3378 διέτριϐεν,
1839 3308 1948 3362 sas

357 3397 660 3465 Μαξέντιος
686 3402 744 3453 ὲν
766 3402 906 3473 αὐτῇ
941 3405 1007 3474 τῇ
1042 3390 1230 3475 Ῥώμῃ
1256 3406 1323 3475 τῇ
1362 3403 1573 3474 μεγάλῃ
1601 3402 1668 3457 τὰ
1701 3404 1950 3475 βασίλεια

358 3490 516 3561 ἑποιή
528 3508 678 3558 σατο,
706 3492 871 3564 θῆρες
900 3496 1084 3567 ἄγριοι
1117 3491 1266 3550 οὗτοι
1290 3497 1382 3549 καὶ
1417 3497 1525 3550 πᾶν
1576 3493 1718 3560 εἶδος
1747 3497 1950 3560 κακίας

364 3585 785 3655 μετερχόμενοι,
837 3587 932 3641 καὶ
975 3588 1224 3659 σφοδρῶς
1273 3588 1415 3642 κατά
1452 3589 1563 3643 τῶν
1606 3590 1952 3659 Χριστιανῶν

359 3675 799 3745 ὲπιμαινόμενοι.
854 3678 1284 3732 Συνεὸασίλευσε
1337 3679 1395 3732 δὲ
1440 3681 1628 3742 αὐτοῖς
1666 3682 1809 3732 κατά
1851 3682 1952 3750 τὴν

360 3767 660 3836 Βρετανίαν
708 3768 941 3833 Κὼστας
992 3773 1020 3822 6
1074 3772 1270 3839 μέγας,
1302 3772 1331 3822 6
1368 3771 1464 3824 τοῦ
1510 3772 1754 3841 μεγάλου
1792 3775 1952 3825 Κων-

363 3857 645 3912 σταντίνου
681 3859 863 3930 πατὴρ
885 3901 899 3923 ,
941 3862 1081 3930 ἀνὴρ
1128 3862 1195 3914 τά
1231 3862 1410 3916 πάντα
1457 3863 1823 3933 γαληνότατος
1857 3863 1955 3917 καὶ

364 3950 671 4020 πραότατος
700 3991 716 4015 ,
783 3953 1066 4006 εὐσέϐειαν
1117 3953 1503 4024 ἀσπαζόμενος
1535 3996 1550 4018 ,
1603 3955 1697 4008 καὶ
1759 3955 1954 4009 εἴδωλα

362 4031 797 4114 μυσαττόμενος,
825 4043 918 4097 καὶ
943 4043 1065 4099 λίαν
1087 4046 1213 4111 τοὺς
1231 4047 1595 4117 Χριστιανοὺς
1618 4047 1953 4119 ἀποδεχόμε-

363 4153 472 4200 νος.

444 4231 504 4284 Ὀ
545 4230 603 4284 δὲ
643 4231 1057 4294 Κωνσταντῖνος
1089 4231 1171 4285 ἔτι
1208 4231 1472 4305 ὑπάρχων
1507 4236 1639 4297 παῖς
1672 4231 1827 4302 παρά
1874 4232 1955 4302 τῷ

358 4322 459 4394 τῆς
496 4323 663 4394 Ἐῴας
686 4323 936 4393 τυράννῳ
958 4323 1235 4395 ἐτρέφετο,
1283 4326 1669 4394 παιδευόμενος
1701 4325 1799 4397 τὴν
1837 4326 1955 4380 Ἐλ-

357 4411 587 4485 ληνικὴν
615 4415 811 4485 σοφίαν
836 4456 851 4477 ,
892 4415 1015 4471 ὅθεν
1048 4416 1327 4487 αὐτῷκαὶ
1360 4420 1418 4471 ὲν
1465 4418 1797 4491 Παλαιστίνῃ
1837 4418 1952 4473 ὄντι

2049 3212 2159 3267 tius
2205 3211 2352 3265 ﬁlius
2397 3209 2676 3274 Herculei,
2731 3208 3023 3279 imperium
3069 3207 3431 3261 obtinuerunt
3461 3221 3637 3260 annos

2050 3320 2268 3361 novem.
2341 3303 2701 3359 Maximianus
2764 3312 2946 3357 autem
3003 3302 3056 3356 in
3104 3298 3329 3356 Oriente
3379 3298 3641 3354 versaba-

2049 3411 2158 3457 tur.
2217 3398 2521 3455 Maxentius
2586 3412 2718 3453 vero
2806 3396 2862 3451 in
2938 3395 3328 3466 augustissima
3417 3393 3640 3448 civitate

2049 3496 2319 3559 Romana,
2386 3493 2655 3564 imperiali
2732 3491 3062 3561 fungebatur
3128 3503 3379 3549 tnunere,
3447 3485 3642 3540 bellua:

2051 3605 2185 3646 sane
2223 3587 2656 3651 immanissima,
2694 3586 2897 3654 quique
2937 3584 2990 3637 in
3037 3596 3198 3636 omne
3229 3578 3526 3648 impietatis
3553 3593 3642 3645 ge-

2052 3699 2155 3736 nus
2210 3688 2616 3750 pervenerant;
2669 3676 2942 3748 imprimis
2995 3684 3178 3730 autem
3237 3680 3428 3728 contra
3482 3669 3643 3726 Chri-

2053 3776 2265 3828 stianos
2292 3773 2653 3827 insanientes.
2689 3767 2967 3837 Regnavit
3008 3782 3130 3821 cum
3174 3766 3310 3834 ipsis
3339 3764 3393 3818 in
3424 3763 3641 3817 Britan-

2053 3866 2141 3919 nia
2173 3866 2444 3920 Constans
2488 3876 2738 3931 magnus,
2770 3860 2859 3929 qui
2901 3858 3244 3913 Constantini
3279 3857 3461 3925 magni
3492 3866 3643 3925 pater

2055 3959 2179 4023 fuit,
2212 3957 2297 4011 vir
2321 3972 2418 4026 per
2444 3956 2627 4010 omnia
2659 3952 3069 4024 placidissimus
3092 3966 3159 4002 ac
3186 3950 3637 4009 humanissimus.

2053 4052 2311 4121 pietatem
2340 4048 2695 4118 amplectens,
2729 4055 2786 4100 et
2811 4043 2954 4100 idola
3000 4046 3283 4099 detestans
3311 4059 3326 4107 ;
3367 4041 3640 4097 Clirisua-

2055 4159 2155 4199 nos
2186 4155 2408 4212 quoque
2448 4155 2560 4210 pra:
2593 4138 2809 4193 caeteris
2837 4138 3038 4192 charos
3069 4137 3296 4190 habens.

2124 4234 2518 4291 Constantinus
2574 4240 2758 4286 autem
2808 4229 2989 4283 adhuc
3046 4242 3180 4297 puer
3227 4227 3368 4296 apud
3401 4225 3643 4281 Orientis

2056 4338 2350 4400 tyrannum
2407 4324 2782 4386 educabatur;
2838 4322 2892 4377 in
2954 4320 3290 4377 Graecanicis
3341 4319 3645 4388 disciplinis

2057 4420 2307 4487 apprime
2356 4418 2680 4470 instructus.
2734 4410 2891 4467 Unde
2943 4414 3143 4467 accidit
3190 4414 3356 4482 quod,
3423 4427 3544 4466 cum
3587 4414 3640 4465 in

357 4507 455 4570 καὶ
501 4507 821 4579 θεωροῦντι,
865 4508 966 4562 ὅσα
1018 4511 1320 4581 πάσχουσιν
1366 4512 1415 4564 οἱ
1464 4510 1642 4566 δοῦλοι
1681 4513 1943 4584 Χριστοῦ,

2052 4509 2342 4564 Palaestina
2403 4517 2753 4571 versaretur,
2818 4505 3134 4575 videretque
3207 4520 3372 4572 quam
3438 4506 3636 4557 acerba

356 4601 610 4656 ἐδάκνετο
635 4603 670 4672 ὴ
695 4601 867 4673 ψυχή.
901 4599 1011 4656 Ἦν
1034 4603 1144 4673 γὰρ
1171 4603 1536 4674 μισοπόνηρος
1568 4608 1631 4659 ἐκ
1666 4607 1942 4663 παιδόθεν.

357 4694 462 4746 Τὸν
487 4693 546 4747 δὲ
576 4694 1041 4765 Διοκλητιανδν’ὲν
1079 4696 1363 4768 Δαλματίᾳ
1393 4696 1645 4764 διάγοντα
1676 4699 1945 4754 κατέλαϐε

356 4783 619 4855 θεήλατος
667 4784 829 4858 ὀργὴ,
858 4788 954 4841 καὶ
989 4788 1257 4856 όγκωθεὶς
1312 4789 1373 4842 τὺ
1424 4789 1588 4859 σῶμα
1639 4793 1719 4855 είς
1770 4791 1946 4845 πολλὰ

353 4876 717 4948 διερρήγνυτο
765 4880 932 4951 μέρη.
973 4884 1072 4949 τῆς
1126 4880 1449 4954 βλασφήμου
1482 4883 1648 4936 αὑτοῦ
1691 4884 1946 4955 γλώσσης

355 4968 628 5041 σαπείσης
652 4972 710 5025 ἐν
745 4972 826 5045 τῷ
855 4972 1094 5045 λάρυγγι
1125 4976 1294 5029 αὑτοῦ
1331 4978 1425 5030 καὶ
1479 4976 1684 5049 πλῆθος
1725 4980 1941 5053 σκωλή-

355 5082 469 5119 κων
491 5064 881 5137 ἀναϐρισάσης.
912 5065 1099 5131 Οὕτως
1122 5067 1405 5140 ἀπέρρηξε
1436 5068 1497 5122 τό
1529 5070 1765 5142 πνεῦμα.
1797 5072 1857 5127 ’0
1885 5073 1943 5127 δὲ

370 5155 684 5227 Ἐρκούλιος
727 5160 784 5211 ὲν
814 5159 1015 5231 Ταρσῷ
1053 5160 1152 5230 τῆς
1195 5161 1451 5225 Κιλικίας
1478 5161 1813 5234 κατέστρεψε
1850 5163 1940 5218 τὸν

354 5248 491 5320 βίον.
536 5249 595 5303 Ὀ
622 5249 679 5303 δὲ
706 5248 968 5322 Γαλέριος
999 5252 1363 5324 Μαξιμιανὺς,
1399 5252 1593 5324 ὥσπερ
1623 5254 1810 5308 ἄδειαν
1834 5255 1931 5307 λα-

350 5341 485 5408 σὼν,
501 5341 679 5406 ἀθέως
701 5341 818 5415 ἅμα
843 5345 935 5399 καὶ
962 5344 1347 5416 ἀπανθρώπως
1364 5345 1631 5416 ἐκέχρητο
1648 5349 1714 5419 τῇ
1732 5363 1941 5421 ,τυραν-

351 5432 474 5489 νίδι.
530 5435 973 5509 Γυναικομανοῦς
1006 5440 1115 5512 γὰρ
1166 5441 1460 5512 γενομένου
1510 5439 1687 5496 αὑτοῦΔ
1718 5440 1940 5512 ἀγῶνας

2054 4600 2263 4657 Christi
2308 4600 2549 4657 cultores
2596 4608 2947 4669 paterentur,»
2980 4599 3221 4666 graviter
3257 4597 3443 4650 animo
3483 4598 3641 4651 indo-

2054 4697 2322 4762 lesceret;
2360 4693 2538 4747 fuerat
2571 4695 2716 4748 enim
2772 4692 2849 4747 ab.
2898 4690 3242 4749 incunabulis
3305 4690 3639 4758 improbitati

2055 4789 2491 4851 infensissimus,
2548 4787 2930 4855 malorumque
2977 4801 3107 4840 osor
3148 4785 3474 4839 acerrimus.
3512 4785 3631 4838 Dio~

2053 4882 2347 4938 cletiauum
2408 4879 2630 4935 interim
2700 4880 2752 4933 in
2814 4878 3082 4933 Dalmatia
3147 4887 3397 4944 agentem
3454 4876 3635 4929 divina

2051 4974 2293 5029 vindicta
2328 4971 2614 5041 corripuit.
2672 4969 2805 5026 Nam
2839 4985 2961 5027 cum
3012 4984 3246 5040 corpore
3276 4968 3518 5037 graviter
3551 4967 3636 5020 in-

2053 5065 2362 5130 tumuissct,
2401 5064 2455 5118 in
2491 5064 2674 5119 varias
2702 5072 2883 5134 partes
2927 5061 3208 5129 disruptus
3239 5068 3344 5119 est.
3376 5056 3638 5120 blasphe-

2052 5172 2249 5226 maque
2270 5157 2388 5225 ejus
2418 5156 2603 5226 lingua
2633 5155 2687 5209 in
2718 5162 2942 5226 gutture
2971 5159 3343 5222 putrescente,
3372 5158 3426 5204 et
3449 5163 3479 5202 a
3513 5162 3640 5202 ver-

2052 5253 2223 5313 miunt
2260 5248 2609 5306 multitudine
2663 5256 3011 5316 consumpta,
3050 5244 3213 5297 vitam
3254 5242 3458 5295 amisit.
3499 5239 3635 5295 Her-

2051 5346 2225 5401 culius
2264 5358 2394 5397 vero
2428 5341 2583 5397 Tarsi
2616 5342 2667 5395 in
2701 5339 2890 5395 Cilicia
2932 5336 3079 5389 fatali
3116 5334 3445 5389 necessitate
3474 5332 3633 5387 abre-

2050 5449 2175 5508 ptus
2204 5447 2309 5494 est.
2346 5438 2599 5496 Galerius
2644 5444 2825 5486 autem
2883 5429 3264 5495 Maximianus,
3318 5426 3464 5482 velut
3488 5426 3636 5480 omni

1867 5625 2101 5685 NOTAE.

422 5736 533 5811 (iiii)
570 5733 777 5811 Pollux,
808 5736 1131 5811 Γαλλιηγόςζ

421 5799 533 5877 (51)
567 5805 735 5874 Quem
765 5799 1254 5870 Alexandcrvvocat
1301 5811 1685 5869 lliaxiniiantnu
1716 5854 1731 5878 ,
1761 5812 1803 5865 is
1846 5823 1924 5866 est
1967 5810 2231 5863 Mali-illis
2264 5817 2528 5875 tyrannus
2557 5799 2813 5856 Orientis.
