4036 6226
438 301 570 365 4051

1628 309 2066 370 ALEXANDRI
2114 309 2459 371 MONACIII’

3558 307 3701 370 405?.

430 423 691 491 deposito
723 432 892 484 metu,
926 419 1091 490 impie
1125 421 1288 477 simul
1317 430 1371 477 et
1395 422 1691 478 inhumane
1722 423 2002 495 tyrannide

2118 424 2276 493 ἔσχον
2312 427 2359 477 οἱ
2419 424 2512 475 ὑπ’
2566 420 2729 475 αὖτοῦ
2781 420 3079 486 τελοῦντες,
3134 420 3236 474 ποῦ
3286 420 3539 492 κρύφωσι
3605 421 3703 483 τὰς

429 528 562 571 usus
588 523 693 571 est.
716 512 959 582 Cumque
993 513 1048 568 in
1081 513 1309 570 feminas
1349 515 1806 586 impotentissime
1831 518 2001 574 ferre-

427 609 742 670 tur.subditi
762 608 931 677 ipsius
956 608 1003 661 id
1024 607 1388 676 potissimum,
1408 609 1555 662 omni
1571 625 1696 663 cura
1715 624 1779 662 ac
1801 610 2000 674 studio,

432 701 768 762 nitebantur,
834 709 893 753 ut
941 700 1120 753 locum
1166 710 1470 768 quaarerent
1497 700 1584 754 ubi
1620 715 1818 755 uxores
1846 714 1909 753 ac
1940 699 2005 753 ﬁ-

427 793 527 845 lias
559 808 690 848 suas
723 806 753 847 a
797 800 1090 862 conspectu
1144 794 1362 861 tyranni
1414 792 1779 857 occultarent,
1831 806 2003 860 eoque

426 887 735 950 dementiae,
796 887 1101 940 daemonum
1146 883 1335 938 fraude
1392 883 1705 943 devenerat,
1759 890 1818 936 ut
1865 882 2001 936 nihil

426 987 668 1043 gustare,
707 976 1030 1042 inconsultis
1078 974 1336 1036 oraculis,
1377 975 1623 1036 auderet,
1659 973 2002 1028 Christianos

427 1079 611 1122 autem
650 1068 894 1123 funditus
935 1068 1311 1137 delerijuseit,
1358 1068 1518 1137 idque
1562 1084 1668 1121 non
1716 1068 1891 1122 solum
1936 1067 2005 1122 ob

424 1162 784 1232 impietatem,
832 1178 937 1231 qua
986 1171 1124 1223 erat,
1180 1163 1275 1216 sed
1307 1160 1496 1223 etiam,
1542 1169 1597 1213 ut
1630 1153 2002 1215 fortunas'eos

426 1271 541 1308 rum
581 1254 863 1323 diriperet.

496 1390 741 1457 Cumque
810 1391 1017 1444 videret
1057 1390 1476 1444 Constantinum
1533 1389 1720 1454 majori
1777 1390 1828 1441 in
1885 1389 2003 1444 dies

363 1512 369 1517 -
420 1492 579 1535 atate
623 1481 830 1548 augeri,
879 1480 1277 1549 prudentiaque
1314 1480 1534 1549 egregie
1572 1480 1776 1545 ornari,
1826 1480 2001 1546 suspi-

419 1586 571 1630 cans.
603 1581 768 1638 atque
817 1570 951 1622 adeo
1001 1584 1098 1637 per
1128 1581 1306 1622 sortes
1355 1568 1404 1621 id
1437 1579 1742 1635 suspectum
1778 1566 1999 1632 habens,

420 1675 518 1729 per
548 1674 670 1712 eum
720 1648 987 1722 futurum,
1025 1669 1081 1713 ut
1128 1658 1421 1726 aliquando
1467 1659 1711 1729 tyrannis
1760 1674 1855 1712 sua
1888 1659 1999 1712 dis-

2124 516 2258 577 ιδίας
2296 514 2540 584 γαμετὰς
2569 514 2661 567 καὶ
2691 514 2997 585 θυγατέρας
3026 513 3133 567 ἀπὸ
3160 509 3453 583 προσώπου
3491 514 3702 583 τυράν·

2114 625 2206 660 νου
2274 607 2367 669 Ei;
2402 600 2657 658 τοσοῦτον
2689 605 2746 658 δὲ
2773 602 2841 675 ἦν
2870 604 3177 675 ἐντετηκὼς
3210 607 3319 658 τῶν
3364 604 3705 659 πλανώντων

2115 699 2279 752 αὐτὸν
2307 697 2582 767 δαιμόνων
2606 698 2809 768 ἀπάτῃ,
2834 698 2908 761 ὡς
2943 698 3015 767 μὴ
3061 696 3350 766 ἀνέχεσθαί
3382 714 3534 759 τινος
3565 696 3702 764 γεύ⁴

2116 788 2311 841 σασθαι
2339 788 2467 842 ἀνευ
2512 786 2769 857 μαντείας
2801 802 2815 815 °
2846 782 3041 840 τῶνδὲ
3069 785 3412 857 Χριστιανῶν
3462 786 3705 840 πανολεο

2113 878 2268 948 θρίαν
2292 878 2543 946 γενέσθαι
2593 877 2968 949 προσέταξεν,
3006 879 3067 931 οὐ
3129 879 3289 945 μόνον
3317 878 3407 931 διά
3430 878 3531 948 τὴν
3565 878 3701 930 ἀσέ-

2113 970 2265 1023 ϐειαν
2295 971 2479 1036 αὐτοῦ,
2513 969 2647 1022 ἀλλὰ
2675 969 2770 1023 καὶ
2797 968 2884 1023 διὰ
2907 969 2966 1022 τὸ
3008 970 3247 1040 ἁρπάσαι
3287 968 3355 1022 τὰ
3377 968 3701 1040 ὑπάρχοντα

2114 1080 2181 1115 αυ
2190 1079 2315 1119 των.

2175 1378 2398 1434 Βλέπων
2431 1379 2486 1431 δὲ
2508 1378 2598 1431 τὸν
2629 1381 3036 1433 Κωνσταντῖνον
3062 1376 3441 1449 προκόπτοντα
3474 1377 3560 1440 είς
3595 1375 3697 1445 μέι-

2104 1472 2262 1541 γεθος
2309 1471 2409 1541 τῆς
2453 1472 2668 1542 ἡλικίας
2713 1474 2807 1525 καὶ
2840 1470 3053 1524 συνέσει
3104 1468 3559 1539 κεκοσμημένον,
3600 1467 3699 1521 καὶ

2104 1565 2472 1628 ὑποπτεύσας,
2502 1564 2701 1634 μᾶλλον
2723 1562 2776 1616 δὲ
2803 1563 3246 1634 μαντευσάμενος
3270 1561 3433 1614 αὑτὸν
3451 1559 3697 1615 καταλύ-
3738 1612 3744 1619 ,

2104 1672 2203 1724 την
2233 1654 2445 1724 μέλλειν
2475 1654 2691 1709 ἔσεσθαι
2714 1655 2811 1724 τῆς
2839 1653 3156 1725 τυραννίδος
3188 1653 3381 1718 αὑτοῦ,
3415 1652 3559 1724 δόλῳ
3592 1652 3698 1705 αὖε

420 1750 741 1807 solvet‘etttr,
807 1747 928 1800 dolo
980 1748 1153 1816 ipsum
1200 1744 1513 1800 ittterﬂeere
1560 1755 1642 1799 est
1692 1762 1995 1815 aggressus.

2107 1747 2196 1800 τὸν
2227 1746 2533 1800 Θανατῶσαι
2569 1748 2843 1802 διενοεῖτο.
2883 1747 3042 1799 Ἀλλά
3076 1746 3199 1816 θείᾳ
3224 1745 3547 1816 προμηθείᾳ
3594 1760 3701 1813 μα-

425 1839 625 1894 Verttm
668 1841 910 1909 jut'enis,
958 1840 1138 1893 divina
1193 1838 1527 1907 providentia
1592 1839 1773 1893 dolum
1831 1841 2000 1907 ipsius

418 1948 788 2001 prmuoseens,
823 1932 1083 1998 exemplo
1120 1930 1361 1996 Davidis,
1388 1931 1509 2000 fuga
1545 1932 1770 1986 salutem
1803 1933 1998 2001 quaesi-

414 2025 489 2076 vit
526 2043 541 2078 :
583 2034 811 2094 tyranno
862 2036 1043 2076 autem
1098 2023 1208 2092 jam
1256 2023 1311 2076 in
1356 2040 1623 2076 sunnuum
1672 2021 1996 2091 ﬂagitiorum

418 2117 688 2184 ingresso,
724 2124 1023 2183 contraque
1048 2115 1398 2170 Christianos
1427 2115 1742 2184 gravissima
1773 2127 1996 2183 quaeque

416 2207 699 2273 moliente,
749 2207 988 2261 vindicta
1045 2207 1232 2260 divina
1284 2217 1511 2260 conatus
1551 2208 1666 2274 ejus
1713 2205 1992 2277 perfregit,

417 2298 716 2366 puuitionis
773 2312 887 2353 sua:
949 2296 1219 2366 ﬂagellum
1266 2296 1319 2350 in
1372 2311 1495 2350 eum
1546 2298 1796 2361 mittens;
1841 2296 1993 2351 ulcus

417 2388 562 2442 enim
615 2390 956 2442 teterrimum
1000 2387 1300 2441 secundum
1351 2395 1541 2457 partes
1584 2389 1844 2451 occultas,
1873 2400 1992 2455 quae

419 2478 660 2534 libidinis
711 2479 813 2548 ipsi
846 2479 1113 2533 ministra!
1166 2477 1408 2543 fuerant,
1446 2488 1685 2542 enatum,
1715 2479 1859 2533 omni
1889 2492 1992 2548 Ope

419 2575 654 2626 humana
705 2572 976 2626 valentius
1019 2570 1068 2625 ei
1116 2570 1399 2635 constitit,
1437 2586 1669 2640 cumque
1711 2572 1995 2641 putredine

416 2673 473 2718 et
502 2665 872 2734 graveolentia
918 2674 1099 2733 partes
1156 2664 1263 2718 illa:
1316 2663 1512 2718 merito
1549 2666 1748 2719 inrasae
1778 2664 1995 2733 penitus

417 2756 866 2825 depascerentur,
924 2758 1313 2827 vermiumque
1369 2756 1453 2811 vis
1491 2756 1668 2827 magis
1719 2757 1997 2826 magisque

2110 1839 2218 1892 θὼν
2264 1838 2293 1892 ό
2349 1840 2467 1901 νέος
2505 1838 2675 1899 δόλον,
2710 1838 2787 1901 ὡς
2826 1839 2854 1890 ὁ
2879 1837 3041 1889 Δαυῖδ
3085 1839 3233 1907 φυγῇ
3269 1835 3368 1907 τὴν
3408 1835 3701 1907 σωτηρίαν

2107 1932 2419 2003 ὲπορίσατο.
2478 1930 2585 1983 Τοῦ
2627 1930 2682 1982 δέ
2727 1932 2991 2001 τυράννου
3037 1930 3118 1993 είς
3167 1929 3403 1998 ἄμετρον
3451 1928 3699 1990 ἀτοπίας

2105 2024 2363 2087 ἐκϐάντος
2395 2023 2489 2076 καὶ
2515 2025 2628 2085 τοῖς
2647 2012 2993 2093 Χριᾶτιανοῖς
3025 2021 3273 2092 σφοδρῶς
3301 2021 3688 2087 ἐπικειμένου,

2106 2120 2139 2187 ἡ
2189 2115 2307 2170 θεία
2354 2115 2478 2185 δίκη
2526 2113 2718 2168 τοῦτον
2753 2112 3059 2184 ἀνεχαίτιζε
3082 2116 3327 2185 μάστιγα
3354 2112 3476 2165 κατ’
3518 2110 3694 2165 αὐτοῦ

2100 2211 2414 2278 ὑπεφιεῖσα.
2437 2206 2637 2272 Ἕλκος
2663 2208 2772 2279 γάρ
2790 2206 3027 2277 χαλεπὸν
3053 2209 3176 2262 κατ’
3201 2205 3333 2261 αὐτὸ
3358 2207 3457 2276 τῆς
3482 2206 3691 2261 ἀκολα-

2092 2302 2219 2365 σίας
2252 2299 2493 2372 κρυπτὸν
2538 2300 2726 2371 μόριον
2769 2301 3034 2367 άναφυέν,
3087 2301 3337 2368 κρεῖττον
3377 2297 3565 2367 πάσης
3597 2297 3693 2350 ἀν·

2098 2393 2376 2464 θρλωπίνης
2435 2390 2627 2461 τέχνης
2670 2390 2929 2456 κατέστη.
3008 2389 3196 2458 Νομῆς
3231 2387 3289 2440 δὲ
3337 2388 3429 2440 καὶ
3466 2386 3691 2454 σήψεως

2097 2460 2192 2538 κίιῖ⁵
2240 2460 2858 2552 δυσωδίαςδεινοτάτης
2895 2481 3254 2550 διαλαϐούσης
3297 2480 3424 2542 τοὺς
3459 2479 3689 2543 τόπους,

2102 2573 2403 2646 σκωλήκων
2434 2574 2491 2628 δὲ
2520 2573 2759 2645 πλήθους
2776 2574 3170 2642 ἀναδεδομένου
3190 2612 3205 2638 ,
3229 2568 3298 2644 ἦν
3323 2572 3434 2642 γάρ
3453 2571 3555 2625 καὶ
3591 2585 3688 2624 πο-

2099 2658 2371 2739 λύσαρκος
2406 2670 2435 2722 ὁ
2456 2667 2704 2732 δείλαιος,
2721 2669 2802 2729 είς
2824 2666 3167 2737 ἀπελπισμὸν
3182 2665 3367 2720 λοιπὸν
3383 2662 3687 2736 ἐληλυθὼς,

2103 2759 2285 2813 ἔκειτο
2309 2758 2489 2829 θέαμα
2518 2756 2754 2812 ἐλεεινὸν
2779 2758 2917 2811 πᾶσι
2942 2760 3057 2821 τοῖς
3086 2757 3215 2828 περὶ
3248 2754 3432 2811 αὐτόν.

416 2863 751 2907 accrescerct
787 2851 928 2925 (erat.
955 2852 1098 2907 enim
1143 2851 1329 2907 infelix
1365 2848 1453 2906 ille
1482 2852 1647 2906 obeso
1712 2851 1998 2907 admodum
2050 2853 2319 2923 corpore),
2374 2853 2427 2907 in
2483 2851 2918 2923 desperationem
2972 2852 3192 2906 tandem
3247 2847 3512 2914 incidens,
3584 2848 3684 2903 mi-

414 2942 704 2996 It‘l'ﬂlldlltll
730 2945 965 3006 cunctis,
995 2942 1085 3012 qui
1123 2942 1268 2997 illum
1296 2945 1667 3009 intuebantur,
1690 2943 2055 3013 spectaculum
2082 2945 2334 3015 praebuit.
2648 3019 2653 3024 ‘
3475 2958 3501 2981 ⁸

490 3078 722 3149 Pupugit
769 3090 948 3133 autem
983 3089 1110 3131 tunc
1144 3081 1380 3132 animum
1431 3080 1573 3134 illius
1610 3078 1886 3149 cogitatio,
1918 3080 1988 3134 ob

2169 3082 2305 3135 Τότε
2343 3080 2407 3150 δὴ
2435 3079 2613 3132 ἔννοιά
2652 3096 2736 3143 τις
2765 3076 3096 3149 ὐπεισῆλθεν
3133 3075 3305 3144 αὐτῷ,
3343 3074 3419 3140 ὡς
3453 3073 3562 3144 ἄρα
3596 3073 3681 3127 διὰ

423 3170 652 3238 injustas
685 3172 736 3221 in
764 3168 1107 3222 Christianos
1131 3173 1307 3224 caedes
1342 3172 1609 3225 exercitas
1639 3170 1740 3225 sibi
1770 3171 1883 3224 hate
1912 3170 1991 3224 di-

2107 3173 2186 3225 τὸν
2221 3140 2407 3227 ἄδικον
2446 3172 2555 3226 τῶν
2580 3140 2926 3244 Χριστιανῶν
2955 3140 3134 3241 ’φόνον
3161 3140 3268 3222 ὑπό
3291 3140 3389 3239 τῆς
3418 3140 3568 3229 θείας
3606 3164 3681 3218 δί-

425 3257 549 3308 vina
590 3256 802 3325 justitia
854 3260 1117 3309 evtutisse.
1163 3259 1343 3322 Quare
1392 3261 1660 3329 cxtctnplo
1680 3261 1858 3314 edicta
1904 3275 1998 3328 per

428 3348 710 3403 universas
738 3349 901 3403 urbes
944 3350 1327 3419 promulgavit,
1377 3362 1434 3404 ut
1480 3366 1669 3406 omnes
1701 3352 1997 3407 Christiani

425 3439 596 3495 libere
627 3441 1052 3508 dimitterentur,
1088 3444 1377 3513 omniaque
1403 3444 1687 3512 intrepide,
1721 3459 1820 3513 pro
1851 3458 2003 3499 more

426 3548 549 3599 suo,
584 3531 1056 3600 administrarent,
1081 3543 1133 3586 et
1167 3533 1235 3586 ab
1265 3534 1516 3587 outnihus
1553 3534 1602 3586 iu
1634 3535 1837 3587 honore
1880 3549 2004 3603 pre-

424 3625 610 3695 tioque
650 3626 1007 3691 haberentur,
1062 3636 1224 3696 utque
1274 3644 1369 3695 pro
1422 3624 1772 3697 imperatoris
1831 3627 2004 3682 salute

427 3719 569 3785 apud
600 3719 771 3772 Deum
806 3720 1057 3787 precibus
1102 3719 1525 3773 intercederent.
1577 3718 1781 3786 Quibus
1808 3717 2003 3772 celeri-

427 3819 513 3861 ter
545 3808 803 3877 peractis,
843 3809 986 3862 illico
1038 3809 1221 3863 divina
1269 3826 1393 3877 erga
1429 3825 1596 3877 genus
1622 3809 1916 3863 humanum
1948 3825 2005 3865 se

425 3901 717 3954 clementia
751 3903 1011 3965 ostendit,
1068 3903 1272 3967 illeque
1301 3903 1388 3970 qui
1413 3902 1522 3971 jam
1577 3912 1880 3956 extremum
1914 3904 2008 3957 du-

428 3993 588 4045 cebat
616 3991 890 4060 spiritum,
926 3992 1084 4045 saluti
1114 3994 1356 4046 redditus
1387 4004 1489 4056 est,
1518 4003 1571 4046 et
1595 3995 1661 4046 ab
1702 3994 1880 4046 ult-ere
1916 3993 2008 4045 illo

430 4082 750 4139 dillicillitno
811 4084 1242 4138 Christianorum
1296 4083 1547 4152 precibus
1607 4094 1832 4138 sanatus
1901 4094 2005 4143 est,

433 4185 635 4245 praeter
661 4177 902 4230 onmium
933 4178 1281 4231 sententiam.
1306 4174 1506 4230 Verum
1537 4177 2007 4232 vulnere-necdum

427 4268 590 4341 plene
634 4270 702 4323 ad
750 4271 1062 4323 cicatricem
1104 4278 1314 4335 coacto,
1352 4269 1401 4321 in
1454 4268 1777 4323 deteriorem
1823 4284 2009 4322 amen-

422 4363 588 4429 tiam,
623 4361 839 4417 diabolo
894 4361 1073 4430 ipsum
1126 4363 1388 4431 agitante,
1443 4371 1701 4432 tyrannus
1748 4361 2010 4432 impulsus

2098 3281 2202 3334 κης
2235 3262 2385 3333 αὐτῷ
2426 3263 2648 3333 συνέϐη.
2683 3260 2903 3326 Εὐθέως
2943 3260 3037 3314 οὖν
3085 3258 3412 3329 κατέπεμψε
3445 3255 3678 3327 προστά-

2098 3369 2284 3423 γματα
2324 3352 2465 3407 κατὰ
2498 3354 2678 3407 πᾶσαν
2715 3351 2869 3406 πόλιν
2907 3349 3238 3405 ἀναλύεσθαι
3260 3348 3387 3411 τοὺς
3414 3346 3674 3417 Χριστια-

2100 3453 2246 3515 νοὺς,
2283 3450 2378 3503 καὶ
2423 3450 2685 3521 πράττειν
2725 3446 3108 3519 καταθυμίως·
3141 3445 3209 3499 τά
3248 3445 3370 3498 κατ’
3407 3442 3546 3509 ἔθος,
3589 3440 3672 3495 καὶ

2103 3540 2220 3609 ὑπὸ,
2253 3544 2471 3597 πάντων
2519 3540 2805 3611 τιμᾶσθαι,
2856 3536 3198 3609 παρακαλεῖν
3223 3552 3283 3588 τε
3309 3534 3405 3588 καὶ
3432 3532 3668 3603 εὔχεσθαι

2103 3635 2300 3698 αὐτοὺς
2354 3634 2494 3703 ὑπὲρ
2546 3634 2711 3687 αὐτοῦ
2764 3631 3183 3701 αὐτοκράτορος.
3235 3626 3419 3681 Ταῦτα
3469 3626 3659 3695 γέγονε,

2103 3727 2201 3780 καὶ
2226 3726 2428 3789 εὐθέως
2459 3728 2491 3795 ἠ
2525 3725 2647 3779 θεία
2667 3723 3049 3794 φιλανθρωπία
3094 3719 3389 3775 ἐδείκνυτο.
3424 3718 3533 3772 Καὶ
3567 3715 3660 3768 πά-

2103 3819 2187 3874 λιν
2224 3822 2253 3872 ό
2289 3822 2347 3872 ἐν
2388 3818 2645 3887 ἐσχάταις
2697 3817 2993 3878 ἀναπνοαῖς
3019 3812 3282 3883 γεγονὼς,
3326 3807 3481 3873 αὖθις
3524 3807 3669 3876 ὑγιὴς

2105 3910 2199 3963 καὶ
2265 3908 2544 3979 ῥωμαλέος
2608 3908 2841 3978 ὑπῆρχε,
2882 3907 2988 3959 τοῦ
3055 3904 3444 3976 χαλεπωτάτου
3491 3902 3668 3962 ἕλκους

2105 4000 2314 4053 ἐκείνου
2363 4001 2430 4068 τῇ
2462 3999 2595 4070 εὐχῇ
2620 3997 2727 4052 τῶν
2772 3997 3122 4068 Χριστιανῶν
3168 3995 3489 4068 παραδόξως
3524 3994 3670 4060 ὑγια-

2108 4090 2324 4153 σθέντος
2341 4088 2522 4148 ,Ἀλλὰ
2543 4091 2617 4158 μή
2648 4106 2735 4142 πω
2755 4088 2849 4143 τοῦ
2872 4088 3183 4162 τραύματος
3208 4087 3389 4150 καλῶς
3419 4083 3674 4139 συνουλώ-

2108 4196 2324 4244 σαντος,
2373 4181 2455 4242 είς
2520 4178 2845 4250 μειζοτέραν
2887 4181 3086 4250 μανίαν
3133 4178 3374 4243 κινηθεὶς
3420 4178 3525 4230 ὑπὸ
3585 4175 3673 4228 τοῦ

2106 4270 2453 4342 ἐνεργοῦντος
2482 4271 2574 4324 τοῦ
2612 4273 2669 4325 ἐν
2702 4271 2851 4342 αὐτῷ
2891 4272 3197 4329 διαϐόλοιηό
3230 4273 3494 4341 τύραννος
3517 4283 3675 4338 προσ-

2105 4365 2361 4436 τάγματα
2402 4366 2536 4419 ἇθεα
2580 4367 2673 4419 καὶ
2707 4365 2904 4436 νόμους
2953 4363 3426 4436 πεπληρωμένους
3463 4362 3678 4434 ὠμότη-

430 4464 537 4520 est,
595 4454 882 4524 edictaqtte
936 4470 1001 4508 ac
1052 4454 1197 4524 leges
1268 4454 1609 4509 crudelitatis
1664 4452 2002 4523 plenissimas

2108 4475 2197 4521 τος
2232 4458 2501 4531 ἔγραψεν,
2540 4462 2599 4511 ὲν
2637 4453 2718 4523 οἷς
2751 4459 3007 4512 ἐκέλευσε
3043 4458 3178 4528 μήτε
3211 4456 3308 4528 ζῇν
3345 4456 3480 4526 μήτε
3531 4454 3681 4507 πολι-

431 4547 676 4617 scripsit,
705 4548 901 4615 quibus
929 4547 1275 4602 Christianos
1312 4547 1623 4617 reipublicae
1661 4547 2008 4601 administra-

435 4640 603 4705 tione,
654 4640 763 4693 imo
804 4640 914 4693 vita
957 4639 1255 4709 prohibuit,
1302 4654 1482 4708 neque
1512 4638 1569 4695 in
1621 4638 2008 4693 habitabilibus

438 4746 613 4800 neque
645 4730 697 4784 in
736 4733 968 4785 desertis
1020 4730 1154 4785 locis
1202 4731 1397 4799 degere
1444 4730 1716 4801 permisit,
1768 4729 2005 4799 Alioqui,

431 4823 631 4892 inquit,
683 4824 734 4877 in
773 4839 908 4893 pace
940 4825 1144 4893 vivere,
1173 4835 1227 4877 et
1261 4824 1424 4877 rebus
1475 4823 1729 4877 secundis
1762 4820 1866 4876 frui
1900 4837 2006 4877 non

432 4918 751 4983 poterimus,
790 4920 893 4971 nisi
954 4919 1173 4987 penitus
1218 4916 1661 4971 Christianorum
1698 4931 1867 4986 genus
1915 4916 2008 4970 de—

434 5006 627 5061 leatur.
665 5008 843 5077 Atque
879 5009 951 5060 ita
976 5006 1417 5061 Christianorum
1444 5016 1618 5061 Status
1659 5007 1728 5062 ab
1756 5008 2008 5061 omnibus

426 5095 538 5165 jam
585 5115 680 5164 pro
710 5100 997 5167 desperato
1050 5098 1379 5152 habebatur.
1417 5098 1683 5153 Cmterum
1728 5098 1867 5153 Deus
1896 5098 2008 5167 pla-

432 5186 625 5240 smatis
679 5189 759 5240 sui
807 5202 1153 5255 nequaquam
1208 5188 1409 5239 oblitus
1462 5198 1567 5243 est.
1630 5187 1843 5241 Etenim
1895 5195 2006 5241 tum

432 5275 618 5329 videre
651 5276 847 5331 licebat
914 5278 1258 5331 (lin-istianos
1306 5277 1571 5347 gregatim
1618 5278 1855 5346 undique
1888 5292 2006 5332 cum

436 5365 620 5421 liberis
665 5378 720 5422 et
779 5371 1038 5423 uxoribus
1074 5371 1140 5421 ad
1192 5378 1421 5423 mortem
1468 5370 1583 5439 cogi
1613 5410 1629 5434 ,
1686 5369 1782 5423 sed
1826 5371 2007 5424 divina

431 5461 640 5528 iustitia
676 5476 798 5515 mox
833 5465 1121 5515 t'Ottslllllltl
1158 5464 1528 5531 improborum
1576 5463 1858 5532 dissipavit
1893 5483 1904 5517 :
1942 5479 2007 5516 ex

434 5553 686 5606 unndbus
741 5555 887 5606 enim
943 5554 1075 5609 locis
1120 5556 1324 5623 hostes,
1363 5555 1721 5609 barbarorum
1753 5555 2007 5620 iusultus,

437 5642 630 5708 fames,
657 5652 817 5698 terrae
858 5646 1155 5711 siccitates,
1175 5646 1511 5717 gravissima:
1545 5656 1749 5715 pestes,
1778 5660 2008 5701 mortes-

435 5737 540 5803 que
603 5736 1012 5805 intempestivae,
1067 5750 1261 5809 praeter
1310 5742 1767 5810 exspectationem
1809 5782 1822 5806 ,
1880 5744 2005 5795 oriri

2107 4551 2359 4604 τεύεσθαι
2389 4553 2773 4621 Χριστιανοὺς,
2805 4554 2940 4623 μήτε
2970 4552 3141 4603 οἰκεῖν
3163 4551 3221 4604 ἐν
3249 4548 3393 4619 πάσῃ
3409 4547 3475 4617 τῇ
3498 4544 3680 4599 οίκου-

2110 4646 2270 4715 μένῃ,
2304 4644 2439 4714 μήτε
2496 4645 2553 4696 ἐν
2597 4646 2719 4707 ταῖς
2766 4645 2995 4714 ἐρήμοις
3032 4657 3046 4673 ⁸
3088 4641 3264 4704 ἄλλως
3303 4644 3440 4711 γάρ,
3493 4638 3678 4708 φησὶν,

2108 4736 2227 4790 οὐδὲ
2262 4736 2362 4809 ζῇν
2393 4736 2486 4789 καὶ
2507 4736 2796 4805 εὐημερεῖν
2826 4734 2885 4786 οὐ
2918 4731 3192 4803 δυνάμεθα
3220 4771 3237 4797 ,
3288 4731 3336 4784 εί
3373 4730 3447 4802 μὴ
3476 4728 3681 4794 ἐξαλει-

2109 4827 2215 4900 φθῇ
2253 4830 2309 4881 τὸ
2345 4828 2498 4898 γένος
2539 4827 2646 4880 τῶν
2683 4824 3045 4896 Χριστιανῶν.
3081 4825 3193 4877 Καὶ
3234 4820 3303 4896 ἦν
3318 4821 3503 4876 λοιπὸν
3535 4820 3681 4891 παρά

2058 4976 2061 4979 λ
2109 4918 2416 4991 ἀνθρώποις
2441 4918 2833 4989 ἀπηλπισμένα
2869 4917 2937 4970 τά
2959 4916 3321 4987 Χριστιανῶν.
3376 4915 3437 4969 ’0
3468 4914 3523 4967 δὲ
3555 4915 3680 4976 Θεδς

2110 5013 2211 5066 οὐκ
2235 5011 2531 5065 ἐπελάθετο
2559 5009 2653 5063 τοῦ
2676 5010 2882 5063 οἰκείου
2918 5009 3239 5079 πλάσματος
3266 5026 3280 5042 ο
3314 5004 3384 5080 ἦν
3416 5007 3527 5078 γὰρ
3560 5007 3675 5061 ἰδεῖν

2110 5101 2373 5171 ἀγεληδὸν
2438 5101 2771 5171 συρομένους
2817 5102 2943 5164 τοὺς
2998 5101 3361 5171 Χριστιανοὺς
3415 5094 3680 5169 πανδημεὶ

2111 5194 2208 5246 σὺν
2236 5191 2453 5261 γυναιξί
2477 5209 2533 5244 τε
2558 5193 2652 5245 καὶ
2676 5192 2890 5256 τέκνοις
2921 5190 3016 5245 ἐπὶ
3057 5190 3148 5244 τὸν
3185 5190 3436 5245 θάνατον.
3483 5190 3627 5242 Ἀλλ’
3653 5189 3683 5260 ἠ

2110 5283 2229 5336 θεία
2259 5285 2381 5354 δίκη
2409 5286 2508 5347 τὰς
2538 5283 2730 5354 βουλὰς
2771 5284 2881 5339 τῶν
2908 5284 3127 5355 ἀνόμων
3158 5283 3472 5338 διεσκέδασε
3500 5296 3514 5311 ⁸
3550 5300 3686 5335 παν-

2108 5378 2275 5449 ταχοῦ
2309 5379 2418 5450 γὰρ
2462 5378 2689 5448 πόλεμοι
2719 5380 2813 5434 καὶ
2844 5380 3242 5443 ἐπαναστάσεις
3274 5377 3565 5450 βαρϐάρων
3591 5380 3687 5433 εὺ-

2111 5471 2266 5533 Οέως,
2300 5470 2452 5539 λιμοί
2499 5487 2557 5522 τε
2592 5470 2814 5540 σφοδροὶ
2851 5472 2945 5524 καὶ
2979 5471 3183 5541 αὐχμοὶ
3210 5469 3490 5539 λοιμοίτε,
3515 5470 3688 5540 ἄωροι

2111 5562 2331 5616 θάνατοι
2354 5560 2506 5629 ἄφνω
2535 5560 2875 5631 ἐπέσκηψαν,
2900 5564 2975 5626 ὡς
3010 5563 3086 5632 μὴ
3114 5562 3307 5632 ἀρκεῖν
3327 5562 3449 5623 τοὺς
3478 5560 3689 5625 ζῶντας

2111 5653 2338 5707 θάπτειν
2360 5654 2485 5716 τοὺς
2504 5652 3013 5726 νεκροὺς,κεραυνοί
3037 5670 3096 5706 τε
3130 5653 3226 5707 καὶ
3247 5652 3494 5724 φόϐητρα
3517 5652 3688 5723 ἐπέμ-

2114 5762 2308 5810 ποντο,
2342 5743 2481 5798 ὥστε
2532 5744 2761 5799 ἕκαστον
2804 5743 2998 5797 ἑαυτοῦ
3044 5745 3207 5814 μόνον
3248 5743 3543 5815 μεριμνᾷν,
3586 5744 3685 5798 καὶ
