  <div class='ocr_page' id='page_1' title='image "/cluster/home/n/w/nwhite01/storage/ocr_20150623/87 pt.3 1965/mdp.39015012172931/672.png"; bbox 0 0 4036 6226; ppageno 0'>
   <div class='ocr_carea' id='block_1_1' title="bbox 340 293 484 359">
    <p class='ocr_par' dir='ltr' id='par_1_1' title="bbox 340 293 484 359">
     <span class='ocr_line' id='line_1_1' title="bbox 340 293 484 359; baseline -0.035 0"><span class='ocrx_word' id='word_1_1' title='bbox 340 293 484 359; x_wconf 73' lang='grc'><strong>4053</strong></span> 
     </span>
    </p>
   </div>
   <div class='ocr_carea' id='block_1_2' title="bbox 1302 294 2575 365">
    <p class='ocr_par' dir='ltr' id='par_1_2' title="bbox 1302 294 2575 365">
     <span class='ocr_line' id='line_1_2' title="bbox 1302 294 2575 365; baseline 0.003 -7"><span class='ocrx_word' id='word_1_2' title='bbox 1302 299 1399 359; x_wconf 85' lang='lat' dir='ltr'><strong>DE</strong></span> <span class='ocrx_word' id='word_1_3' title='bbox 1432 294 1907 365; x_wconf 81' lang='lat' dir='ltr'><strong>lNVENTIONE</strong></span> <span class='ocrx_word' id='word_1_4' title='bbox 1950 305 2257 365; x_wconf 67' lang='lat' dir='ltr'><strong>SANC’LE</strong></span> <span class='ocrx_word' id='word_1_5' title='bbox 2280 305 2575 365; x_wconf 76' lang='lat' dir='ltr'><strong>CRUCIS.</strong></span> 
     </span>
    </p>
   </div>
   <div class='ocr_carea' id='block_1_3' title="bbox 3469 294 3612 361">
    <p class='ocr_par' dir='ltr' id='par_1_3' title="bbox 3469 294 3612 361">
     <span class='ocr_line' id='line_1_3' title="bbox 3469 294 3612 361; baseline 0.014 -4"><span class='ocrx_word' id='word_1_6' title='bbox 3469 294 3612 361; x_wconf 63' lang='lat'><strong>401.4</strong></span> 
     </span>
    </p>
   </div>
   <div class='ocr_carea' id='block_1_4' title="bbox 343 406 1945 485">
    <p class='ocr_par' dir='ltr' id='par_1_4' title="bbox 343 406 1921 485">
     <span class='ocr_line' id='line_1_4' title="bbox 343 406 1921 485; baseline 0.004 -22"><span class='ocrx_word' id='word_1_7' title='bbox 343 408 518 471; x_wconf 74' lang='grc' dir='ltr'><strong>οὕτως</strong></span> <span class='ocrx_word' id='word_1_8' title='bbox 554 409 813 482; x_wconf 71' lang='grc' dir='ltr'><strong>ἄπρακτα</strong></span> <span class='ocrx_word' id='word_1_9' title='bbox 851 406 1074 481; x_wconf 74' lang='grc' dir='ltr'><strong>ιμειναν</strong></span> <span class='ocrx_word' id='word_1_10' title='bbox 1106 409 1172 463; x_wconf 80' lang='grc' dir='ltr'><strong>τὰ</strong></span> <span class='ocrx_word' id='word_1_11' title='bbox 1210 410 1304 463; x_wconf 85' lang='grc' dir='ltr'><strong>τοῦ</strong></span> <span class='ocrx_word' id='word_1_12' title='bbox 1347 413 1617 484; x_wconf 85' lang='grc' dir='ltr'><strong>τυράννου</strong></span> <span class='ocrx_word' id='word_1_13' title='bbox 1644 416 1921 485; x_wconf 84' lang='grc' dir='ltr'><strong>προστάγ-</strong></span> 
     </span>
    </p>
   </div>
   <div class='ocr_carea' id='block_1_5' title="bbox 2046 406 3609 485">
    <p class='ocr_par' dir='ltr' id='par_1_5' title="bbox 2046 410 3609 483">
     <span class='ocr_line' id='line_1_5' title="bbox 2046 410 3609 483; baseline -0.003 -16"><span class='ocrx_word' id='word_1_14' title='bbox 2046 417 2155 471; x_wconf 67' lang='lat' dir='ltr'><strong>risu:</strong></span> <span class='ocrx_word' id='word_1_15' title='bbox 2191 426 2341 483; x_wconf 89' lang='lat' dir='ltr'><strong>sunt,</strong></span> <span class='ocrx_word' id='word_1_16' title='bbox 2397 416 2451 470; x_wconf 93' lang='lat' dir='ltr'><strong>in</strong></span> <span class='ocrx_word' id='word_1_17' title='bbox 2503 423 2732 480; x_wconf 90' lang='lat' dir='ltr'><strong>tantum,</strong></span> <span class='ocrx_word' id='word_1_18' title='bbox 2767 424 2824 469; x_wconf 92' lang='lat' dir='ltr'><strong>ut</strong></span> <span class='ocrx_word' id='word_1_19' title='bbox 2852 413 2957 469; x_wconf 88' lang='lat' dir='ltr'><strong>vivi</strong></span> <span class='ocrx_word' id='word_1_20' title='bbox 3005 410 3334 482; x_wconf 81' lang='lat' dir='ltr'><strong>sepeliendis</strong></span> <span class='ocrx_word' id='word_1_21' title='bbox 3379 411 3609 465; x_wconf 89' lang='lat' dir='ltr'><strong>mortuis</strong></span> 
     </span>
    </p>
   </div>
   <div class='ocr_carea' id='block_1_6' title="bbox 350 515 518 571">
    <p class='ocr_par' dir='ltr' id='par_1_6' title="bbox 350 515 518 571">
     <span class='ocr_line' id='line_1_6' title="bbox 350 515 518 571; baseline -0.006 -16"><span class='ocrx_word' id='word_1_22' title='bbox 350 515 518 571; x_wconf 90' lang='grc' dir='ltr'><strong>ματα.</strong></span> 
     </span>
    </p>
   </div>
   <div class='ocr_carea' id='block_1_7' title="bbox 2038 503 3608 573">
    <p class='ocr_par' dir='ltr' id='par_1_7' title="bbox 2038 503 3608 573">
     <span class='ocr_line' id='line_1_7' title="bbox 2038 503 3608 573; baseline -0.006 -13"><span class='ocrx_word' id='word_1_23' title='bbox 2038 523 2147 563; x_wconf 89' lang='lat' dir='ltr'><strong>non</strong></span> <span class='ocrx_word' id='word_1_24' title='bbox 2192 506 2524 563; x_wconf 77' lang='lat' dir='ltr'><strong>sutﬁcerent.</strong></span> <span class='ocrx_word' id='word_1_25' title='bbox 2581 506 2783 561; x_wconf 83' lang='lat' dir='ltr'><strong>Crebra</strong></span> <span class='ocrx_word' id='word_1_26' title='bbox 2840 506 2968 561; x_wconf 91' lang='lat' dir='ltr'><strong>item</strong></span> <span class='ocrx_word' id='word_1_27' title='bbox 3013 503 3246 573; x_wconf 71' lang='lat' dir='ltr'><strong>fulmina</strong></span> <span class='ocrx_word' id='word_1_28' title='bbox 3283 511 3339 559; x_wconf 86' lang='lat' dir='ltr'><strong>et</strong></span> <span class='ocrx_word' id='word_1_29' title='bbox 3361 509 3608 573; x_wconf 74' lang='lat' dir='ltr'><strong>portenta</strong></span> 
     </span>
    </p>
   </div>
   <div class='ocr_carea' id='block_1_8' title="bbox 346 589 3611 668">
    <p class='ocr_par' dir='ltr' id='par_1_8' title="bbox 346 589 3611 668">
     <span class='ocr_line' id='line_1_8' title="bbox 346 589 3611 668; baseline -0.001 -21"><span class='ocrx_word' id='word_1_30' title='bbox 346 592 801 656; x_wconf 88' lang='lat' dir='ltr'><strong>immittebantur,</strong></span> <span class='ocrx_word' id='word_1_31' title='bbox 846 604 915 646; x_wconf 75' lang='lat' dir='ltr'><strong>ex</strong></span> <span class='ocrx_word' id='word_1_32' title='bbox 946 603 1057 660; x_wconf 91' lang='lat' dir='ltr'><strong>quo</strong></span> <span class='ocrx_word' id='word_1_33' title='bbox 1099 589 1303 646; x_wconf 83' lang='lat' dir='ltr'><strong>factum</strong></span> <span class='ocrx_word' id='word_1_34' title='bbox 1350 601 1433 647; x_wconf 91' lang='lat' dir='ltr'><strong>est</strong></span> <span class='ocrx_word' id='word_1_35' title='bbox 1466 605 1522 649; x_wconf 89' lang='lat' dir='ltr'><strong>ut</strong></span> <span class='ocrx_word' id='word_1_36' title='bbox 1572 596 1801 665; x_wconf 88' lang='lat' dir='ltr'><strong>quilibet</strong></span> <span class='ocrx_word' id='word_1_37' title='bbox 1833 594 1903 650; x_wconf 85' lang='lat' dir='ltr'><strong>de</strong></span> <span class='ocrx_word' id='word_1_38' title='bbox 1938 598 2103 654; x_wconf 80' lang='lat' dir='ltr'><strong>rebus</strong></span> <span class='ocrx_word' id='word_1_39' title='bbox 2132 598 2247 655; x_wconf 82' lang='lat' dir='ltr'><strong>suis</strong></span> <span class='ocrx_word' id='word_1_40' title='bbox 2297 598 2522 657; x_wconf 91' lang='lat' dir='ltr'><strong>solliciti</strong></span> <span class='ocrx_word' id='word_1_41' title='bbox 2553 596 2778 661; x_wconf 86' lang='lat' dir='ltr'><strong>fuerint,</strong></span> <span class='ocrx_word' id='word_1_42' title='bbox 2814 596 3142 668; x_wconf 86' lang='lat' dir='ltr'><strong>tyrannique</strong></span> <span class='ocrx_word' id='word_1_43' title='bbox 3203 595 3355 665; x_wconf 83' lang='lat' dir='ltr'><strong>jussa</strong></span> <span class='ocrx_word' id='word_1_44' title='bbox 3414 594 3611 651; x_wconf 79' lang='lat' dir='ltr'><strong>infecta</strong></span> 
     </span>
    </p>
   </div>
   <div class='ocr_carea' id='block_1_9' title="bbox 349 687 771 757">
    <p class='ocr_par' dir='ltr' id='par_1_9' title="bbox 349 687 771 757">
     <span class='ocr_line' id='line_1_9' title="bbox 349 687 771 757; baseline 0 -15"><span class='ocrx_word' id='word_1_45' title='bbox 349 687 771 757; x_wconf 85' lang='lat' dir='ltr'><strong>permanserint.</strong></span> 
     </span>
    </p>
   </div>
   <div class='ocr_carea' id='block_1_10' title="bbox 430 799 1917 876">
    <p class='ocr_par' dir='ltr' id='par_1_10' title="bbox 430 799 1917 876">
     <span class='ocr_line' id='line_1_10' title="bbox 430 799 1917 876; baseline 0.005 -24"><span class='ocrx_word' id='word_1_46' title='bbox 430 800 490 853; x_wconf 90' lang='lat'><strong>&#39;0</strong></span> <span class='ocrx_word' id='word_1_47' title='bbox 518 801 574 853; x_wconf 84' lang='grc' dir='ltr'><strong>δὲ</strong></span> <span class='ocrx_word' id='word_1_48' title='bbox 606 799 675 854; x_wconf 82' lang='grc' dir='ltr'><strong>τὰ</strong></span> <span class='ocrx_word' id='word_1_49' title='bbox 724 800 903 856; x_wconf 85' lang='grc' dir='ltr'><strong>πάντα</strong></span> <span class='ocrx_word' id='word_1_50' title='bbox 949 803 1183 873; x_wconf 86' lang='grc' dir='ltr'><strong>χρηστὸς</strong></span> <span class='ocrx_word' id='word_1_51' title='bbox 1220 803 1631 868; x_wconf 81' lang='grc' dir='ltr'><strong>Κωνσταντϊνος</strong></span> <span class='ocrx_word' id='word_1_52' title='bbox 1680 805 1917 876; x_wconf 78' lang='grc' dir='ltr'><strong>διεσώθη</strong></span> 
     </span>
    </p>
   </div>
   <div class='ocr_carea' id='block_1_11' title="bbox 352 893 1932 969">
    <p class='ocr_par' dir='ltr' id='par_1_11' title="bbox 352 893 1932 969">
     <span class='ocr_line' id='line_1_11' title="bbox 352 893 1932 969; baseline 0.011 -25"><span class='ocrx_word' id='word_1_53' title='bbox 352 893 488 963; x_wconf 66' lang='grc' dir='ltr'><strong>πρὸς</strong></span> <span class='ocrx_word' id='word_1_54' title='bbox 502 893 592 946; x_wconf 82' lang='grc' dir='ltr'><strong>τὸν</strong></span> <span class='ocrx_word' id='word_1_55' title='bbox 626 895 822 948; x_wconf 90' lang='grc' dir='ltr'><strong>οίκεϊον</strong></span> <span class='ocrx_word' id='word_1_56' title='bbox 838 896 1070 966; x_wconf 82' lang='grc' dir='ltr'><strong>πατέρα.</strong></span> <span class='ocrx_word' id='word_1_57' title='bbox 1089 896 1147 948; x_wconf 91' lang='lat'><strong>&#39;0</strong></span> <span class='ocrx_word' id='word_1_58' title='bbox 1172 896 1230 949; x_wconf 73' lang='grc' dir='ltr'><strong>δὲ</strong></span> <span class='ocrx_word' id='word_1_59' title='bbox 1257 897 1554 969; x_wconf 80' lang='grc' dir='ltr'><strong>δεξάμενος</strong></span> <span class='ocrx_word' id='word_1_60' title='bbox 1585 897 1752 951; x_wconf 83' lang='grc' dir='ltr'><strong>αὑτὸν</strong></span> <span class='ocrx_word' id='word_1_61' title='bbox 1780 897 1932 967; x_wconf 68' lang='grc' dir='ltr'><strong>ὑγιῆ,</strong></span> 
     </span>
    </p>
   </div>
   <div class='ocr_carea' id='block_1_12' title="bbox 354 984 1934 1060">
    <p class='ocr_par' dir='ltr' id='par_1_12' title="bbox 354 984 1934 1060">
     <span class='ocr_line' id='line_1_12' title="bbox 354 984 1934 1060; baseline 0.004 -23"><span class='ocrx_word' id='word_1_62' title='bbox 354 985 449 1037; x_wconf 78' lang='grc' dir='ltr'><strong>καὶ</strong></span> <span class='ocrx_word' id='word_1_63' title='bbox 468 984 636 1037; x_wconf 84' lang='grc' dir='ltr'><strong>πολλὰ</strong></span> <span class='ocrx_word' id='word_1_64' title='bbox 656 985 734 1053; x_wconf 86' lang='grc' dir='ltr'><strong>τῷ</strong></span> <span class='ocrx_word' id='word_1_65' title='bbox 749 986 868 1057; x_wconf 76' lang='grc' dir='ltr'><strong>Θεῷ</strong></span> <span class='ocrx_word' id='word_1_66' title='bbox 898 986 1319 1060; x_wconf 76' lang='grc' dir='ltr'><strong>εὐχαριστήσας,</strong></span> <span class='ocrx_word' id='word_1_67' title='bbox 1354 984 1472 1058; x_wconf 85' lang='grc' dir='ltr'><strong>μετ’</strong></span> <span class='ocrx_word' id='word_1_68' title='bbox 1493 990 1556 1042; x_wconf 78' lang='grc' dir='ltr'><strong>οὐ</strong></span> <span class='ocrx_word' id='word_1_69' title='bbox 1580 989 1715 1042; x_wconf 82' lang='grc' dir='ltr'><strong>πολὺ</strong></span> <span class='ocrx_word' id='word_1_70' title='bbox 1746 988 1803 1042; x_wconf 81' lang='grc' dir='ltr'><strong>δὲ</strong></span> <span class='ocrx_word' id='word_1_71' title='bbox 1824 1006 1934 1042; x_wconf 84' lang='grc' dir='ltr'><strong>πα·-</strong></span> 
     </span>
    </p>
   </div>
   <div class='ocr_carea' id='block_1_13' title="bbox 359 1074 1934 1152">
    <p class='ocr_par' dir='ltr' id='par_1_13' title="bbox 359 1074 1934 1152">
     <span class='ocr_line' id='line_1_13' title="bbox 359 1074 1934 1152; baseline 0.005 -26"><span class='ocrx_word' id='word_1_72' title='bbox 359 1074 551 1144; x_wconf 84' lang='grc' dir='ltr'><strong>ραδοὺς</strong></span> <span class='ocrx_word' id='word_1_73' title='bbox 577 1076 723 1145; x_wconf 82' lang='grc' dir='ltr'><strong>αὐτῷ</strong></span> <span class='ocrx_word' id='word_1_74' title='bbox 746 1077 843 1148; x_wconf 81' lang='grc' dir='ltr'><strong>τὴν</strong></span> <span class='ocrx_word' id='word_1_75' title='bbox 870 1077 1167 1147; x_wconf 86' lang='grc' dir='ltr'><strong>βασιλείαν,</strong></span> <span class='ocrx_word' id='word_1_76' title='bbox 1195 1080 1494 1150; x_wconf 79' lang='grc' dir='ltr'><strong>μετήλλαξε</strong></span> <span class='ocrx_word' id='word_1_77' title='bbox 1523 1080 1614 1134; x_wconf 78' lang='grc' dir='ltr'><strong>τὸν</strong></span> <span class='ocrx_word' id='word_1_78' title='bbox 1646 1081 1779 1152; x_wconf 84' lang='grc' dir='ltr'><strong>βίον.</strong></span> <span class='ocrx_word' id='word_1_79' title='bbox 1817 1082 1934 1135; x_wconf 73' lang='grc' dir='ltr'><strong>’Δνο</strong></span> 
     </span>
    </p>
   </div>
   <div class='ocr_carea' id='block_1_14' title="bbox 353 1167 1936 1248">
    <p class='ocr_par' dir='ltr' id='par_1_14' title="bbox 353 1167 1936 1248">
     <span class='ocr_line' id='line_1_14' title="bbox 353 1167 1936 1248; baseline 0.007 -29"><span class='ocrx_word' id='word_1_80' title='bbox 353 1167 628 1240; x_wconf 85' lang='grc' dir='ltr'><strong>ηγορεύθη</strong></span> <span class='ocrx_word' id='word_1_81' title='bbox 646 1169 703 1222; x_wconf 84' lang='grc' dir='ltr'><strong>δὲ</strong></span> <span class='ocrx_word' id='word_1_82' title='bbox 719 1170 972 1241; x_wconf 83' lang='grc' dir='ltr'><strong>βασιλεὺς</strong></span> <span class='ocrx_word' id='word_1_83' title='bbox 988 1174 1016 1224; x_wconf 99' lang='lat'><strong>6</strong></span> <span class='ocrx_word' id='word_1_84' title='bbox 1032 1172 1204 1242; x_wconf 81' lang='grc' dir='ltr'><strong>μέγας</strong></span> <span class='ocrx_word' id='word_1_85' title='bbox 1222 1175 1597 1238; x_wconf 77' lang='grc' dir='ltr'><strong>Κωνστατίνος</strong></span> <span class='ocrx_word' id='word_1_86' title='bbox 1617 1177 1674 1227; x_wconf 90' lang='grc' dir='ltr'><strong>ἐν</strong></span> <span class='ocrx_word' id='word_1_87' title='bbox 1688 1175 1765 1245; x_wconf 85' lang='grc' dir='ltr'><strong>τῷ</strong></span> <span class='ocrx_word' id='word_1_88' title='bbox 1783 1176 1936 1248; x_wconf 86' lang='grc' dir='ltr'><strong>πρώ-</strong></span> 
     </span>
    </p>
   </div>
   <div class='ocr_carea' id='block_1_15' title="bbox 355 1261 1932 1340">
    <p class='ocr_par' dir='ltr' id='par_1_15' title="bbox 355 1261 1932 1340">
     <span class='ocr_line' id='line_1_15' title="bbox 355 1261 1932 1340; baseline 0.007 -29"><span class='ocrx_word' id='word_1_89' title='bbox 355 1276 434 1329; x_wconf 77' lang='grc' dir='ltr'><strong>τῳ</strong></span> <span class='ocrx_word' id='word_1_90' title='bbox 458 1261 690 1333; x_wconf 78' lang='grc' dir='ltr'><strong>ἐνιαυτῷ</strong></span> <span class='ocrx_word' id='word_1_91' title='bbox 719 1264 816 1331; x_wconf 78' lang='grc' dir='ltr'><strong>τῆς</strong></span> <span class='ocrx_word' id='word_1_92' title='bbox 831 1262 1209 1334; x_wconf 85' lang='grc' dir='ltr'><strong>διακοσιοστῆς</strong></span> <span class='ocrx_word' id='word_1_93' title='bbox 1243 1265 1650 1336; x_wconf 76' lang='grc' dir='ltr'><strong>ἑϐδομηκοστῆς</strong></span> <span class='ocrx_word' id='word_1_94' title='bbox 1704 1268 1932 1340; x_wconf 82' lang='grc' dir='ltr'><strong>πρώτης</strong></span> 
     </span>
    </p>
   </div>
   <div class='ocr_carea' id='block_1_16' title="bbox 362 1351 1934 1432">
    <p class='ocr_par' dir='ltr' id='par_1_16' title="bbox 362 1351 1934 1432">
     <span class='ocr_line' id='line_1_16' title="bbox 362 1351 1934 1432; baseline 0.007 -28"><span class='ocrx_word' id='word_1_95' title='bbox 362 1351 743 1422; x_wconf 80' lang='grc' dir='ltr'><strong>Ὀλυμπιάδος,</strong></span> <span class='ocrx_word' id='word_1_96' title='bbox 778 1357 905 1424; x_wconf 82' lang='grc' dir='ltr'><strong>μηνὶ</strong></span> <span class='ocrx_word' id='word_1_97' title='bbox 930 1356 1154 1428; x_wconf 83' lang='grc' dir='ltr'><strong>Ἰουλίῳ,</strong></span> <span class='ocrx_word' id='word_1_98' title='bbox 1180 1361 1419 1430; x_wconf 77' lang='grc' dir='ltr'><strong>εἰκοστῇ·</strong></span> <span class='ocrx_word' id='word_1_99' title='bbox 1441 1359 1538 1411; x_wconf 83' lang='grc' dir='ltr'><strong>καὶ</strong></span> <span class='ocrx_word' id='word_1_100' title='bbox 1572 1360 1824 1432; x_wconf 79' lang='grc' dir='ltr'><strong>πέμπτῃ.</strong></span> <span class='ocrx_word' id='word_1_101' title='bbox 1876 1361 1934 1414; x_wconf 86' lang='lat'><strong>&#39;0</strong></span> 
     </span>
    </p>
   </div>
   <div class='ocr_carea' id='block_1_17' title="bbox 357 1444 1936 1522">
    <p class='ocr_par' dir='ltr' id='par_1_17' title="bbox 357 1444 1936 1522">
     <span class='ocr_line' id='line_1_17' title="bbox 357 1444 1936 1522; baseline 0.004 -24"><span class='ocrx_word' id='word_1_102' title='bbox 357 1444 414 1498; x_wconf 78' lang='grc' dir='ltr'><strong>δὲ</strong></span> <span class='ocrx_word' id='word_1_103' title='bbox 447 1446 747 1512; x_wconf 79' lang='grc' dir='ltr'><strong>Μαξέντιος</strong></span> <span class='ocrx_word' id='word_1_104' title='bbox 782 1448 1152 1518; x_wconf 73' lang='grc' dir='ltr'><strong>πονηρότατος</strong></span> <span class='ocrx_word' id='word_1_105' title='bbox 1198 1451 1416 1505; x_wconf 86' lang='grc' dir='ltr'><strong>πάντων</strong></span> <span class='ocrx_word' id='word_1_106' title='bbox 1463 1451 1572 1504; x_wconf 86' lang='grc' dir='ltr'><strong>τῶν</strong></span> <span class='ocrx_word' id='word_1_107' title='bbox 1618 1451 1723 1522; x_wconf 81' lang='grc' dir='ltr'><strong>πρὸ</strong></span> <span class='ocrx_word' id='word_1_108' title='bbox 1771 1451 1936 1505; x_wconf 78' lang='grc' dir='ltr'><strong>αὑτοῦ</strong></span> 
     </span>
    </p>
   </div>
   <div class='ocr_carea' id='block_1_18' title="bbox 356 1538 1947 1613">
    <p class='ocr_par' dir='ltr' id='par_1_18' title="bbox 356 1538 1947 1613">
     <span class='ocr_line' id='line_1_18' title="bbox 356 1538 1947 1613; baseline 0.004 -23"><span class='ocrx_word' id='word_1_109' title='bbox 356 1538 595 1605; x_wconf 86' lang='grc' dir='ltr'><strong>γεγονὼς</strong></span> <span class='ocrx_word' id='word_1_110' title='bbox 635 1540 762 1603; x_wconf 84' lang='grc' dir='ltr'><strong>τοὺς</strong></span> <span class='ocrx_word' id='word_1_111' title='bbox 805 1544 869 1611; x_wconf 84' lang='grc' dir='ltr'><strong>τῇ</strong></span> <span class='ocrx_word' id='word_1_112' title='bbox 920 1539 1105 1613; x_wconf 83' lang='grc' dir='ltr'><strong>Ῥώμῃ</strong></span> <span class='ocrx_word' id='word_1_113' title='bbox 1150 1541 1494 1605; x_wconf 75' lang='grc' dir='ltr'><strong>ἐνοικοῦντας</strong></span> <span class='ocrx_word' id='word_1_114' title='bbox 1533 1544 1799 1613; x_wconf 78' lang='grc' dir='ltr'><strong>ἀπέτριόε</strong></span> <span class='ocrx_word' id='word_1_115' title='bbox 1842 1545 1947 1597; x_wconf 68' lang='grc' dir='ltr'><strong>καὶΔ</strong></span> 
     </span>
    </p>
   </div>
   <div class='ocr_carea' id='block_1_19' title="bbox 360 1628 1937 1705">
    <p class='ocr_par' dir='ltr' id='par_1_19' title="bbox 360 1628 1937 1705">
     <span class='ocr_line' id='line_1_19' title="bbox 360 1628 1937 1705; baseline 0.006 -25"><span class='ocrx_word' id='word_1_116' title='bbox 360 1628 597 1696; x_wconf 80' lang='grc' dir='ltr'><strong>μάλιστα</strong></span> <span class='ocrx_word' id='word_1_117' title='bbox 620 1630 749 1694; x_wconf 79' lang='grc' dir='ltr'><strong>τοὺς</strong></span> <span class='ocrx_word' id='word_1_118' title='bbox 778 1632 1160 1702; x_wconf 82' lang='grc' dir='ltr'><strong>Χριστιανούς,</strong></span> <span class='ocrx_word' id='word_1_119' title='bbox 1186 1634 1420 1698; x_wconf 77' lang='grc' dir='ltr'><strong>Πολλοὺς</strong></span> <span class='ocrx_word' id='word_1_120' title='bbox 1439 1634 1534 1688; x_wconf 83' lang='grc' dir='ltr'><strong>οῦν</strong></span> <span class='ocrx_word' id='word_1_121' title='bbox 1562 1633 1672 1688; x_wconf 85' lang='grc' dir='ltr'><strong>τῶν</strong></span> <span class='ocrx_word' id='word_1_122' title='bbox 1701 1635 1937 1705; x_wconf 88' lang='grc' dir='ltr'><strong>πρώτων</strong></span> 
     </span>
    </p>
   </div>
   <div class='ocr_carea' id='block_1_20' title="bbox 2106 802 3617 873">
    <p class='ocr_par' dir='ltr' id='par_1_20' title="bbox 2106 802 3617 873">
     <span class='ocr_line' id='line_1_20' title="bbox 2106 802 3617 873; baseline -0.001 -12"><span class='ocrx_word' id='word_1_123' title='bbox 2106 805 2499 861; x_wconf 85' lang='lat' dir='ltr'><strong>Constantinus</strong></span> <span class='ocrx_word' id='word_1_124' title='bbox 2537 813 2722 859; x_wconf 91' lang='lat' dir='ltr'><strong>autem</strong></span> <span class='ocrx_word' id='word_1_125' title='bbox 2755 818 2850 873; x_wconf 83' lang='lat' dir='ltr'><strong>per</strong></span> <span class='ocrx_word' id='word_1_126' title='bbox 2875 803 3060 857; x_wconf 87' lang='lat' dir='ltr'><strong>omnia</strong></span> <span class='ocrx_word' id='word_1_127' title='bbox 3093 802 3523 858; x_wconf 83' lang='lat' dir='ltr'><strong>humanissimus</strong></span> <span class='ocrx_word' id='word_1_128' title='bbox 3550 817 3617 859; x_wconf 84' lang='lat' dir='ltr'><strong>ac</strong></span> 
     </span>
    </p>
   </div>
   <div class='ocr_carea' id='block_1_21' title="bbox 2039 898 3617 973">
    <p class='ocr_par' dir='ltr' id='par_1_21' title="bbox 2039 898 3617 973">
     <span class='ocr_line' id='line_1_21' title="bbox 2039 898 3617 973; baseline -0.001 -20"><span class='ocrx_word' id='word_1_129' title='bbox 2039 899 2480 968; x_wconf 82' lang='lat' dir='ltr'><strong>benignissimus,</strong></span> <span class='ocrx_word' id='word_1_130' title='bbox 2506 901 2649 973; x_wconf 70' lang='lat' dir='ltr'><strong>apud</strong></span> <span class='ocrx_word' id='word_1_131' title='bbox 2702 908 2911 963; x_wconf 83' lang='lat' dir='ltr'><strong>patrem</strong></span> <span class='ocrx_word' id='word_1_132' title='bbox 2938 898 3092 952; x_wconf 85' lang='lat' dir='ltr'><strong>vivus</strong></span> <span class='ocrx_word' id='word_1_133' title='bbox 3121 904 3206 952; x_wconf 85' lang='lat' dir='ltr'><strong>est</strong></span> <span class='ocrx_word' id='word_1_134' title='bbox 3237 906 3617 965; x_wconf 86' lang='lat' dir='ltr'><strong>conservatus,</strong></span> 
     </span>
    </p>
   </div>
   <div class='ocr_carea' id='block_1_22' title="bbox 2038 989 3619 1060">
    <p class='ocr_par' dir='ltr' id='par_1_22' title="bbox 2038 989 3619 1060">
     <span class='ocr_line' id='line_1_22' title="bbox 2038 989 3619 1060; baseline 0.001 -16"><span class='ocrx_word' id='word_1_135' title='bbox 2038 1005 2200 1060; x_wconf 85' lang='lat' dir='ltr'><strong>quem</strong></span> <span class='ocrx_word' id='word_1_136' title='bbox 2261 990 2349 1045; x_wconf 91' lang='lat' dir='ltr'><strong>ille</strong></span> <span class='ocrx_word' id='word_1_137' title='bbox 2398 1006 2592 1045; x_wconf 88' lang='lat' dir='ltr'><strong>sanum</strong></span> <span class='ocrx_word' id='word_1_138' title='bbox 2652 990 3001 1059; x_wconf 85' lang='lat' dir='ltr'><strong>validumque</strong></span> <span class='ocrx_word' id='word_1_139' title='bbox 3064 990 3368 1060; x_wconf 90' lang='lat' dir='ltr'><strong>suscipiens</strong></span> <span class='ocrx_word' id='word_1_140' title='bbox 3433 989 3619 1045; x_wconf 87' lang='lat' dir='ltr'><strong>multis</strong></span> 
     </span>
    </p>
   </div>
   <div class='ocr_carea' id='block_1_23' title="bbox 2043 1081 3617 1153">
    <p class='ocr_par' dir='ltr' id='par_1_23' title="bbox 2043 1081 3617 1153">
     <span class='ocr_line' id='line_1_23' title="bbox 2043 1081 3617 1153; baseline 0 -15"><span class='ocrx_word' id='word_1_141' title='bbox 2043 1085 2151 1138; x_wconf 86' lang='lat' dir='ltr'><strong>Deo</strong></span> <span class='ocrx_word' id='word_1_142' title='bbox 2176 1083 2366 1153; x_wconf 78' lang='lat' dir='ltr'><strong>gratiis</strong></span> <span class='ocrx_word' id='word_1_143' title='bbox 2412 1084 2574 1149; x_wconf 87' lang='lat' dir='ltr'><strong>actis,</strong></span> <span class='ocrx_word' id='word_1_144' title='bbox 2633 1096 2741 1136; x_wconf 91' lang='lat' dir='ltr'><strong>non</strong></span> <span class='ocrx_word' id='word_1_145' title='bbox 2779 1082 2951 1136; x_wconf 89' lang='lat' dir='ltr'><strong>multo</strong></span> <span class='ocrx_word' id='word_1_146' title='bbox 2986 1091 3131 1152; x_wconf 89' lang='lat' dir='ltr'><strong>post,</strong></span> <span class='ocrx_word' id='word_1_147' title='bbox 3178 1098 3299 1137; x_wconf 90' lang='lat' dir='ltr'><strong>cum</strong></span> <span class='ocrx_word' id='word_1_148' title='bbox 3333 1081 3408 1137; x_wconf 86' lang='lat' dir='ltr'><strong>illi</strong></span> <span class='ocrx_word' id='word_1_149' title='bbox 3441 1081 3617 1153; x_wconf 87' lang='lat' dir='ltr'><strong>impe-</strong></span> 
     </span>
    </p>
   </div>
   <div class='ocr_carea' id='block_1_24' title="bbox 2041 1170 3615 1240">
    <p class='ocr_par' dir='ltr' id='par_1_24' title="bbox 2041 1170 3615 1240">
     <span class='ocr_line' id='line_1_24' title="bbox 2041 1170 3615 1240; baseline 0.001 -12"><span class='ocrx_word' id='word_1_150' title='bbox 2041 1176 2178 1229; x_wconf 82' lang='lat' dir='ltr'><strong>rium</strong></span> <span class='ocrx_word' id='word_1_151' title='bbox 2230 1174 2566 1240; x_wconf 85' lang='lat' dir='ltr'><strong>tradidisset,</strong></span> <span class='ocrx_word' id='word_1_152' title='bbox 2620 1175 2786 1227; x_wconf 88' lang='lat' dir='ltr'><strong>vitam</strong></span> <span class='ocrx_word' id='word_1_153' title='bbox 2839 1189 2961 1228; x_wconf 89' lang='lat' dir='ltr'><strong>cum</strong></span> <span class='ocrx_word' id='word_1_154' title='bbox 3007 1185 3184 1230; x_wconf 84' lang='lat' dir='ltr'><strong>morte</strong></span> <span class='ocrx_word' id='word_1_155' title='bbox 3237 1170 3615 1230; x_wconf 79' lang='lat' dir='ltr'><strong>commutavit.</strong></span> 
     </span>
    </p>
   </div>
   <div class='ocr_carea' id='block_1_25' title="bbox 2039 1266 3619 1338">
    <p class='ocr_par' dir='ltr' id='par_1_25' title="bbox 2039 1266 3619 1338">
     <span class='ocr_line' id='line_1_25' title="bbox 2039 1266 3619 1338; baseline -0.001 -16"><span class='ocrx_word' id='word_1_156' title='bbox 2039 1266 2267 1322; x_wconf 79' lang='lat' dir='ltr'><strong>Creatus</strong></span> <span class='ocrx_word' id='word_1_157' title='bbox 2299 1276 2476 1320; x_wconf 91' lang='lat' dir='ltr'><strong>autem</strong></span> <span class='ocrx_word' id='word_1_158' title='bbox 2507 1275 2590 1320; x_wconf 89' lang='lat' dir='ltr'><strong>est</strong></span> <span class='ocrx_word' id='word_1_159' title='bbox 2632 1267 2932 1334; x_wconf 86' lang='lat' dir='ltr'><strong>imperator</strong></span> <span class='ocrx_word' id='word_1_160' title='bbox 2962 1267 3355 1322; x_wconf 89' lang='lat' dir='ltr'><strong>Constantinus</strong></span> <span class='ocrx_word' id='word_1_161' title='bbox 3391 1281 3619 1338; x_wconf 84' lang='lat' dir='ltr'><strong>magnus</strong></span> 
     </span>
    </p>
   </div>
   <div class='ocr_carea' id='block_1_26' title="bbox 2041 1355 3619 1429">
    <p class='ocr_par' dir='ltr' id='par_1_26' title="bbox 2041 1355 3619 1429">
     <span class='ocr_line' id='line_1_26' title="bbox 2041 1355 3619 1429; baseline 0.001 -18"><span class='ocrx_word' id='word_1_162' title='bbox 2041 1372 2185 1411; x_wconf 90' lang='lat' dir='ltr'><strong>anno</strong></span> <span class='ocrx_word' id='word_1_163' title='bbox 2234 1356 2410 1426; x_wconf 90' lang='lat' dir='ltr'><strong>primo</strong></span> <span class='ocrx_word' id='word_1_164' title='bbox 2453 1355 2791 1428; x_wconf 77' lang='lat' dir='ltr'><strong>Olympiadis</strong></span> <span class='ocrx_word' id='word_1_165' title='bbox 2844 1358 3235 1414; x_wconf 65' lang='lat' dir='ltr'><strong>ducentesima:</strong></span> <span class='ocrx_word' id='word_1_166' title='bbox 3286 1358 3619 1429; x_wconf 79' lang='lat' dir='ltr'><strong>septuagesi-</strong></span> 
     </span>
    </p>
   </div>
   <div class='ocr_carea' id='block_1_27' title="bbox 2043 1449 3615 1520">
    <p class='ocr_par' dir='ltr' id='par_1_27' title="bbox 2043 1449 3615 1520">
     <span class='ocr_line' id='line_1_27' title="bbox 2043 1449 3615 1520; baseline 0.001 -17"><span class='ocrx_word' id='word_1_167' title='bbox 2043 1466 2145 1505; x_wconf 68' lang='lat' dir='ltr'><strong>ma:</strong></span> <span class='ocrx_word' id='word_1_168' title='bbox 2196 1451 2384 1520; x_wconf 71' lang='lat' dir='ltr'><strong>primae</strong></span> <span class='ocrx_word' id='word_1_169' title='bbox 2443 1466 2628 1505; x_wconf 87' lang='lat' dir='ltr'><strong>mense</strong></span> <span class='ocrx_word' id='word_1_170' title='bbox 2702 1449 2866 1510; x_wconf 88' lang='lat' dir='ltr'><strong>Julio.</strong></span> <span class='ocrx_word' id='word_1_171' title='bbox 2930 1451 3016 1505; x_wconf 91' lang='lat' dir='ltr'><strong>die</strong></span> <span class='ocrx_word' id='word_1_172' title='bbox 3076 1451 3337 1506; x_wconf 83' lang='lat' dir='ltr'><strong>vicesimo</strong></span> <span class='ocrx_word' id='word_1_173' title='bbox 3403 1452 3615 1520; x_wconf 78' lang='lat' dir='ltr'><strong>quinto.</strong></span> 
     </span>
    </p>
   </div>
   <div class='ocr_carea' id='block_1_28' title="bbox 2042 1542 3659 1613">
    <p class='ocr_par' dir='ltr' id='par_1_28' title="bbox 2042 1542 3659 1613">
     <span class='ocr_line' id='line_1_28' title="bbox 2042 1542 3659 1613; baseline 0.002 -17"><span class='ocrx_word' id='word_1_174' title='bbox 2042 1542 2347 1596; x_wconf 78' lang='lat' dir='ltr'><strong>Maxentius</strong></span> <span class='ocrx_word' id='word_1_175' title='bbox 2378 1558 2527 1608; x_wconf 86' lang='lat' dir='ltr'><strong>vero,</strong></span> <span class='ocrx_word' id='word_1_176' title='bbox 2570 1543 2834 1605; x_wconf 88' lang='lat' dir='ltr'><strong>omnium,</strong></span> <span class='ocrx_word' id='word_1_177' title='bbox 2873 1544 2964 1612; x_wconf 90' lang='lat' dir='ltr'><strong>qui</strong></span> <span class='ocrx_word' id='word_1_178' title='bbox 3010 1554 3137 1597; x_wconf 84' lang='lat' dir='ltr'><strong>ante</strong></span> <span class='ocrx_word' id='word_1_179' title='bbox 3174 1544 3351 1612; x_wconf 90' lang='lat' dir='ltr'><strong>ipsum</strong></span> <span class='ocrx_word' id='word_1_180' title='bbox 3377 1544 3619 1613; x_wconf 86' lang='lat' dir='ltr'><strong>impera-</strong></span> <span class='ocrx_word' id='word_1_181' title='bbox 3656 1556 3659 1565; x_wconf 85' lang='lat'><em>&#39;</em></span> 
     </span>
    </p>
   </div>
   <div class='ocr_carea' id='block_1_29' title="bbox 2046 1632 3619 1701">
    <p class='ocr_par' dir='ltr' id='par_1_29' title="bbox 2046 1632 3619 1701">
     <span class='ocr_line' id='line_1_29' title="bbox 2046 1632 3619 1701; baseline 0.002 -15"><span class='ocrx_word' id='word_1_182' title='bbox 2046 1642 2259 1697; x_wconf 81' lang='lat' dir='ltr'><strong>verunt,</strong></span> <span class='ocrx_word' id='word_1_183' title='bbox 2331 1632 2601 1700; x_wconf 79' lang='lat' dir='ltr'><strong>pessimus</strong></span> <span class='ocrx_word' id='word_1_184' title='bbox 2659 1647 2723 1687; x_wconf 82' lang='lat' dir='ltr'><strong>ac</strong></span> <span class='ocrx_word' id='word_1_185' title='bbox 2777 1635 3201 1690; x_wconf 79' lang='lat' dir='ltr'><strong>Scelestissimns</strong></span> <span class='ocrx_word' id='word_1_186' title='bbox 3265 1651 3387 1689; x_wconf 90' lang='lat' dir='ltr'><strong>cum</strong></span> <span class='ocrx_word' id='word_1_187' title='bbox 3452 1645 3619 1701; x_wconf 86' lang='lat' dir='ltr'><strong>esset,</strong></span> 
     </span>
    </p>
   </div>
   <div class='ocr_carea' id='block_1_30' title="bbox 357 1710 1945 1799">
    <p class='ocr_par' dir='ltr' id='par_1_30' title="bbox 357 1720 1934 1797">
     <span class='ocr_line' id='line_1_30' title="bbox 357 1720 1934 1797; baseline 0.006 -25"><span class='ocrx_word' id='word_1_188' title='bbox 357 1720 625 1787; x_wconf 83' lang='grc' dir='ltr'><strong>φονεύσας</strong></span> <span class='ocrx_word' id='word_1_189' title='bbox 656 1760 672 1785; x_wconf 91' lang='grc'><strong>,</strong></span> <span class='ocrx_word' id='word_1_190' title='bbox 701 1725 797 1776; x_wconf 76' lang='grc' dir='ltr'><strong>καὶ</strong></span> <span class='ocrx_word' id='word_1_191' title='bbox 852 1723 1081 1786; x_wconf 79' lang='grc' dir='ltr'><strong>πολλοὺς</strong></span> <span class='ocrx_word' id='word_1_192' title='bbox 1102 1726 1376 1797; x_wconf 80' lang='grc' dir='ltr'><strong>ἐξορίσας,</strong></span> <span class='ocrx_word' id='word_1_193' title='bbox 1399 1726 1496 1790; x_wconf 72' lang='grc' dir='ltr'><strong>τὰς</strong></span> <span class='ocrx_word' id='word_1_194' title='bbox 1527 1728 1715 1791; x_wconf 76' lang='grc' dir='ltr'><strong>οὐσίας</strong></span> <span class='ocrx_word' id='word_1_195' title='bbox 1751 1728 1934 1781; x_wconf 85' lang='grc' dir='ltr'><strong>αὐτῶν</strong></span> 
     </span>
    </p>
   </div>
   <div class='ocr_carea' id='block_1_31' title="bbox 2046 1710 3623 1799">
    <p class='ocr_par' dir='ltr' id='par_1_31' title="bbox 2046 1724 3623 1799">
     <span class='ocr_line' id='line_1_31' title="bbox 2046 1724 3623 1799; baseline 0.003 -19"><span class='ocrx_word' id='word_1_196' title='bbox 2046 1726 2240 1781; x_wconf 84' lang='lat' dir='ltr'><strong>multos</strong></span> <span class='ocrx_word' id='word_1_197' title='bbox 2297 1724 2481 1779; x_wconf 61' lang='lat' dir='ltr'><strong>Rome</strong></span> <span class='ocrx_word' id='word_1_198' title='bbox 2525 1734 2927 1782; x_wconf 88' lang='lat' dir='ltr'><strong>commorantes</strong></span> <span class='ocrx_word' id='word_1_199' title='bbox 2958 1729 3240 1794; x_wconf 79' lang='lat' dir='ltr'><strong>exstinxit,</strong></span> <span class='ocrx_word' id='word_1_200' title='bbox 3296 1738 3351 1783; x_wconf 88' lang='lat' dir='ltr'><strong>et</strong></span> <span class='ocrx_word' id='word_1_201' title='bbox 3402 1728 3623 1799; x_wconf 87' lang='lat' dir='ltr'><strong>potissi-</strong></span> 
     </span>
    </p>
   </div>
   <div class='ocr_carea' id='block_1_32' title="bbox 356 1810 1935 1903">
    <p class='ocr_par' dir='ltr' id='par_1_32' title="bbox 356 1810 1935 1903">
     <span class='ocr_line' id='line_1_32' title="bbox 356 1810 1935 1903; baseline 0.007 -41"><span class='ocrx_word' id='word_1_202' title='bbox 356 1810 676 1882; x_wconf 80' lang='grc' dir='ltr'><strong>διήρπαζεν.</strong></span> <span class='ocrx_word' id='word_1_203' title='bbox 726 1814 802 1884; x_wconf 83' lang='grc' dir='ltr'><strong>Τῇ</strong></span> <span class='ocrx_word' id='word_1_204' title='bbox 869 1815 927 1870; x_wconf 79' lang='grc' dir='ltr'><strong>δὲ</strong></span> <span class='ocrx_word' id='word_1_205' title='bbox 981 1818 1121 1888; x_wconf 80' lang='grc' dir='ltr'><strong>αὐτῇ</strong></span> <span class='ocrx_word' id='word_1_206' title='bbox 1181 1818 1277 1871; x_wconf 90' lang='grc' dir='ltr'><strong>τοῦ</strong></span> <span class='ocrx_word' id='word_1_207' title='bbox 1331 1818 1595 1889; x_wconf 90' lang='grc' dir='ltr'><strong>Γαλερίου</strong></span> <span class='ocrx_word' id='word_1_208' title='bbox 1650 1819 1935 1903; x_wconf 80' lang='grc' dir='ltr'><strong>χρώμενος</strong></span> 
     </span>
    </p>
   </div>
   <div class='ocr_carea' id='block_1_33' title="bbox 354 1904 1931 1984">
    <p class='ocr_par' dir='ltr' id='par_1_33' title="bbox 354 1904 1931 1984">
     <span class='ocr_line' id='line_1_33' title="bbox 354 1904 1931 1984; baseline 0.006 -27"><span class='ocrx_word' id='word_1_209' title='bbox 354 1904 626 1977; x_wconf 79' lang='grc' dir='ltr'><strong>ἀκολασίᾳ</strong></span> <span class='ocrx_word' id='word_1_210' title='bbox 657 1907 859 1971; x_wconf 82' lang='grc' dir='ltr'><strong>πολλὰς</strong></span> <span class='ocrx_word' id='word_1_211' title='bbox 887 1909 996 1963; x_wconf 87' lang='grc' dir='ltr'><strong>τῶν</strong></span> <span class='ocrx_word' id='word_1_212' title='bbox 1039 1910 1343 1981; x_wconf 86' lang='grc' dir='ltr'><strong>ἐλευθέρων</strong></span> <span class='ocrx_word' id='word_1_213' title='bbox 1380 1912 1657 1980; x_wconf 82' lang='grc' dir='ltr'><strong>γυναικῶν</strong></span> <span class='ocrx_word' id='word_1_214' title='bbox 1689 1914 1931 1984; x_wconf 83' lang='grc' dir='ltr'><strong>ἐμίανεν,</strong></span> 
     </span>
    </p>
   </div>
   <div class='ocr_carea' id='block_1_34' title="bbox 2041 1817 3620 1888">
    <p class='ocr_par' dir='ltr' id='par_1_34' title="bbox 2041 1817 3620 1888">
     <span class='ocr_line' id='line_1_34' title="bbox 2041 1817 3620 1888; baseline 0.004 -18"><span class='ocrx_word' id='word_1_215' title='bbox 2041 1832 2186 1870; x_wconf 88' lang='lat' dir='ltr'><strong>mum</strong></span> <span class='ocrx_word' id='word_1_216' title='bbox 2236 1817 2597 1873; x_wconf 76' lang='lat' dir='ltr'><strong>Christianos.</strong></span> <span class='ocrx_word' id='word_1_217' title='bbox 2676 1817 2810 1873; x_wconf 88' lang='lat' dir='ltr'><strong>Cum</strong></span> <span class='ocrx_word' id='word_1_218' title='bbox 2877 1818 3059 1888; x_wconf 85' lang='lat' dir='ltr'><strong>itaque</strong></span> <span class='ocrx_word' id='word_1_219' title='bbox 3117 1820 3314 1875; x_wconf 90' lang='lat' dir='ltr'><strong>multos</strong></span> <span class='ocrx_word' id='word_1_220' title='bbox 3368 1835 3436 1876; x_wconf 78' lang='lat' dir='ltr'><strong>ex</strong></span> <span class='ocrx_word' id='word_1_221' title='bbox 3491 1821 3620 1883; x_wconf 88' lang='lat' dir='ltr'><strong>illis.</strong></span> 
     </span>
    </p>
   </div>
   <div class='ocr_carea' id='block_1_35' title="bbox 2039 1912 3625 1984">
    <p class='ocr_par' dir='ltr' id='par_1_35' title="bbox 2039 1912 3625 1984">
     <span class='ocr_line' id='line_1_35' title="bbox 2039 1912 3625 1984; baseline 0.001 -18"><span class='ocrx_word' id='word_1_222' title='bbox 2039 1926 2241 1979; x_wconf 81' lang='lat' dir='ltr'><strong>eosque</strong></span> <span class='ocrx_word' id='word_1_223' title='bbox 2287 1913 2591 1983; x_wconf 60' lang='lat' dir='ltr'><strong>praecipuos</strong></span> <span class='ocrx_word' id='word_1_224' title='bbox 2654 1912 2975 1979; x_wconf 87' lang='lat' dir='ltr'><strong>occidisset,</strong></span> <span class='ocrx_word' id='word_1_225' title='bbox 3049 1914 3363 1984; x_wconf 87' lang='lat' dir='ltr'><strong>multosque</strong></span> <span class='ocrx_word' id='word_1_226' title='bbox 3432 1913 3625 1970; x_wconf 79' lang='lat' dir='ltr'><strong>exsilio</strong></span> 
     </span>
    </p>
   </div>
   <div class='ocr_carea' id='block_1_36' title="bbox 354 1997 1945 2078">
    <p class='ocr_par' dir='ltr' id='par_1_36' title="bbox 354 1997 1933 2078">
     <span class='ocr_line' id='line_1_36' title="bbox 354 1997 1933 2078; baseline 0.006 -29"><span class='ocrx_word' id='word_1_227' title='bbox 354 1997 549 2069; x_wconf 76' lang='grc' dir='ltr'><strong>ἑτέρας</strong></span> <span class='ocrx_word' id='word_1_228' title='bbox 588 1999 646 2053; x_wconf 79' lang='grc' dir='ltr'><strong>δὲ</strong></span> <span class='ocrx_word' id='word_1_229' title='bbox 696 2001 898 2071; x_wconf 87' lang='grc' dir='ltr'><strong>μυρίας</strong></span> <span class='ocrx_word' id='word_1_230' title='bbox 955 2003 1338 2075; x_wconf 77' lang='grc' dir='ltr'><strong>ἀνοσιουργίας</strong></span> <span class='ocrx_word' id='word_1_231' title='bbox 1391 2006 1498 2059; x_wconf 75' lang='grc' dir='ltr'><strong>καὶ⁶</strong></span> <span class='ocrx_word' id='word_1_232' title='bbox 1535 2006 1933 2078; x_wconf 74' lang='grc' dir='ltr'><strong>ἀρρητοποιῖας</strong></span> 
     </span>
    </p>
   </div>
   <div class='ocr_carea' id='block_1_37' title="bbox 2046 1997 3623 2078">
    <p class='ocr_par' dir='ltr' id='par_1_37' title="bbox 2046 2003 3623 2075">
     <span class='ocr_line' id='line_1_37' title="bbox 2046 2003 3623 2075; baseline 0.002 -18"><span class='ocrx_word' id='word_1_233' title='bbox 2046 2004 2372 2069; x_wconf 85' lang='lat' dir='ltr'><strong>multasset,</strong></span> <span class='ocrx_word' id='word_1_234' title='bbox 2427 2003 2565 2061; x_wconf 85' lang='lat' dir='ltr'><strong>bona</strong></span> <span class='ocrx_word' id='word_1_235' title='bbox 2628 2006 2987 2074; x_wconf 85' lang='lat' dir='ltr'><strong>fortunasque</strong></span> <span class='ocrx_word' id='word_1_236' title='bbox 3055 2006 3319 2063; x_wconf 86' lang='lat' dir='ltr'><strong>invadens</strong></span> <span class='ocrx_word' id='word_1_237' title='bbox 3381 2006 3623 2075; x_wconf 85' lang='lat' dir='ltr'><strong>diripuit,</strong></span> 
     </span>
    </p>
   </div>
   <div class='ocr_carea' id='block_1_38' title="bbox 354 2090 1945 2167">
    <p class='ocr_par' dir='ltr' id='par_1_38' title="bbox 354 2090 1933 2166">
     <span class='ocr_line' id='line_1_38' title="bbox 354 2090 1933 2166; baseline 0.006 -26"><span class='ocrx_word' id='word_1_238' title='bbox 354 2090 715 2157; x_wconf 84' lang='grc' dir='ltr'><strong>ἐπιτηδεύων,</strong></span> <span class='ocrx_word' id='word_1_239' title='bbox 749 2092 1022 2162; x_wconf 85' lang='grc' dir='ltr'><strong>ἀφόρητος</strong></span> <span class='ocrx_word' id='word_1_240' title='bbox 1053 2094 1220 2148; x_wconf 80' lang='grc' dir='ltr'><strong>πᾶσιν</strong></span> <span class='ocrx_word' id='word_1_241' title='bbox 1256 2094 1492 2165; x_wconf 80' lang='grc' dir='ltr'><strong>ὑπῆρχε,</strong></span> <span class='ocrx_word' id='word_1_242' title='bbox 1523 2099 1808 2166; x_wconf 83' lang='grc' dir='ltr'><strong>γοητικαϊς</strong></span> <span class='ocrx_word' id='word_1_243' title='bbox 1829 2113 1933 2150; x_wconf 91' lang='grc' dir='ltr'><strong>κα-</strong></span> 
     </span>
    </p>
   </div>
   <div class='ocr_carea' id='block_1_39' title="bbox 2046 2090 3613 2167">
    <p class='ocr_par' dir='ltr' id='par_1_39' title="bbox 2046 2096 3613 2167">
     <span class='ocr_line' id='line_1_39' title="bbox 2046 2096 3613 2167; baseline 0.001 -18"><span class='ocrx_word' id='word_1_244' title='bbox 2046 2102 2199 2165; x_wconf 74' lang='lat' dir='ltr'><strong>atque</strong></span> <span class='ocrx_word' id='word_1_245' title='bbox 2252 2097 2462 2163; x_wconf 83' lang='lat' dir='ltr'><strong>eadem,</strong></span> <span class='ocrx_word' id='word_1_246' title='bbox 2510 2110 2615 2165; x_wconf 88' lang='lat' dir='ltr'><strong>qua</strong></span> <span class='ocrx_word' id='word_1_247' title='bbox 2651 2096 2905 2153; x_wconf 86' lang='lat' dir='ltr'><strong>Galerius</strong></span> <span class='ocrx_word' id='word_1_248' title='bbox 2967 2097 3388 2167; x_wconf 86' lang='lat' dir='ltr'><strong>intemperantia</strong></span> <span class='ocrx_word' id='word_1_249' title='bbox 3441 2111 3613 2163; x_wconf 90' lang='lat' dir='ltr'><strong>usus,</strong></span> 
     </span>
    </p>
   </div>
   <div class='ocr_carea' id='block_1_40' title="bbox 355 2181 1945 2257">
    <p class='ocr_par' dir='ltr' id='par_1_40' title="bbox 355 2181 1945 2257">
     <span class='ocr_line' id='line_1_40' title="bbox 355 2181 1945 2257; baseline 0.007 -25"><span class='ocrx_word' id='word_1_250' title='bbox 355 2181 789 2250; x_wconf 87' lang='grc' dir='ltr'><strong>κομαγγανείαις</strong></span> <span class='ocrx_word' id='word_1_251' title='bbox 843 2182 1146 2253; x_wconf 81' lang='grc' dir='ltr'><strong>χρώμενος.</strong></span> <span class='ocrx_word' id='word_1_252' title='bbox 1216 2184 1323 2239; x_wconf 90' lang='grc' dir='ltr'><strong>Τοῦ</strong></span> <span class='ocrx_word' id='word_1_253' title='bbox 1388 2185 1445 2240; x_wconf 78' lang='grc' dir='ltr'><strong>δὲ</strong></span> <span class='ocrx_word' id='word_1_254' title='bbox 1493 2187 1733 2257; x_wconf 84' lang='grc' dir='ltr'><strong>μεγάλου</strong></span> <span class='ocrx_word' id='word_1_255' title='bbox 1788 2188 1945 2242; x_wconf 81' lang='grc' dir='ltr'><strong>Κων-</strong></span> 
     </span>
    </p>
   </div>
   <div class='ocr_carea' id='block_1_41' title="bbox 2046 2181 3626 2257">
    <p class='ocr_par' dir='ltr' id='par_1_41' title="bbox 2048 2183 3626 2254">
     <span class='ocr_line' id='line_1_41' title="bbox 2048 2183 3626 2254; baseline 0.001 -16"><span class='ocrx_word' id='word_1_256' title='bbox 2048 2183 2248 2239; x_wconf 88' lang='lat' dir='ltr'><strong>multas</strong></span> <span class='ocrx_word' id='word_1_257' title='bbox 2279 2184 2541 2254; x_wconf 75' lang='lat' dir='ltr'><strong>ingenuas</strong></span> <span class='ocrx_word' id='word_1_258' title='bbox 2567 2184 2822 2240; x_wconf 82' lang='lat' dir='ltr'><strong>mulieres</strong></span> <span class='ocrx_word' id='word_1_259' title='bbox 2851 2185 2996 2241; x_wconf 68' lang='lat' dir='ltr'><strong>foede</strong></span> <span class='ocrx_word' id='word_1_260' title='bbox 3032 2185 3453 2249; x_wconf 85' lang='lat' dir='ltr'><strong>contaminavit,</strong></span> <span class='ocrx_word' id='word_1_261' title='bbox 3486 2184 3626 2239; x_wconf 82' lang='lat' dir='ltr'><strong>alia-</strong></span> 
     </span>
    </p>
   </div>
   <div class='ocr_carea' id='block_1_42' title="bbox 357 2270 1945 2350">
    <p class='ocr_par' dir='ltr' id='par_1_42' title="bbox 357 2270 1943 2350">
     <span class='ocr_line' id='line_1_42' title="bbox 357 2270 1943 2350; baseline 0.009 -29"><span class='ocrx_word' id='word_1_262' title='bbox 357 2270 637 2324; x_wconf 83' lang='grc' dir='ltr'><strong>σταντίνου</strong></span> <span class='ocrx_word' id='word_1_263' title='bbox 674 2272 741 2326; x_wconf 82' lang='grc' dir='ltr'><strong>τὰ</strong></span> <span class='ocrx_word' id='word_1_264' title='bbox 812 2273 998 2343; x_wconf 83' lang='grc' dir='ltr'><strong>βόρεια</strong></span> <span class='ocrx_word' id='word_1_265' title='bbox 1050 2273 1145 2330; x_wconf 71' lang='grc' dir='ltr'><strong>καὶ</strong></span> <span class='ocrx_word' id='word_1_266' title='bbox 1190 2276 1382 2331; x_wconf 84' lang='grc' dir='ltr'><strong>δυτικά</strong></span> <span class='ocrx_word' id='word_1_267' title='bbox 1434 2278 1573 2350; x_wconf 78' lang='grc' dir='ltr'><strong>μέρη</strong></span> <span class='ocrx_word' id='word_1_268' title='bbox 1616 2278 1720 2343; x_wconf 73' lang='grc' dir='ltr'><strong>ἕως</strong></span> <span class='ocrx_word' id='word_1_269' title='bbox 1778 2279 1943 2335; x_wconf 84' lang='grc' dir='ltr'><strong>αὐτοῦ</strong></span> 
     </span>
    </p>
   </div>
   <div class='ocr_carea' id='block_1_43' title="bbox 2046 2270 3624 2350">
    <p class='ocr_par' dir='ltr' id='par_1_43' title="bbox 2048 2275 3624 2348">
     <span class='ocr_line' id='line_1_43' title="bbox 2048 2275 3624 2348; baseline -0.002 -15"><span class='ocrx_word' id='word_1_270' title='bbox 2048 2292 2156 2347; x_wconf 90' lang='lat' dir='ltr'><strong>que</strong></span> <span class='ocrx_word' id='word_1_271' title='bbox 2193 2278 2248 2332; x_wconf 90' lang='lat' dir='ltr'><strong>id</strong></span> <span class='ocrx_word' id='word_1_272' title='bbox 2300 2291 2472 2347; x_wconf 72' lang='lat' dir='ltr'><strong>genus</strong></span> <span class='ocrx_word' id='word_1_273' title='bbox 2514 2276 2663 2332; x_wconf 80' lang='lat' dir='ltr'><strong>mille</strong></span> <span class='ocrx_word' id='word_1_274' title='bbox 2709 2275 2914 2348; x_wconf 74' lang='lat' dir='ltr'><strong>ﬂagitia</strong></span> <span class='ocrx_word' id='word_1_275' title='bbox 2966 2290 3309 2348; x_wconf 90' lang='lat' dir='ltr'><strong>perpetrans,</strong></span> <span class='ocrx_word' id='word_1_276' title='bbox 3366 2292 3486 2346; x_wconf 66' lang='lat' dir='ltr'><strong>quae</strong></span> <span class='ocrx_word' id='word_1_277' title='bbox 3518 2276 3624 2332; x_wconf 86' lang='lat' dir='ltr'><strong>dici</strong></span> 
     </span>
    </p>
   </div>
   <div class='ocr_carea' id='block_1_44' title="bbox 354 2360 1945 2444">
    <p class='ocr_par' dir='ltr' id='par_1_44' title="bbox 354 2360 1945 2444">
     <span class='ocr_line' id='line_1_44' title="bbox 354 2360 1945 2444; baseline 0.008 -31"><span class='ocrx_word' id='word_1_278' title='bbox 354 2360 451 2414; x_wconf 89' lang='grc' dir='ltr'><strong>τοῦ</strong></span> <span class='ocrx_word' id='word_1_279' title='bbox 479 2363 739 2417; x_wconf 79' lang='grc' dir='ltr'><strong>Ὠκεανοῦ</strong></span> <span class='ocrx_word' id='word_1_280' title='bbox 797 2366 1166 2432; x_wconf 64' lang='grc' dir='ltr'><strong>ὑποτάξαντος</strong></span> <span class='ocrx_word' id='word_1_281' title='bbox 1189 2408 1204 2433; x_wconf 90' lang='grc'><strong>,</strong></span> <span class='ocrx_word' id='word_1_282' title='bbox 1258 2364 1327 2441; x_wconf 83' lang='grc' dir='ltr'><strong>ἦν</strong></span> <span class='ocrx_word' id='word_1_283' title='bbox 1376 2372 1567 2443; x_wconf 87' lang='grc' dir='ltr'><strong>είρήνη</strong></span> <span class='ocrx_word' id='word_1_284' title='bbox 1619 2370 1790 2444; x_wconf 84' lang='grc' dir='ltr'><strong>πολλὴ</strong></span> <span class='ocrx_word' id='word_1_285' title='bbox 1849 2372 1945 2428; x_wconf 81' lang='grc' dir='ltr'><strong>καὶ</strong></span> 
     </span>
    </p>
   </div>
   <div class='ocr_carea' id='block_1_45' title="bbox 2046 2360 3628 2444">
    <p class='ocr_par' dir='ltr' id='par_1_45' title="bbox 2047 2368 3628 2438">
     <span class='ocr_line' id='line_1_45' title="bbox 2047 2368 3628 2438; baseline -0.003 -12"><span class='ocrx_word' id='word_1_286' title='bbox 2047 2370 2201 2426; x_wconf 83' lang='lat' dir='ltr'><strong>nefas</strong></span> <span class='ocrx_word' id='word_1_287' title='bbox 2226 2370 2322 2435; x_wconf 86' lang='lat' dir='ltr'><strong>sit,</strong></span> <span class='ocrx_word' id='word_1_288' title='bbox 2352 2368 2712 2425; x_wconf 81' lang='lat' dir='ltr'><strong>intolerabilis</strong></span> <span class='ocrx_word' id='word_1_289' title='bbox 2752 2368 2973 2423; x_wconf 87' lang='lat' dir='ltr'><strong>cunctis</strong></span> <span class='ocrx_word' id='word_1_290' title='bbox 2999 2383 3125 2423; x_wconf 89' lang='lat' dir='ltr'><strong>esse</strong></span> <span class='ocrx_word' id='word_1_291' title='bbox 3168 2368 3354 2438; x_wconf 59' lang='lat' dir='ltr'><strong>coepit,</strong></span> <span class='ocrx_word' id='word_1_292' title='bbox 3390 2369 3628 2438; x_wconf 77' lang='lat' dir='ltr'><strong>magica-</strong></span> 
     </span>
    </p>
   </div>
   <div class='ocr_carea' id='block_1_46' title="bbox 358 2451 1945 2534">
    <p class='ocr_par' dir='ltr' id='par_1_46' title="bbox 358 2451 1941 2534">
     <span class='ocr_line' id='line_1_46' title="bbox 358 2451 1941 2534; baseline 0.009 -30"><span class='ocrx_word' id='word_1_293' title='bbox 358 2451 634 2524; x_wconf 78' lang='grc' dir='ltr'><strong>θυμηδεία</strong></span> <span class='ocrx_word' id='word_1_294' title='bbox 664 2455 776 2526; x_wconf 74' lang='grc'><strong>(52)</strong></span> <span class='ocrx_word' id='word_1_295' title='bbox 810 2458 904 2510; x_wconf 81' lang='grc' dir='ltr'><strong>καὶ</strong></span> <span class='ocrx_word' id='word_1_296' title='bbox 949 2460 1289 2524; x_wconf 86' lang='grc' dir='ltr'><strong>κατάστασις</strong></span> <span class='ocrx_word' id='word_1_297' title='bbox 1320 2462 1379 2515; x_wconf 84' lang='grc' dir='ltr'><strong>ἐν</strong></span> <span class='ocrx_word' id='word_1_298' title='bbox 1400 2461 1497 2534; x_wconf 78' lang='grc' dir='ltr'><strong>ὅλῃ</strong></span> <span class='ocrx_word' id='word_1_299' title='bbox 1526 2464 1593 2533; x_wconf 74' lang='grc' dir='ltr'><strong>τῇ</strong></span> <span class='ocrx_word' id='word_1_300' title='bbox 1633 2465 1754 2517; x_wconf 84' lang='grc' dir='ltr'><strong>κατ’</strong></span> <span class='ocrx_word' id='word_1_301' title='bbox 1779 2464 1941 2518; x_wconf 80' lang='grc' dir='ltr'><strong>αὑτὸν</strong></span> 
     </span>
    </p>
   </div>
   <div class='ocr_carea' id='block_1_47' title="bbox 2046 2451 3630 2534">
    <p class='ocr_par' dir='ltr' id='par_1_47' title="bbox 2048 2459 3630 2533">
     <span class='ocr_line' id='line_1_47' title="bbox 2048 2459 3630 2533; baseline -0.002 -16"><span class='ocrx_word' id='word_1_302' title='bbox 2048 2478 2168 2518; x_wconf 89' lang='lat' dir='ltr'><strong>rum</strong></span> <span class='ocrx_word' id='word_1_303' title='bbox 2223 2462 2423 2517; x_wconf 84' lang='lat' dir='ltr'><strong>artium</strong></span> <span class='ocrx_word' id='word_1_304' title='bbox 2454 2462 2779 2533; x_wconf 82' lang='lat' dir='ltr'><strong>imposturis</strong></span> <span class='ocrx_word' id='word_1_305' title='bbox 2820 2462 3152 2531; x_wconf 86' lang='lat' dir='ltr'><strong>impotenter</strong></span> <span class='ocrx_word' id='word_1_306' title='bbox 3188 2462 3427 2516; x_wconf 89' lang='lat' dir='ltr'><strong>deditus.</strong></span> <span class='ocrx_word' id='word_1_307' title='bbox 3458 2459 3630 2515; x_wconf 80' lang='lat' dir='ltr'><strong>Cum-</strong></span> 
     </span>
    </p>
   </div>
   <div class='ocr_carea' id='block_1_48' title="bbox 356 2546 1945 2631">
    <p class='ocr_par' dir='ltr' id='par_1_48' title="bbox 356 2546 668 2621">
     <span class='ocr_line' id='line_1_48' title="bbox 356 2546 668 2621; baseline 0.019 -24"><span class='ocrx_word' id='word_1_308' title='bbox 356 2546 506 2599; x_wconf 87' lang='grc' dir='ltr'><strong>οίκου</strong></span> <span class='ocrx_word' id='word_1_309' title='bbox 513 2549 668 2621; x_wconf 84' lang='grc' dir='ltr'><strong>μένῃ.</strong></span> 
     </span>
    </p>
   </div>
   <div class='ocr_carea' id='block_1_49' title="bbox 2046 2546 3624 2631">
    <p class='ocr_par' dir='ltr' id='par_1_49' title="bbox 2046 2555 3624 2631">
     <span class='ocr_line' id='line_1_49' title="bbox 2046 2555 3624 2631; baseline -0.006 -17"><span class='ocrx_word' id='word_1_310' title='bbox 2046 2576 2146 2631; x_wconf 82' lang='lat' dir='ltr'><strong>que</strong></span> <span class='ocrx_word' id='word_1_311' title='bbox 2200 2557 2598 2613; x_wconf 84' lang='lat' dir='ltr'><strong>Constantinus</strong></span> <span class='ocrx_word' id='word_1_312' title='bbox 2665 2570 2916 2624; x_wconf 81' lang='lat' dir='ltr'><strong>magnus,</strong></span> <span class='ocrx_word' id='word_1_313' title='bbox 2995 2555 3394 2624; x_wconf 86' lang='lat' dir='ltr'><strong>Septentrionis</strong></span> <span class='ocrx_word' id='word_1_314' title='bbox 3461 2561 3624 2623; x_wconf 86' lang='lat' dir='ltr'><strong>atque</strong></span> 
     </span>
    </p>
   </div>
   <div class='ocr_carea' id='block_1_50' title="bbox 357 2642 3630 2725">
    <p class='ocr_par' dir='ltr' id='par_1_50' title="bbox 357 2642 3630 2725">
     <span class='ocr_line' id='line_1_50' title="bbox 357 2642 3630 2725; baseline 0.001 -31"><span class='ocrx_word' id='word_1_315' title='bbox 357 2642 670 2705; x_wconf 84' lang='lat' dir='ltr'><strong>occidentis</strong></span> <span class='ocrx_word' id='word_1_316' title='bbox 746 2653 929 2713; x_wconf 86' lang='lat' dir='ltr'><strong>partes</strong></span> <span class='ocrx_word' id='word_1_317' title='bbox 984 2661 1155 2716; x_wconf 89' lang='lat' dir='ltr'><strong>usque</strong></span> <span class='ocrx_word' id='word_1_318' title='bbox 1217 2648 1285 2704; x_wconf 85' lang='lat' dir='ltr'><strong>ad</strong></span> <span class='ocrx_word' id='word_1_319' title='bbox 1338 2646 1615 2705; x_wconf 87' lang='lat' dir='ltr'><strong>Oceanum</strong></span> <span class='ocrx_word' id='word_1_320' title='bbox 1662 2653 1987 2724; x_wconf 75' lang='lat' dir='ltr'><strong>subegisset,</strong></span> <span class='ocrx_word' id='word_1_321' title='bbox 2056 2670 2251 2725; x_wconf 79' lang='lat' dir='ltr'><strong>magna</strong></span> <span class='ocrx_word' id='word_1_322' title='bbox 2302 2666 2409 2722; x_wconf 79' lang='lat' dir='ltr'><strong>pax</strong></span> <span class='ocrx_word' id='word_1_323' title='bbox 2460 2650 2524 2707; x_wconf 69' lang='lat' dir='ltr'><strong>ac</strong></span> <span class='ocrx_word' id='word_1_324' title='bbox 2579 2650 2702 2705; x_wconf 80' lang='lat' dir='ltr'><strong>laeta</strong></span> <span class='ocrx_word' id='word_1_325' title='bbox 2761 2649 3126 2719; x_wconf 82' lang='lat' dir='ltr'><strong>tranquillitas</strong></span> <span class='ocrx_word' id='word_1_326' title='bbox 3178 2649 3245 2704; x_wconf 93' lang='lat' dir='ltr'><strong>iis</strong></span> <span class='ocrx_word' id='word_1_327' title='bbox 3295 2647 3630 2717; x_wconf 77' lang='lat' dir='ltr'><strong>regionibus,</strong></span> 
     </span>
    </p>
   </div>
   <div class='ocr_carea' id='block_1_51' title="bbox 361 2732 1299 2803">
    <p class='ocr_par' dir='ltr' id='par_1_51' title="bbox 361 2732 1299 2803">
     <span class='ocr_line' id='line_1_51' title="bbox 361 2732 1299 2803; baseline 0.009 -17"><span class='ocrx_word' id='word_1_328' title='bbox 361 2750 481 2803; x_wconf 73' lang='lat' dir='ltr'><strong>qua:</strong></span> <span class='ocrx_word' id='word_1_329' title='bbox 513 2735 612 2802; x_wconf 87' lang='lat' dir='ltr'><strong>ipsi</strong></span> <span class='ocrx_word' id='word_1_330' title='bbox 645 2739 930 2803; x_wconf 85' lang='lat' dir='ltr'><strong>parebant,</strong></span> <span class='ocrx_word' id='word_1_331' title='bbox 962 2746 1046 2793; x_wconf 88' lang='lat' dir='ltr'><strong>est</strong></span> <span class='ocrx_word' id='word_1_332' title='bbox 1078 2732 1299 2794; x_wconf 75' lang='lat' dir='ltr'><strong>exorta.</strong></span> 
     </span>
    </p>
   </div>
   <div class='ocr_carea' id='block_1_52' title="bbox 430 2848 1944 2928">
    <p class='ocr_par' dir='ltr' id='par_1_52' title="bbox 430 2848 1944 2928">
     <span class='ocr_line' id='line_1_52' title="bbox 430 2848 1944 2928; baseline 0.011 -28"><span class='ocrx_word' id='word_1_333' title='bbox 430 2848 495 2900; x_wconf 82' lang='lat' dir='ltr'><strong>Oi</strong></span> <span class='ocrx_word' id='word_1_334' title='bbox 514 2848 571 2902; x_wconf 81' lang='grc' dir='ltr'><strong>δὲ</strong></span> <span class='ocrx_word' id='word_1_335' title='bbox 589 2848 806 2919; x_wconf 86' lang='grc' dir='ltr'><strong>Ῥώμης</strong></span> <span class='ocrx_word' id='word_1_336' title='bbox 826 2852 1109 2923; x_wconf 77' lang='grc' dir='ltr'><strong>οἰκήτορες</strong></span> <span class='ocrx_word' id='word_1_337' title='bbox 1124 2854 1308 2923; x_wconf 83' lang='grc' dir='ltr'><strong>δέησιν</strong></span> <span class='ocrx_word' id='word_1_338' title='bbox 1320 2857 1458 2928; x_wconf 84' lang='grc' dir='ltr'><strong>πρὸς</strong></span> <span class='ocrx_word' id='word_1_339' title='bbox 1470 2857 1630 2913; x_wconf 82' lang='grc' dir='ltr'><strong>αὐτὸν</strong></span> <span class='ocrx_word' id='word_1_340' title='bbox 1641 2859 1944 2917; x_wconf 77' lang='grc' dir='ltr'><strong>ἐστείλαντο</strong></span> 
     </span>
    </p>
   </div>
   <div class='ocr_carea' id='block_1_53' title="bbox 360 2942 1942 3024">
    <p class='ocr_par' dir='ltr' id='par_1_53' title="bbox 360 2942 1942 3024">
     <span class='ocr_line' id='line_1_53' title="bbox 360 2942 1942 3024; baseline 0.006 -27"><span class='ocrx_word' id='word_1_341' title='bbox 360 2942 831 3014; x_wconf 88' lang='grc' dir='ltr'><strong>παρακαλοῦντες,</strong></span> <span class='ocrx_word' id='word_1_342' title='bbox 853 2945 929 3015; x_wconf 79' lang='grc' dir='ltr'><strong>μὴ</strong></span> <span class='ocrx_word' id='word_1_343' title='bbox 962 2947 1213 3015; x_wconf 77' lang='grc' dir='ltr'><strong>παριδεῖν</strong></span> <span class='ocrx_word' id='word_1_344' title='bbox 1246 2947 1344 3019; x_wconf 82' lang='grc' dir='ltr'><strong>τὴν</strong></span> <span class='ocrx_word' id='word_1_345' title='bbox 1374 2950 1584 3021; x_wconf 89' lang='grc' dir='ltr'><strong>μητέρα</strong></span> <span class='ocrx_word' id='word_1_346' title='bbox 1618 2951 1726 3004; x_wconf 83' lang='grc' dir='ltr'><strong>τῶν</strong></span> <span class='ocrx_word' id='word_1_347' title='bbox 1785 2954 1942 3024; x_wconf 83' lang='grc' dir='ltr'><strong>βασι-</strong></span> 
     </span>
    </p>
   </div>
   <div class='ocr_carea' id='block_1_54' title="bbox 360 3035 1933 3116">
    <p class='ocr_par' dir='ltr' id='par_1_54' title="bbox 360 3035 1933 3116">
     <span class='ocr_line' id='line_1_54' title="bbox 360 3035 1933 3116; baseline 0.006 -28"><span class='ocrx_word' id='word_1_348' title='bbox 360 3035 499 3088; x_wconf 80' lang='grc' dir='ltr'><strong>λέων</strong></span> <span class='ocrx_word' id='word_1_349' title='bbox 532 3035 639 3088; x_wconf 78' lang='grc' dir='ltr'><strong>ἀπὸ</strong></span> <span class='ocrx_word' id='word_1_350' title='bbox 666 3036 911 3107; x_wconf 86' lang='grc' dir='ltr'><strong>ἀπηνοῦς</strong></span> <span class='ocrx_word' id='word_1_351' title='bbox 944 3039 1234 3110; x_wconf 84' lang='grc' dir='ltr'><strong>τυράννου,</strong></span> <span class='ocrx_word' id='word_1_352' title='bbox 1281 3041 1481 3113; x_wconf 83' lang='grc' dir='ltr'><strong>μᾶλλον</strong></span> <span class='ocrx_word' id='word_1_353' title='bbox 1509 3041 1565 3095; x_wconf 79' lang='grc' dir='ltr'><strong>δὲ</strong></span> <span class='ocrx_word' id='word_1_354' title='bbox 1597 3045 1933 3116; x_wconf 78' lang='grc' dir='ltr'><strong>σαρκοϐὀρου</strong></span> 
     </span>
    </p>
   </div>
   <div class='ocr_carea' id='block_1_55' title="bbox 359 3128 1941 3206">
    <p class='ocr_par' dir='ltr' id='par_1_55' title="bbox 359 3128 1941 3206">
     <span class='ocr_line' id='line_1_55' title="bbox 359 3128 1941 3206; baseline 0.006 -24"><span class='ocrx_word' id='word_1_355' title='bbox 359 3128 552 3198; x_wconf 78' lang='grc' dir='ltr'><strong>θηρίου</strong></span> <span class='ocrx_word' id='word_1_356' title='bbox 583 3129 983 3202; x_wconf 84' lang='grc' dir='ltr'><strong>ἀπολλυμένην.</strong></span> <span class='ocrx_word' id='word_1_357' title='bbox 1018 3132 1205 3187; x_wconf 88' lang='grc' dir='ltr'><strong>Ταῦτα</strong></span> <span class='ocrx_word' id='word_1_358' title='bbox 1251 3133 1490 3200; x_wconf 85' lang='grc' dir='ltr'><strong>ἀκούσας</strong></span> <span class='ocrx_word' id='word_1_359' title='bbox 1518 3136 1545 3188; x_wconf 92' lang='lat'><strong>6</strong></span> <span class='ocrx_word' id='word_1_360' title='bbox 1583 3137 1755 3206; x_wconf 81' lang='grc' dir='ltr'><strong>μέγας</strong></span> <span class='ocrx_word' id='word_1_361' title='bbox 1784 3139 1941 3191; x_wconf 82' lang='grc' dir='ltr'><strong>Κων-</strong></span> 
     </span>
    </p>
   </div>
   <div class='ocr_carea' id='block_1_56' title="bbox 363 3205 2017 3299">
    <p class='ocr_par' dir='ltr' id='par_1_56' title="bbox 363 3205 2017 3299">
     <span class='ocr_line' id='line_1_56' title="bbox 363 3205 2017 3299; baseline 0.007 -26"><span class='ocrx_word' id='word_1_362' title='bbox 363 3222 645 3285; x_wconf 83' lang='grc' dir='ltr'><strong>σταντῖνος</strong></span> <span class='ocrx_word' id='word_1_363' title='bbox 701 3223 793 3275; x_wconf 72' lang='grc' dir='ltr'><strong>καὶ</strong></span> <span class='ocrx_word' id='word_1_364' title='bbox 840 3224 1213 3296; x_wconf 83' lang='grc' dir='ltr'><strong>συμπαθήσας</strong></span> <span class='ocrx_word' id='word_1_365' title='bbox 1246 3227 1454 3290; x_wconf 79' lang='grc' dir='ltr'><strong>αὐτοῖς,</strong></span> <span class='ocrx_word' id='word_1_366' title='bbox 1513 3229 1796 3299; x_wconf 76' lang='grc' dir='ltr'><strong>ἐφρόντιζε</strong></span> <span class='ocrx_word' id='word_1_367' title='bbox 1849 3230 1944 3284; x_wconf 88' lang='grc' dir='ltr'><strong>τοῦ</strong></span> <span class='ocrx_word' id='word_1_368' title='bbox 1972 3205 2017 3263; x_wconf 68' lang='lat' dir='ltr'><strong>G</strong></span> 
     </span>
    </p>
   </div>
   <div class='ocr_carea' id='block_1_57' title="bbox 361 3314 1947 3392">
    <p class='ocr_par' dir='ltr' id='par_1_57' title="bbox 361 3314 1947 3392">
     <span class='ocr_line' id='line_1_57' title="bbox 361 3314 1947 3392; baseline 0.008 -24"><span class='ocrx_word' id='word_1_369' title='bbox 361 3314 727 3389; x_wconf 79' lang='grc' dir='ltr'><strong>ἐλευθερῶσαι</strong></span> <span class='ocrx_word' id='word_1_370' title='bbox 792 3320 993 3385; x_wconf 79' lang='grc' dir='ltr'><strong>αὐτοὺς</strong></span> <span class='ocrx_word' id='word_1_371' title='bbox 1045 3324 1110 3376; x_wconf 83' lang='grc' dir='ltr'><strong>ἐκ</strong></span> <span class='ocrx_word' id='word_1_372' title='bbox 1161 3323 1261 3392; x_wconf 82' lang='grc' dir='ltr'><strong>τῆς</strong></span> <span class='ocrx_word' id='word_1_373' title='bbox 1317 3324 1605 3392; x_wconf 86' lang='grc' dir='ltr'><strong>δουλείας,</strong></span> <span class='ocrx_word' id='word_1_374' title='bbox 1660 3326 1947 3387; x_wconf 84' lang='grc' dir='ltr'><strong>ἐδεδίει,δέ</strong></span> 
     </span>
    </p>
   </div>
   <div class='ocr_carea' id='block_1_58' title="bbox 359 3407 1944 3488">
    <p class='ocr_par' dir='ltr' id='par_1_58' title="bbox 359 3407 1944 3488">
     <span class='ocr_line' id='line_1_58' title="bbox 359 3407 1944 3488; baseline 0.008 -28"><span class='ocrx_word' id='word_1_375' title='bbox 359 3407 519 3461; x_wconf 87' lang='grc' dir='ltr'><strong>τοῦτο</strong></span> <span class='ocrx_word' id='word_1_376' title='bbox 551 3408 639 3462; x_wconf 74' lang='grc' dir='ltr'><strong>διὰ</strong></span> <span class='ocrx_word' id='word_1_377' title='bbox 669 3411 770 3475; x_wconf 75' lang='grc' dir='ltr'><strong>τὰς</strong></span> <span class='ocrx_word' id='word_1_378' title='bbox 798 3412 1054 3482; x_wconf 83' lang='grc' dir='ltr'><strong>γοητείας</strong></span> <span class='ocrx_word' id='word_1_379' title='bbox 1093 3417 1187 3467; x_wconf 74' lang='grc' dir='ltr'><strong>καὶ</strong></span> <span class='ocrx_word' id='word_1_380' title='bbox 1227 3415 1393 3469; x_wconf 81' lang='grc' dir='ltr'><strong>αὑτοῦ</strong></span> <span class='ocrx_word' id='word_1_381' title='bbox 1443 3418 1944 3488; x_wconf 82' lang='grc' dir='ltr'><strong>κακομαγγανείας.</strong></span> 
     </span>
    </p>
   </div>
   <div class='ocr_carea' id='block_1_59' title="bbox 371 3500 1947 3582">
    <p class='ocr_par' dir='ltr' id='par_1_59' title="bbox 371 3500 1947 3582">
     <span class='ocr_line' id='line_1_59' title="bbox 371 3500 1947 3582; baseline 0.01 -30"><span class='ocrx_word' id='word_1_382' title='bbox 371 3500 512 3570; x_wconf 83' lang='grc' dir='ltr'><strong>Ἤδη</strong></span> <span class='ocrx_word' id='word_1_383' title='bbox 550 3501 661 3572; x_wconf 82' lang='grc' dir='ltr'><strong>γὰρ</strong></span> <span class='ocrx_word' id='word_1_384' title='bbox 684 3503 761 3567; x_wconf 84' lang='grc' dir='ltr'><strong>ὡς</strong></span> <span class='ocrx_word' id='word_1_385' title='bbox 793 3504 964 3559; x_wconf 85' lang='grc' dir='ltr'><strong>πολλὰ</strong></span> <span class='ocrx_word' id='word_1_386' title='bbox 1002 3506 1235 3578; x_wconf 84' lang='grc' dir='ltr'><strong>ἀνέτεμε</strong></span> <span class='ocrx_word' id='word_1_387' title='bbox 1281 3509 1469 3562; x_wconf 84' lang='grc' dir='ltr'><strong>παιδία</strong></span> <span class='ocrx_word' id='word_1_388' title='bbox 1521 3512 1791 3581; x_wconf 82' lang='grc' dir='ltr'><strong>προφάσει</strong></span> <span class='ocrx_word' id='word_1_389' title='bbox 1848 3512 1947 3582; x_wconf 82' lang='grc' dir='ltr'><strong>τῆς</strong></span> 
     </span>
    </p>
   </div>
   <div class='ocr_carea' id='block_1_60' title="bbox 365 3591 1947 3674">
    <p class='ocr_par' dir='ltr' id='par_1_60' title="bbox 365 3591 1947 3674">
     <span class='ocr_line' id='line_1_60' title="bbox 365 3591 1947 3674; baseline 0.009 -31"><span class='ocrx_word' id='word_1_390' title='bbox 365 3591 626 3663; x_wconf 82' lang='grc' dir='ltr'><strong>ἀθεμίτου</strong></span> <span class='ocrx_word' id='word_1_391' title='bbox 658 3595 823 3650; x_wconf 81' lang='grc' dir='ltr'><strong>αὑτοῦ</strong></span> <span class='ocrx_word' id='word_1_392' title='bbox 862 3598 1147 3667; x_wconf 87' lang='grc' dir='ltr'><strong>μαντείας.</strong></span> <span class='ocrx_word' id='word_1_393' title='bbox 1217 3600 1309 3653; x_wconf 88' lang='grc' dir='ltr'><strong>Ἐν</strong></span> <span class='ocrx_word' id='word_1_394' title='bbox 1347 3601 1517 3672; x_wconf 80' lang='grc' dir='ltr'><strong>πολλῇ</strong></span> <span class='ocrx_word' id='word_1_395' title='bbox 1557 3597 1650 3656; x_wconf 81' lang='grc' dir='ltr'><strong>οὖν</strong></span> <span class='ocrx_word' id='word_1_396' title='bbox 1704 3604 1947 3674; x_wconf 86' lang='grc' dir='ltr'><strong>φροντίδι</strong></span> 
     </span>
    </p>
   </div>
   <div class='ocr_carea' id='block_1_61' title="bbox 360 3684 1948 3764">
    <p class='ocr_par' dir='ltr' id='par_1_61' title="bbox 360 3684 1948 3764">
     <span class='ocr_line' id='line_1_61' title="bbox 360 3684 1948 3764; baseline 0.008 -28"><span class='ocrx_word' id='word_1_397' title='bbox 360 3684 458 3737; x_wconf 73' lang='grc' dir='ltr'><strong>καὶ</strong></span> <span class='ocrx_word' id='word_1_398' title='bbox 480 3684 669 3752; x_wconf 78' lang='grc' dir='ltr'><strong>σκέψει</strong></span> <span class='ocrx_word' id='word_1_399' title='bbox 691 3686 991 3757; x_wconf 81' lang='grc' dir='ltr'><strong>ὑπάρχοντι</strong></span> <span class='ocrx_word' id='word_1_400' title='bbox 1017 3687 1173 3759; x_wconf 77' lang='grc' dir='ltr'><strong>ὤφθη</strong></span> <span class='ocrx_word' id='word_1_401' title='bbox 1206 3689 1364 3761; x_wconf 86' lang='grc' dir='ltr'><strong>αύτῷ</strong></span> <span class='ocrx_word' id='word_1_402' title='bbox 1388 3694 1446 3746; x_wconf 91' lang='grc' dir='ltr'><strong>ἐν</strong></span> <span class='ocrx_word' id='word_1_403' title='bbox 1470 3693 1676 3764; x_wconf 85' lang='grc' dir='ltr'><strong>κάμπῳ</strong></span> <span class='ocrx_word' id='word_1_404' title='bbox 1704 3695 1948 3763; x_wconf 83' lang='grc' dir='ltr'><strong>διάγοντι</strong></span> 
     </span>
    </p>
   </div>
   <div class='ocr_carea' id='block_1_62' title="bbox 366 3773 1947 3855">
    <p class='ocr_par' dir='ltr' id='par_1_62' title="bbox 366 3773 1947 3855">
     <span class='ocr_line' id='line_1_62' title="bbox 366 3773 1947 3855; baseline 0.008 -30"><span class='ocrx_word' id='word_1_405' title='bbox 366 3773 505 3843; x_wconf 84' lang='grc' dir='ltr'><strong>μετὰ</strong></span> <span class='ocrx_word' id='word_1_406' title='bbox 542 3774 651 3826; x_wconf 83' lang='grc' dir='ltr'><strong>τῶν</strong></span> <span class='ocrx_word' id='word_1_407' title='bbox 693 3779 1043 3844; x_wconf 84' lang='grc' dir='ltr'><strong>στρατιωτῶν</strong></span> <span class='ocrx_word' id='word_1_408' title='bbox 1084 3780 1216 3849; x_wconf 66' lang='grc' dir='ltr'><strong>περὶ¹</strong></span> <span class='ocrx_word' id='word_1_409' title='bbox 1257 3781 1607 3851; x_wconf 79' lang='grc' dir='ltr'><strong>μεσημϐρίας</strong></span> <span class='ocrx_word' id='word_1_410' title='bbox 1634 3784 1947 3855; x_wconf 80' lang='grc' dir='ltr'><strong>στηλοειδὴς</strong></span> 
     </span>
    </p>
   </div>
   <div class='ocr_carea' id='block_1_63' title="bbox 366 3862 1947 3944">
    <p class='ocr_par' dir='ltr' id='par_1_63' title="bbox 366 3862 1947 3944">
     <span class='ocr_line' id='line_1_63' title="bbox 366 3862 1947 3944; baseline 0.007 -27"><span class='ocrx_word' id='word_1_411' title='bbox 366 3862 601 3933; x_wconf 78' lang='grc' dir='ltr'><strong>σταυρὸς</strong></span> <span class='ocrx_word' id='word_1_412' title='bbox 635 3865 699 3917; x_wconf 81' lang='grc' dir='ltr'><strong>ἐκ</strong></span> <span class='ocrx_word' id='word_1_413' title='bbox 723 3866 902 3933; x_wconf 82' lang='grc' dir='ltr'><strong>φωτὸς</strong></span> <span class='ocrx_word' id='word_1_414' title='bbox 941 3870 1454 3940; x_wconf 81' lang='grc' dir='ltr'><strong>κατεσκευασμένος</strong></span> <span class='ocrx_word' id='word_1_415' title='bbox 1495 3873 1630 3944; x_wconf 76' lang='grc'><strong>(55),</strong></span> <span class='ocrx_word' id='word_1_416' title='bbox 1684 3876 1742 3926; x_wconf 90' lang='grc' dir='ltr'><strong>ἐν</strong></span> <span class='ocrx_word' id='word_1_417' title='bbox 1774 3867 1818 3942; x_wconf 85' lang='grc' dir='ltr'>ᾧ</span> <span class='ocrx_word' id='word_1_418' title='bbox 1847 3876 1947 3928; x_wconf 89' lang='grc' dir='ltr'><strong>ἐπ-</strong></span> 
     </span>
    </p>
   </div>
   <div class='ocr_carea' id='block_1_64' title="bbox 363 3956 1947 4038">
    <p class='ocr_par' dir='ltr' id='par_1_64' title="bbox 363 3956 1947 4038">
     <span class='ocr_line' id='line_1_64' title="bbox 363 3956 1947 4038; baseline 0.007 -28"><span class='ocrx_word' id='word_1_419' title='bbox 363 3956 694 4027; x_wconf 71' lang='grc' dir='ltr'><strong>εγέγραπτο,</strong></span> <span class='ocrx_word' id='word_1_420' title='bbox 725 3975 744 4009; x_wconf 80' lang='grc' dir='ltr'><strong>ι</strong></span> <span class='ocrx_word' id='word_1_421' title='bbox 767 3959 855 4010; x_wconf 86' lang='grc' dir='ltr'><strong>Ἐν</strong></span> <span class='ocrx_word' id='word_1_422' title='bbox 883 3959 1058 4031; x_wconf 88' lang='grc' dir='ltr'><strong>τούτῳ</strong></span> <span class='ocrx_word' id='word_1_423' title='bbox 1080 3961 1226 4016; x_wconf 88' lang='grc' dir='ltr'><strong>νίκα.</strong></span> <span class='ocrx_word' id='word_1_424' title='bbox 1268 3981 1287 4013; x_wconf 72' lang='grc' dir='ltr'><strong>ι</strong></span> <span class='ocrx_word' id='word_1_425' title='bbox 1328 3964 1607 4035; x_wconf 84' lang='grc' dir='ltr'><strong>Ἐμφοόος</strong></span> <span class='ocrx_word' id='word_1_426' title='bbox 1633 3966 1689 4019; x_wconf 86' lang='grc' dir='ltr'><strong>δὲ</strong></span> <span class='ocrx_word' id='word_1_427' title='bbox 1720 3968 1947 4038; x_wconf 84' lang='grc' dir='ltr'><strong>γενόμε-</strong></span> 
     </span>
    </p>
   </div>
   <div class='ocr_carea' id='block_1_65' title="bbox 364 4048 1950 4127">
    <p class='ocr_par' dir='ltr' id='par_1_65' title="bbox 364 4048 1950 4127">
     <span class='ocr_line' id='line_1_65' title="bbox 364 4048 1950 4127; baseline 0.007 -27"><span class='ocrx_word' id='word_1_428' title='bbox 364 4066 454 4114; x_wconf 85' lang='grc' dir='ltr'><strong>νος</strong></span> <span class='ocrx_word' id='word_1_429' title='bbox 482 4049 510 4101; x_wconf 92' lang='lat'><strong>6</strong></span> <span class='ocrx_word' id='word_1_430' title='bbox 538 4048 813 4120; x_wconf 81' lang='grc' dir='ltr'><strong>βασιλεὺς,</strong></span> <span class='ocrx_word' id='word_1_431' title='bbox 842 4051 1029 4122; x_wconf 80' lang='grc' dir='ltr'><strong>ἠρώτα</strong></span> <span class='ocrx_word' id='word_1_432' title='bbox 1058 4052 1184 4116; x_wconf 83' lang='grc' dir='ltr'><strong>τοὺς</strong></span> <span class='ocrx_word' id='word_1_433' title='bbox 1213 4054 1308 4108; x_wconf 84' lang='grc' dir='ltr'><strong>σὺν</strong></span> <span class='ocrx_word' id='word_1_434' title='bbox 1339 4054 1488 4127; x_wconf 82' lang='grc' dir='ltr'><strong>αὐτῷ</strong></span> <span class='ocrx_word' id='word_1_435' title='bbox 1510 4099 1525 4123; x_wconf 88' lang='grc'><strong>,</strong></span> <span class='ocrx_word' id='word_1_436' title='bbox 1562 4058 1611 4110; x_wconf 87' lang='grc' dir='ltr'><strong>εἰ</strong></span> <span class='ocrx_word' id='word_1_437' title='bbox 1661 4060 1757 4111; x_wconf 75' lang='grc' dir='ltr'><strong>καὶ</strong></span> <span class='ocrx_word' id='word_1_438' title='bbox 1795 4059 1950 4112; x_wconf 80' lang='grc' dir='ltr'><strong>αὐτοί</strong></span> 
     </span>
    </p>
   </div>
   <div class='ocr_carea' id='block_1_66' title="bbox 362 4140 1950 4221">
    <p class='ocr_par' dir='ltr' id='par_1_66' title="bbox 362 4140 1950 4221">
     <span class='ocr_line' id='line_1_66' title="bbox 362 4140 1950 4221; baseline 0.006 -26"><span class='ocrx_word' id='word_1_439' title='bbox 362 4158 418 4195; x_wconf 88' lang='grc' dir='ltr'><strong>τι</strong></span> <span class='ocrx_word' id='word_1_440' title='bbox 440 4140 752 4197; x_wconf 81' lang='grc' dir='ltr'><strong>ἐθεάσαντο.</strong></span> <span class='ocrx_word' id='word_1_441' title='bbox 780 4144 842 4197; x_wconf 86' lang='grc' dir='ltr'><strong>Οί</strong></span> <span class='ocrx_word' id='word_1_442' title='bbox 873 4144 930 4197; x_wconf 81' lang='grc' dir='ltr'><strong>δὲ</strong></span> <span class='ocrx_word' id='word_1_443' title='bbox 980 4144 1415 4217; x_wconf 79' lang='grc' dir='ltr'><strong>ὁμολογήσαντες</strong></span> <span class='ocrx_word' id='word_1_444' title='bbox 1447 4147 1547 4218; x_wconf 86' lang='grc' dir='ltr'><strong>τὴν</strong></span> <span class='ocrx_word' id='word_1_445' title='bbox 1593 4148 1766 4221; x_wconf 83' lang='grc' dir='ltr'><strong>αὐτὴν</strong></span> <span class='ocrx_word' id='word_1_446' title='bbox 1796 4150 1950 4221; x_wconf 81' lang='grc' dir='ltr'><strong>αὐτῷ</strong></span> 
     </span>
    </p>
   </div>
   <div class='ocr_carea' id='block_1_67' title="bbox 365 4235 1951 4313">
    <p class='ocr_par' dir='ltr' id='par_1_67' title="bbox 365 4235 1951 4313">
     <span class='ocr_line' id='line_1_67' title="bbox 365 4235 1951 4313; baseline 0.004 -24"><span class='ocrx_word' id='word_1_447' title='bbox 365 4235 672 4306; x_wconf 75' lang='grc' dir='ltr'><strong>ἑωρακέναι</strong></span> <span class='ocrx_word' id='word_1_448' title='bbox 723 4235 1015 4302; x_wconf 85' lang='grc' dir='ltr'><strong>ὀπτασίαν,</strong></span> <span class='ocrx_word' id='word_1_449' title='bbox 1047 4237 1170 4290; x_wconf 88' lang='grc' dir='ltr'><strong>τότε</strong></span> <span class='ocrx_word' id='word_1_450' title='bbox 1212 4238 1241 4290; x_wconf 92' lang='lat'><strong>6</strong></span> <span class='ocrx_word' id='word_1_451' title='bbox 1277 4239 1533 4309; x_wconf 80' lang='grc' dir='ltr'><strong>βασιλεὺς</strong></span> <span class='ocrx_word' id='word_1_452' title='bbox 1571 4242 1951 4313; x_wconf 72' lang='grc' dir='ltr'><strong>ἀναρρωσθεὶς</strong></span> 
     </span>
    </p>
   </div>
   <div class='ocr_carea' id='block_1_68' title="bbox 363 4324 1949 4404">
    <p class='ocr_par' dir='ltr' id='par_1_68' title="bbox 363 4324 1949 4404">
     <span class='ocr_line' id='line_1_68' title="bbox 363 4324 1949 4404; baseline 0.008 -27"><span class='ocrx_word' id='word_1_453' title='bbox 363 4324 442 4396; x_wconf 84' lang='grc' dir='ltr'><strong>τῷ</strong></span> <span class='ocrx_word' id='word_1_454' title='bbox 471 4328 803 4397; x_wconf 85' lang='grc' dir='ltr'><strong>φρονήματι,</strong></span> <span class='ocrx_word' id='word_1_455' title='bbox 837 4328 1073 4400; x_wconf 82' lang='grc' dir='ltr'><strong>θάρσους</strong></span> <span class='ocrx_word' id='word_1_456' title='bbox 1104 4346 1165 4383; x_wconf 90' lang='grc' dir='ltr'><strong>τε</strong></span> <span class='ocrx_word' id='word_1_457' title='bbox 1191 4331 1287 4384; x_wconf 77' lang='grc' dir='ltr'><strong>καὶ</strong></span> <span class='ocrx_word' id='word_1_458' title='bbox 1324 4333 1636 4404; x_wconf 84' lang='grc' dir='ltr'><strong>προθυμίας</strong></span> <span class='ocrx_word' id='word_1_459' title='bbox 1663 4335 1949 4400; x_wconf 85' lang='grc' dir='ltr'><strong>ἀνάπλεως</strong></span> 
     </span>
    </p>
   </div>
   <div class='ocr_carea' id='block_1_69' title="bbox 364 4411 1949 4496">
    <p class='ocr_par' dir='ltr' id='par_1_69' title="bbox 364 4411 1949 4496">
     <span class='ocr_line' id='line_1_69' title="bbox 364 4411 1949 4496; baseline 0.007 -26"><span class='ocrx_word' id='word_1_460' title='bbox 364 4411 457 4488; x_wconf 79' lang='grc' dir='ltr'><strong>ἦν.</strong></span> <span class='ocrx_word' id='word_1_461' title='bbox 487 4417 565 4489; x_wconf 77' lang='grc' dir='ltr'><strong>Τῇ</strong></span> <span class='ocrx_word' id='word_1_462' title='bbox 613 4417 669 4471; x_wconf 85' lang='grc' dir='ltr'><strong>δὲ</strong></span> <span class='ocrx_word' id='word_1_463' title='bbox 732 4418 962 4493; x_wconf 81' lang='grc' dir='ltr'><strong>ἐπιούσῃ</strong></span> <span class='ocrx_word' id='word_1_464' title='bbox 996 4424 1152 4476; x_wconf 76' lang='grc' dir='ltr'><strong>νυκτὶ</strong></span> <span class='ocrx_word' id='word_1_465' title='bbox 1191 4426 1419 4488; x_wconf 78' lang='grc' dir='ltr'><strong>ἐπιστὰς</strong></span> <span class='ocrx_word' id='word_1_466' title='bbox 1452 4427 1480 4479; x_wconf 93' lang='lat'><strong>6</strong></span> <span class='ocrx_word' id='word_1_467' title='bbox 1536 4425 1738 4496; x_wconf 79' lang='grc' dir='ltr'><strong>Κύριος</strong></span> <span class='ocrx_word' id='word_1_468' title='bbox 1794 4421 1949 4481; x_wconf 76' lang='grc' dir='ltr'><strong>εἶπεν</strong></span> 
     </span>
    </p>
   </div>
   <div class='ocr_carea' id='block_1_70' title="bbox 366 4509 2024 4595">
    <p class='ocr_par' dir='ltr' id='par_1_70' title="bbox 366 4509 2024 4595">
     <span class='ocr_line' id='line_1_70' title="bbox 366 4509 2024 4595; baseline 0.007 -33"><span class='ocrx_word' id='word_1_469' title='bbox 366 4509 515 4580; x_wconf 83' lang='grc' dir='ltr'><strong>αὐτῷ</strong></span> <span class='ocrx_word' id='word_1_470' title='bbox 548 4526 560 4540; x_wconf 76' lang='grc'>³</span> <span class='ocrx_word' id='word_1_471' title='bbox 603 4512 820 4582; x_wconf 85' lang='grc' dir='ltr'><strong>Χρῆσαι</strong></span> <span class='ocrx_word' id='word_1_472' title='bbox 870 4512 946 4584; x_wconf 81' lang='grc' dir='ltr'><strong>τῷ</strong></span> <span class='ocrx_word' id='word_1_473' title='bbox 974 4515 1198 4582; x_wconf 84' lang='grc' dir='ltr'><strong>φανέντι</strong></span> <span class='ocrx_word' id='word_1_474' title='bbox 1240 4517 1454 4588; x_wconf 86' lang='grc' dir='ltr'><strong>σημείῳ</strong></span> <span class='ocrx_word' id='word_1_475' title='bbox 1479 4556 1493 4582; x_wconf 92' lang='grc'><strong>,</strong></span> <span class='ocrx_word' id='word_1_476' title='bbox 1522 4519 1618 4573; x_wconf 56' lang='grc' dir='ltr'><strong>καὶ⁵</strong></span> <span class='ocrx_word' id='word_1_477' title='bbox 1652 4519 1749 4591; x_wconf 75' lang='grc' dir='ltr'><strong>ἔσῃ</strong></span> <span class='ocrx_word' id='word_1_478' title='bbox 1780 4521 1947 4574; x_wconf 85' lang='grc' dir='ltr'><strong>νικῶν</strong></span> <span class='ocrx_word' id='word_1_479' title='bbox 1979 4540 2024 4595; x_wconf 80' lang='lat' dir='ltr'><strong>D</strong></span> 
     </span>
    </p>
   </div>
   <div class='ocr_carea' id='block_1_71' title="bbox 371 4600 1945 4683">
    <p class='ocr_par' dir='ltr' id='par_1_71' title="bbox 371 4600 1945 4683">
     <span class='ocr_line' id='line_1_71' title="bbox 371 4600 1945 4683; baseline 0.008 -30"><span class='ocrx_word' id='word_1_480' title='bbox 371 4600 583 4665; x_wconf 87' lang='grc' dir='ltr'><strong>πάντας</strong></span> <span class='ocrx_word' id='word_1_481' title='bbox 633 4603 759 4666; x_wconf 84' lang='grc' dir='ltr'><strong>τοὺς</strong></span> <span class='ocrx_word' id='word_1_482' title='bbox 809 4604 1035 4676; x_wconf 87' lang='grc' dir='ltr'><strong>ἐχθρούς</strong></span> <span class='ocrx_word' id='word_1_483' title='bbox 1075 4623 1189 4662; x_wconf 94' lang='grc' dir='ltr'><strong>σου.</strong></span> <span class='ocrx_word' id='word_1_484' title='bbox 1230 4607 1477 4681; x_wconf 85' lang='grc' dir='ltr'><strong>Ἡμέρας</strong></span> <span class='ocrx_word' id='word_1_485' title='bbox 1527 4609 1582 4663; x_wconf 85' lang='grc' dir='ltr'><strong>δὲ</strong></span> <span class='ocrx_word' id='word_1_486' title='bbox 1645 4612 1945 4683; x_wconf 86' lang='grc' dir='ltr'><strong>γενομένης</strong></span> 
     </span>
    </p>
   </div>
   <div class='ocr_carea' id='block_1_72' title="bbox 366 4690 1946 4773">
    <p class='ocr_par' dir='ltr' id='par_1_72' title="bbox 366 4690 1946 4773">
     <span class='ocr_line' id='line_1_72' title="bbox 366 4690 1946 4773; baseline 0.008 -31"><span class='ocrx_word' id='word_1_487' title='bbox 366 4690 598 4761; x_wconf 77' lang='grc' dir='ltr'><strong>ἀμελητὶ</strong></span> <span class='ocrx_word' id='word_1_488' title='bbox 632 4692 918 4763; x_wconf 77' lang='grc' dir='ltr'><strong>σχεδιάσας</strong></span> <span class='ocrx_word' id='word_1_489' title='bbox 949 4698 1200 4768; x_wconf 84' lang='grc' dir='ltr'><strong>σταυρὸν,</strong></span> <span class='ocrx_word' id='word_1_490' title='bbox 1230 4698 1408 4769; x_wconf 82' lang='grc' dir='ltr'><strong>ὅσπερ</strong></span> <span class='ocrx_word' id='word_1_491' title='bbox 1446 4701 1608 4771; x_wconf 89' lang='grc' dir='ltr'><strong>μέχρι</strong></span> <span class='ocrx_word' id='word_1_492' title='bbox 1642 4701 1744 4771; x_wconf 79' lang='grc' dir='ltr'><strong>τῆς</strong></span> <span class='ocrx_word' id='word_1_493' title='bbox 1773 4704 1946 4773; x_wconf 82' lang='grc' dir='ltr'><strong>σήμε-</strong></span> 
     </span>
    </p>
   </div>
   <div class='ocr_carea' id='block_1_73' title="bbox 371 4781 1945 4865">
    <p class='ocr_par' dir='ltr' id='par_1_73' title="bbox 371 4781 1945 4865">
     <span class='ocr_line' id='line_1_73' title="bbox 371 4781 1945 4865; baseline 0.011 -35"><span class='ocrx_word' id='word_1_494' title='bbox 371 4794 463 4849; x_wconf 89' lang='grc' dir='ltr'><strong>ρον</strong></span> <span class='ocrx_word' id='word_1_495' title='bbox 493 4781 552 4833; x_wconf 88' lang='grc' dir='ltr'><strong>ἐν</strong></span> <span class='ocrx_word' id='word_1_496' title='bbox 584 4783 698 4844; x_wconf 89' lang='grc' dir='ltr'><strong>τοῖς</strong></span> <span class='ocrx_word' id='word_1_497' title='bbox 739 4782 1028 4851; x_wconf 83' lang='grc' dir='ltr'><strong>βασιλείοις</strong></span> <span class='ocrx_word' id='word_1_498' title='bbox 1079 4787 1409 4856; x_wconf 84' lang='grc' dir='ltr'><strong>φυλάττεται</strong></span> <span class='ocrx_word' id='word_1_499' title='bbox 1448 4831 1463 4857; x_wconf 92' lang='grc'><strong>,</strong></span> <span class='ocrx_word' id='word_1_500' title='bbox 1505 4790 1758 4845; x_wconf 86' lang='grc' dir='ltr'><strong>ἐκέλευσε</strong></span> <span class='ocrx_word' id='word_1_501' title='bbox 1812 4810 1945 4865; x_wconf 87' lang='grc' dir='ltr'><strong>προ-</strong></span> 
     </span>
    </p>
   </div>
   <div class='ocr_carea' id='block_1_74' title="bbox 369 4869 1947 4958">
    <p class='ocr_par' dir='ltr' id='par_1_74' title="bbox 369 4869 1947 4958">
     <span class='ocr_line' id='line_1_74' title="bbox 369 4869 1947 4958; baseline 0.009 -34"><span class='ocrx_word' id='word_1_502' title='bbox 369 4869 600 4939; x_wconf 83' lang='grc' dir='ltr'><strong>άγεσθαι</strong></span> <span class='ocrx_word' id='word_1_503' title='bbox 664 4874 827 4929; x_wconf 84' lang='grc' dir='ltr'><strong>αὐτὸν</strong></span> <span class='ocrx_word' id='word_1_504' title='bbox 873 4877 954 4940; x_wconf 81' lang='grc' dir='ltr'><strong>είς</strong></span> <span class='ocrx_word' id='word_1_505' title='bbox 999 4877 1090 4931; x_wconf 77' lang='grc' dir='ltr'><strong>τὸν</strong></span> <span class='ocrx_word' id='word_1_506' title='bbox 1146 4879 1401 4952; x_wconf 83' lang='grc' dir='ltr'><strong>πόλεμον.</strong></span> <span class='ocrx_word' id='word_1_507' title='bbox 1471 4881 1530 4935; x_wconf 88' lang='lat'><strong>&#39;0</strong></span> <span class='ocrx_word' id='word_1_508' title='bbox 1587 4882 1643 4937; x_wconf 79' lang='grc' dir='ltr'><strong>δὲ</strong></span> <span class='ocrx_word' id='word_1_509' title='bbox 1676 4883 1947 4958; x_wconf 80' lang='grc' dir='ltr'><strong>δυσσεϐὴς</strong></span> 
     </span>
    </p>
   </div>
   <div class='ocr_carea' id='block_1_75' title="bbox 366 4962 1944 5046">
    <p class='ocr_par' dir='ltr' id='par_1_75' title="bbox 366 4962 1944 5046">
     <span class='ocr_line' id='line_1_75' title="bbox 366 4962 1944 5046; baseline 0.011 -32"><span class='ocrx_word' id='word_1_510' title='bbox 366 4962 649 5033; x_wconf 87' lang='grc' dir='ltr'><strong>τύραννος,</strong></span> <span class='ocrx_word' id='word_1_511' title='bbox 670 4966 952 5039; x_wconf 86' lang='grc' dir='ltr'><strong>θαρσήσας</strong></span> <span class='ocrx_word' id='word_1_512' title='bbox 989 4972 1103 5034; x_wconf 82' lang='grc' dir='ltr'><strong>τοῖς</strong></span> <span class='ocrx_word' id='word_1_513' title='bbox 1139 4971 1392 5043; x_wconf 88' lang='grc' dir='ltr'><strong>δαίμοσιν</strong></span> <span class='ocrx_word' id='word_1_514' title='bbox 1429 4974 1620 5043; x_wconf 82' lang='grc' dir='ltr'><strong>αὑτοῦ,</strong></span> <span class='ocrx_word' id='word_1_515' title='bbox 1684 4976 1780 5030; x_wconf 79' lang='grc' dir='ltr'><strong>καὶ</strong></span> <span class='ocrx_word' id='word_1_516' title='bbox 1847 4993 1944 5046; x_wconf 84' lang='grc' dir='ltr'><strong>γε-</strong></span> 
     </span>
    </p>
   </div>
   <div class='ocr_carea' id='block_1_76' title="bbox 369 5053 1942 5137">
    <p class='ocr_par' dir='ltr' id='par_1_76' title="bbox 369 5053 1942 5137">
     <span class='ocr_line' id='line_1_76' title="bbox 369 5053 1942 5137; baseline 0.011 -32"><span class='ocrx_word' id='word_1_517' title='bbox 369 5053 630 5125; x_wconf 81' lang='grc' dir='ltr'><strong>φυρώσας</strong></span> <span class='ocrx_word' id='word_1_518' title='bbox 660 5057 752 5110; x_wconf 84' lang='grc' dir='ltr'><strong>τὸν</strong></span> <span class='ocrx_word' id='word_1_519' title='bbox 786 5062 1135 5132; x_wconf 82' lang='grc' dir='ltr'><strong>παραρέοντα</strong></span> <span class='ocrx_word' id='word_1_520' title='bbox 1184 5063 1430 5136; x_wconf 83' lang='grc' dir='ltr'><strong>ποταμὸν</strong></span> <span class='ocrx_word' id='word_1_521' title='bbox 1467 5065 1691 5132; x_wconf 83' lang='grc' dir='ltr'><strong>πολλαῖς</strong></span> <span class='ocrx_word' id='word_1_522' title='bbox 1725 5068 1942 5137; x_wconf 79' lang='grc' dir='ltr'><strong>ναυσὶν,</strong></span> 
     </span>
    </p>
   </div>
   <div class='ocr_carea' id='block_1_77' title="bbox 369 5146 983 5222">
    <p class='ocr_par' dir='ltr' id='par_1_77' title="bbox 369 5146 983 5222">
     <span class='ocr_line' id='line_1_77' title="bbox 369 5146 983 5222; baseline 0.01 -22"><span class='ocrx_word' id='word_1_523' title='bbox 369 5146 597 5218; x_wconf 72' lang='grc' dir='ltr'><strong>ἐξῆλθεν</strong></span> <span class='ocrx_word' id='word_1_524' title='bbox 623 5150 702 5213; x_wconf 83' lang='grc' dir='ltr'><strong>είς</strong></span> <span class='ocrx_word' id='word_1_525' title='bbox 729 5150 983 5222; x_wconf 87' lang='grc' dir='ltr'><strong>πόλεμον.</strong></span> 
     </span>
    </p>
   </div>
   <div class='ocr_carea' id='block_1_78' title="bbox 2120 2856 3629 2927">
    <p class='ocr_par' dir='ltr' id='par_1_78' title="bbox 2120 2856 3629 2927">
     <span class='ocr_line' id='line_1_78' title="bbox 2120 2856 3629 2927; baseline -0.008 -9"><span class='ocrx_word' id='word_1_526' title='bbox 2120 2862 2279 2919; x_wconf 83' lang='lat' dir='ltr'><strong>Cives</strong></span> <span class='ocrx_word' id='word_1_527' title='bbox 2332 2858 2566 2916; x_wconf 80' lang='lat' dir='ltr'><strong>Romani</strong></span> <span class='ocrx_word' id='word_1_528' title='bbox 2626 2860 2766 2913; x_wconf 84' lang='lat' dir='ltr'><strong>inter</strong></span> <span class='ocrx_word' id='word_1_529' title='bbox 2812 2858 2929 2913; x_wconf 68' lang='lat' dir='ltr'><strong>haac</strong></span> <span class='ocrx_word' id='word_1_530' title='bbox 2984 2857 3050 2910; x_wconf 86' lang='lat' dir='ltr'><strong>ad</strong></span> <span class='ocrx_word' id='word_1_531' title='bbox 3094 2872 3217 2911; x_wconf 88' lang='lat' dir='ltr'><strong>eum</strong></span> <span class='ocrx_word' id='word_1_532' title='bbox 3271 2856 3629 2927; x_wconf 83' lang='lat' dir='ltr'><strong>supplicatum</strong></span> 
     </span>
    </p>
   </div>
   <div class='ocr_carea' id='block_1_79' title="bbox 2050 2951 3629 3020">
    <p class='ocr_par' dir='ltr' id='par_1_79' title="bbox 2050 2951 3629 3020">
     <span class='ocr_line' id='line_1_79' title="bbox 2050 2951 3629 3020; baseline -0.006 -10"><span class='ocrx_word' id='word_1_533' title='bbox 2050 2956 2381 3010; x_wconf 90' lang='lat' dir='ltr'><strong>mittuntur:</strong></span> <span class='ocrx_word' id='word_1_534' title='bbox 2434 2967 2500 3007; x_wconf 86' lang='lat' dir='ltr'><strong>ne</strong></span> <span class='ocrx_word' id='word_1_535' title='bbox 2553 2968 2675 3007; x_wconf 88' lang='lat' dir='ltr'><strong>eam</strong></span> <span class='ocrx_word' id='word_1_536' title='bbox 2713 2952 2926 3015; x_wconf 86' lang='lat' dir='ltr'><strong>urbem,</strong></span> <span class='ocrx_word' id='word_1_537' title='bbox 2957 2967 3078 3020; x_wconf 83' lang='lat' dir='ltr'><strong>quae</strong></span> <span class='ocrx_word' id='word_1_538' title='bbox 3130 2961 3303 3003; x_wconf 88' lang='lat' dir='ltr'><strong>mater</strong></span> <span class='ocrx_word' id='word_1_539' title='bbox 3337 2951 3629 3018; x_wconf 89' lang='lat' dir='ltr'><strong>imperato-</strong></span> 
     </span>
    </p>
   </div>
   <div class='ocr_carea' id='block_1_80' title="bbox 2051 3039 3632 3114">
    <p class='ocr_par' dir='ltr' id='par_1_80' title="bbox 2051 3039 3632 3114">
     <span class='ocr_line' id='line_1_80' title="bbox 2051 3039 3632 3114; baseline -0.003 -16"><span class='ocrx_word' id='word_1_540' title='bbox 2051 3061 2168 3098; x_wconf 89' lang='lat' dir='ltr'><strong>rum</strong></span> <span class='ocrx_word' id='word_1_541' title='bbox 2203 3044 2399 3111; x_wconf 80' lang='lat' dir='ltr'><strong>fuerat,</strong></span> <span class='ocrx_word' id='word_1_542' title='bbox 2448 3058 2678 3114; x_wconf 70' lang='lat' dir='ltr'><strong>quazque</strong></span> <span class='ocrx_word' id='word_1_543' title='bbox 2706 3059 2736 3097; x_wconf 76' lang='grc' dir='ltr'><strong>ει</strong></span> <span class='ocrx_word' id='word_1_544' title='bbox 2774 3042 3011 3112; x_wconf 89' lang='lat' dir='ltr'><strong>pessimo</strong></span> <span class='ocrx_word' id='word_1_545' title='bbox 3051 3052 3281 3112; x_wconf 83' lang='lat' dir='ltr'><strong>tyranno</strong></span> <span class='ocrx_word' id='word_1_546' title='bbox 3319 3041 3431 3110; x_wconf 83' lang='lat' dir='ltr'><strong>jam</strong></span> <span class='ocrx_word' id='word_1_547' title='bbox 3463 3039 3632 3095; x_wconf 85' lang='lat' dir='ltr'><strong>ferme</strong></span> 
     </span>
    </p>
   </div>
   <div class='ocr_carea' id='block_1_81' title="bbox 2049 3135 3629 3207">
    <p class='ocr_par' dir='ltr' id='par_1_81' title="bbox 2049 3135 3629 3207">
     <span class='ocr_line' id='line_1_81' title="bbox 2049 3135 3629 3207; baseline 0.001 -18"><span class='ocrx_word' id='word_1_548' title='bbox 2049 3136 2309 3207; x_wconf 78' lang='lat' dir='ltr'><strong>perierat,</strong></span> <span class='ocrx_word' id='word_1_549' title='bbox 2373 3137 2654 3206; x_wconf 83' lang='lat' dir='ltr'><strong>despectui</strong></span> <span class='ocrx_word' id='word_1_550' title='bbox 2724 3136 2974 3191; x_wconf 88' lang='lat' dir='ltr'><strong>haberet.</strong></span> <span class='ocrx_word' id='word_1_551' title='bbox 3040 3137 3249 3202; x_wconf 84' lang='lat' dir='ltr'><strong>Quibus</strong></span> <span class='ocrx_word' id='word_1_552' title='bbox 3310 3135 3629 3201; x_wconf 88' lang='lat' dir='ltr'><strong>intellectis,</strong></span> 
     </span>
    </p>
   </div>
   <div class='ocr_carea' id='block_1_82' title="bbox 2050 3225 3631 3296">
    <p class='ocr_par' dir='ltr' id='par_1_82' title="bbox 2050 3225 3631 3296">
     <span class='ocr_line' id='line_1_82' title="bbox 2050 3225 3631 3296; baseline -0.002 -11"><span class='ocrx_word' id='word_1_553' title='bbox 2050 3229 2442 3285; x_wconf 88' lang='lat' dir='ltr'><strong>Constantinus</strong></span> <span class='ocrx_word' id='word_1_554' title='bbox 2473 3242 2722 3296; x_wconf 80' lang='lat' dir='ltr'><strong>magnus,</strong></span> <span class='ocrx_word' id='word_1_555' title='bbox 2757 3225 3111 3282; x_wconf 87' lang='lat' dir='ltr'><strong>miseratione</strong></span> <span class='ocrx_word' id='word_1_556' title='bbox 3157 3226 3372 3281; x_wconf 89' lang='lat' dir='ltr'><strong>illorum</strong></span> <span class='ocrx_word' id='word_1_557' title='bbox 3411 3226 3631 3291; x_wconf 83' lang='lat' dir='ltr'><strong>ductus,</strong></span> 
     </span>
    </p>
   </div>
   <div class='ocr_carea' id='block_1_83' title="bbox 2048 3305 3636 3392">
    <p class='ocr_par' dir='ltr' id='par_1_83' title="bbox 2048 3305 3636 3392">
     <span class='ocr_line' id='line_1_83' title="bbox 2048 3305 3636 3392; baseline -0.001 -14"><span class='ocrx_word' id='word_1_558' title='bbox 2048 3339 2115 3379; x_wconf 78' lang='lat' dir='ltr'><strong>ex</strong></span> <span class='ocrx_word' id='word_1_559' title='bbox 2169 3322 2432 3376; x_wconf 87' lang='lat' dir='ltr'><strong>servitute</strong></span> <span class='ocrx_word' id='word_1_560' title='bbox 2480 3320 2603 3375; x_wconf 89' lang='lat' dir='ltr'><strong>illos</strong></span> <span class='ocrx_word' id='word_1_561' title='bbox 2653 3319 2708 3374; x_wconf 93' lang='lat' dir='ltr'><strong>in</strong></span> <span class='ocrx_word' id='word_1_562' title='bbox 2764 3318 3372 3392; x_wconf 82' lang='lat' dir='ltr'><strong>libertatemasserere</strong></span> <span class='ocrx_word' id='word_1_563' title='bbox 3411 3322 3465 3375; x_wconf 90' lang='lat' dir='ltr'><strong>in</strong></span> <span class='ocrx_word' id='word_1_564' title='bbox 3517 3305 3636 3377; x_wconf 51' lang='lat' dir='ltr'><strong>ani?</strong></span> 
     </span>
    </p>
   </div>
   <div class='ocr_carea' id='block_1_84' title="bbox 2049 3411 3632 3482">
    <p class='ocr_par' dir='ltr' id='par_1_84' title="bbox 2049 3411 3632 3482">
     <span class='ocr_line' id='line_1_84' title="bbox 2049 3411 3632 3482; baseline -0.001 -14"><span class='ocrx_word' id='word_1_565' title='bbox 2049 3428 2197 3468; x_wconf 91' lang='lat' dir='ltr'><strong>mum</strong></span> <span class='ocrx_word' id='word_1_566' title='bbox 2235 3411 2469 3478; x_wconf 83' lang='lat' dir='ltr'><strong>induxit,</strong></span> <span class='ocrx_word' id='word_1_567' title='bbox 2520 3411 2574 3465; x_wconf 92' lang='lat' dir='ltr'><strong>in</strong></span> <span class='ocrx_word' id='word_1_568' title='bbox 2606 3426 2715 3481; x_wconf 91' lang='lat' dir='ltr'><strong>quo</strong></span> <span class='ocrx_word' id='word_1_569' title='bbox 2758 3421 2940 3466; x_wconf 87' lang='lat' dir='ltr'><strong>tamen</strong></span> <span class='ocrx_word' id='word_1_570' title='bbox 2971 3413 3341 3482; x_wconf 78' lang='lat' dir='ltr'><strong>aggrediendo</strong></span> <span class='ocrx_word' id='word_1_571' title='bbox 3376 3427 3484 3467; x_wconf 90' lang='lat' dir='ltr'><strong>non</strong></span> <span class='ocrx_word' id='word_1_572' title='bbox 3517 3428 3632 3466; x_wconf 89' lang='lat' dir='ltr'><strong>me-</strong></span> 
     </span>
    </p>
   </div>
   <div class='ocr_carea' id='block_1_85' title="bbox 2050 3500 3634 3573">
    <p class='ocr_par' dir='ltr' id='par_1_85' title="bbox 2050 3500 3634 3573">
     <span class='ocr_line' id='line_1_85' title="bbox 2050 3500 3634 3573; baseline -0.001 -16"><span class='ocrx_word' id='word_1_573' title='bbox 2050 3503 2310 3557; x_wconf 88' lang='lat' dir='ltr'><strong>diocriter</strong></span> <span class='ocrx_word' id='word_1_574' title='bbox 2342 3501 2673 3572; x_wconf 89' lang='lat' dir='ltr'><strong>trepidabat,</strong></span> <span class='ocrx_word' id='word_1_575' title='bbox 2723 3512 2943 3572; x_wconf 89' lang='lat' dir='ltr'><strong>propter</strong></span> <span class='ocrx_word' id='word_1_576' title='bbox 2965 3503 3185 3573; x_wconf 67' lang='lat' dir='ltr'><strong>magicae</strong></span> <span class='ocrx_word' id='word_1_577' title='bbox 3214 3503 3372 3566; x_wconf 86' lang='lat' dir='ltr'><strong>artis,</strong></span> <span class='ocrx_word' id='word_1_578' title='bbox 3403 3517 3507 3571; x_wconf 85' lang='lat' dir='ltr'><strong>qua</strong></span> <span class='ocrx_word' id='word_1_579' title='bbox 3543 3500 3634 3557; x_wconf 90' lang='lat' dir='ltr'><strong>ille</strong></span> 
     </span>
    </p>
   </div>
   <div class='ocr_carea' id='block_1_86' title="bbox 2051 3593 3630 3662">
    <p class='ocr_par' dir='ltr' id='par_1_86' title="bbox 2051 3593 3630 3662">
     <span class='ocr_line' id='line_1_86' title="bbox 2051 3593 3630 3662; baseline 0 -15"><span class='ocrx_word' id='word_1_580' title='bbox 2051 3594 2348 3648; x_wconf 90' lang='lat' dir='ltr'><strong>instructus</strong></span> <span class='ocrx_word' id='word_1_581' title='bbox 2402 3606 2540 3659; x_wconf 88' lang='lat' dir='ltr'><strong>erat,</strong></span> <span class='ocrx_word' id='word_1_582' title='bbox 2595 3594 2874 3662; x_wconf 83' lang='lat' dir='ltr'><strong>improbas</strong></span> <span class='ocrx_word' id='word_1_583' title='bbox 2928 3595 3175 3648; x_wconf 81' lang='lat' dir='ltr'><strong>teclinas.</strong></span> <span class='ocrx_word' id='word_1_584' title='bbox 3231 3593 3461 3647; x_wconf 80' lang='lat' dir='ltr'><strong>Videbat</strong></span> <span class='ocrx_word' id='word_1_585' title='bbox 3485 3593 3630 3647; x_wconf 88' lang='lat' dir='ltr'><strong>enim</strong></span> 
     </span>
    </p>
   </div>
   <div class='ocr_carea' id='block_1_87' title="bbox 2051 3684 3634 3753">
    <p class='ocr_par' dir='ltr' id='par_1_87' title="bbox 2051 3684 3634 3753">
     <span class='ocr_line' id='line_1_87' title="bbox 2051 3684 3634 3753; baseline -0.001 -13"><span class='ocrx_word' id='word_1_586' title='bbox 2051 3686 2323 3753; x_wconf 89' lang='lat' dir='ltr'><strong>quomodo</strong></span> <span class='ocrx_word' id='word_1_587' title='bbox 2372 3685 2617 3739; x_wconf 84' lang='lat' dir='ltr'><strong>inﬁnitos</strong></span> <span class='ocrx_word' id='word_1_588' title='bbox 2664 3700 2863 3752; x_wconf 87' lang='lat' dir='ltr'><strong>pueros</strong></span> <span class='ocrx_word' id='word_1_589' title='bbox 2898 3687 2964 3738; x_wconf 90' lang='lat' dir='ltr'><strong>ad</strong></span> <span class='ocrx_word' id='word_1_590' title='bbox 3008 3684 3272 3738; x_wconf 73' lang='lat' dir='ltr'><strong>nefariam</strong></span> <span class='ocrx_word' id='word_1_591' title='bbox 3305 3685 3634 3739; x_wconf 75' lang='lat' dir='ltr'><strong>incantatio-</strong></span> 
     </span>
    </p>
   </div>
   <div class='ocr_carea' id='block_1_88' title="bbox 2052 3777 3631 3848">
    <p class='ocr_par' dir='ltr' id='par_1_88' title="bbox 2052 3777 3631 3848">
     <span class='ocr_line' id='line_1_88' title="bbox 2052 3777 3631 3848; baseline 0.001 -17"><span class='ocrx_word' id='word_1_592' title='bbox 2052 3792 2175 3831; x_wconf 90' lang='lat' dir='ltr'><strong>nem</strong></span> <span class='ocrx_word' id='word_1_593' title='bbox 2230 3792 2384 3833; x_wconf 90' lang='lat' dir='ltr'><strong>suam</strong></span> <span class='ocrx_word' id='word_1_594' title='bbox 2434 3777 2823 3848; x_wconf 79' lang='lat' dir='ltr'><strong>perficiendam</strong></span> <span class='ocrx_word' id='word_1_595' title='bbox 2868 3778 3241 3833; x_wconf 86' lang='lat' dir='ltr'><strong>dissecuisset.</strong></span> <span class='ocrx_word' id='word_1_596' title='bbox 3278 3779 3411 3832; x_wconf 77' lang='lat' dir='ltr'><strong>Cum</strong></span> <span class='ocrx_word' id='word_1_597' title='bbox 3446 3777 3631 3847; x_wconf 83' lang='lat' dir='ltr'><strong>itaque</strong></span> 
     </span>
    </p>
   </div>
   <div class='ocr_carea' id='block_1_89' title="bbox 2052 3868 3631 3937">
    <p class='ocr_par' dir='ltr' id='par_1_89' title="bbox 2052 3868 3631 3937">
     <span class='ocr_line' id='line_1_89' title="bbox 2052 3868 3631 3937; baseline 0.003 -15"><span class='ocrx_word' id='word_1_598' title='bbox 2052 3869 2106 3923; x_wconf 93' lang='lat' dir='ltr'><strong>in</strong></span> <span class='ocrx_word' id='word_1_599' title='bbox 2139 3884 2351 3924; x_wconf 88' lang='lat' dir='ltr'><strong>summa</strong></span> <span class='ocrx_word' id='word_1_600' title='bbox 2386 3885 2514 3923; x_wconf 88' lang='lat' dir='ltr'><strong>cura</strong></span> <span class='ocrx_word' id='word_1_601' title='bbox 2559 3878 2725 3937; x_wconf 85' lang='lat' dir='ltr'><strong>atque</strong></span> <span class='ocrx_word' id='word_1_602' title='bbox 2762 3870 2926 3925; x_wconf 89' lang='lat' dir='ltr'><strong>animi</strong></span> <span class='ocrx_word' id='word_1_603' title='bbox 2979 3868 3346 3925; x_wconf 89' lang='lat' dir='ltr'><strong>sollicitudine</strong></span> <span class='ocrx_word' id='word_1_604' title='bbox 3381 3887 3631 3927; x_wconf 86' lang='lat' dir='ltr'><strong>versare-</strong></span> 
     </span>
    </p>
   </div>
   <div class='ocr_carea' id='block_1_90' title="bbox 2054 3962 3631 4035">
    <p class='ocr_par' dir='ltr' id='par_1_90' title="bbox 2054 3962 3631 4035">
     <span class='ocr_line' id='line_1_90' title="bbox 2054 3962 3631 4035; baseline 0.001 -19"><span class='ocrx_word' id='word_1_605' title='bbox 2054 3970 2162 4028; x_wconf 88' lang='lat' dir='ltr'><strong>tur,</strong></span> <span class='ocrx_word' id='word_1_606' title='bbox 2194 3962 2306 4015; x_wconf 89' lang='lat' dir='ltr'><strong>visa</strong></span> <span class='ocrx_word' id='word_1_607' title='bbox 2351 3962 2449 4029; x_wconf 86' lang='lat' dir='ltr'><strong>ipsi</strong></span> <span class='ocrx_word' id='word_1_608' title='bbox 2508 3971 2590 4015; x_wconf 87' lang='lat' dir='ltr'><strong>est</strong></span> <span class='ocrx_word' id='word_1_609' title='bbox 2621 3977 2743 4016; x_wconf 80' lang='lat' dir='ltr'><strong>cum</strong></span> <span class='ocrx_word' id='word_1_610' title='bbox 2798 3963 3068 4027; x_wconf 71' lang='lat' dir='ltr'><strong>exercitu,</strong></span> <span class='ocrx_word' id='word_1_611' title='bbox 3122 3963 3174 4017; x_wconf 89' lang='lat' dir='ltr'><strong>iu</strong></span> <span class='ocrx_word' id='word_1_612' title='bbox 3228 3980 3420 4033; x_wconf 82' lang='lat' dir='ltr'><strong>campo</strong></span> <span class='ocrx_word' id='word_1_613' title='bbox 3454 3966 3631 4035; x_wconf 81' lang='lat' dir='ltr'><strong>agenti</strong></span> 
     </span>
    </p>
   </div>
   <div class='ocr_carea' id='block_1_91' title="bbox 2050 4054 3634 4122">
    <p class='ocr_par' dir='ltr' id='par_1_91' title="bbox 2050 4054 3634 4122">
     <span class='ocr_line' id='line_1_91' title="bbox 2050 4054 3634 4122; baseline 0.002 -16"><span class='ocrx_word' id='word_1_614' title='bbox 2050 4069 2241 4109; x_wconf 85' lang='lat' dir='ltr'><strong>versus</strong></span> <span class='ocrx_word' id='word_1_615' title='bbox 2272 4054 2550 4108; x_wconf 87' lang='lat' dir='ltr'><strong>meridiem</strong></span> <span class='ocrx_word' id='word_1_616' title='bbox 2594 4069 2727 4107; x_wconf 86' lang='lat' dir='ltr'><strong>crux</strong></span> <span class='ocrx_word' id='word_1_617' title='bbox 2756 4070 2822 4109; x_wconf 82' lang='lat' dir='ltr'><strong>ex</strong></span> <span class='ocrx_word' id='word_1_618' title='bbox 2852 4054 2973 4109; x_wconf 86' lang='lat' dir='ltr'><strong>luce</strong></span> <span class='ocrx_word' id='word_1_619' title='bbox 3005 4055 3327 4122; x_wconf 74' lang='lat' dir='ltr'><strong>clarissima,</strong></span> <span class='ocrx_word' id='word_1_620' title='bbox 3369 4056 3634 4112; x_wconf 84' lang='lat' dir='ltr'><strong>columna:</strong></span> 
     </span>
    </p>
   </div>
   <div class='ocr_carea' id='block_1_92' title="bbox 2053 4142 3632 4214">
    <p class='ocr_par' dir='ltr' id='par_1_92' title="bbox 2053 4142 3632 4214">
     <span class='ocr_line' id='line_1_92' title="bbox 2053 4142 3632 4214; baseline 0.004 -17"><span class='ocrx_word' id='word_1_621' title='bbox 2053 4142 2119 4197; x_wconf 88' lang='lat' dir='ltr'><strong>ad</strong></span> <span class='ocrx_word' id='word_1_622' title='bbox 2156 4142 2373 4196; x_wconf 90' lang='lat' dir='ltr'><strong>modum</strong></span> <span class='ocrx_word' id='word_1_623' title='bbox 2417 4143 2583 4209; x_wconf 81' lang='lat' dir='ltr'><strong>facta,</strong></span> <span class='ocrx_word' id='word_1_624' title='bbox 2615 4159 2737 4197; x_wconf 84' lang='lat' dir='ltr'><strong>cum</strong></span> <span class='ocrx_word' id='word_1_625' title='bbox 2771 4144 2873 4198; x_wconf 83' lang='lat' dir='ltr'><strong>hac</strong></span> <span class='ocrx_word' id='word_1_626' title='bbox 2909 4145 3264 4214; x_wconf 83' lang='lat' dir='ltr'><strong>inscriptione</strong></span> <span class='ocrx_word' id='word_1_627' title='bbox 3308 4163 3320 4199; x_wconf 96' lang='lat'><strong>:</strong></span> <span class='ocrx_word' id='word_1_628' title='bbox 3372 4165 3390 4198; x_wconf 85' lang='grc' dir='ltr'><strong>ι</strong></span> <span class='ocrx_word' id='word_1_629' title='bbox 3437 4143 3493 4200; x_wconf 86' lang='lat' dir='ltr'><strong>In</strong></span> <span class='ocrx_word' id='word_1_630' title='bbox 3530 4147 3632 4203; x_wconf 84' lang='lat' dir='ltr'><strong>hoc</strong></span> 
     </span>
    </p>
   </div>
   <div class='ocr_carea' id='block_1_93' title="bbox 2052 4234 3631 4307">
    <p class='ocr_par' dir='ltr' id='par_1_93' title="bbox 2052 4234 3631 4307">
     <span class='ocr_line' id='line_1_93' title="bbox 2052 4234 3631 4307; baseline 0.003 -18"><span class='ocrx_word' id='word_1_631' title='bbox 2052 4234 2206 4304; x_wconf 85' lang='lat' dir='ltr'><strong>signo</strong></span> <span class='ocrx_word' id='word_1_632' title='bbox 2241 4234 2418 4289; x_wconf 89' lang='lat' dir='ltr'><strong>vince.</strong></span> <span class='ocrx_word' id='word_1_633' title='bbox 2483 4254 2499 4287; x_wconf 77' lang='grc' dir='ltr'><strong>ι</strong></span> <span class='ocrx_word' id='word_1_634' title='bbox 2534 4235 2649 4301; x_wconf 84' lang='lat' dir='ltr'><strong>Qua</strong></span> <span class='ocrx_word' id='word_1_635' title='bbox 2695 4251 2752 4291; x_wconf 89' lang='lat' dir='ltr'><strong>re</strong></span> <span class='ocrx_word' id='word_1_636' title='bbox 2786 4237 3049 4291; x_wconf 91' lang='lat' dir='ltr'><strong>attonitus</strong></span> <span class='ocrx_word' id='word_1_637' title='bbox 3078 4237 3393 4306; x_wconf 85' lang='lat' dir='ltr'><strong>imperator,</strong></span> <span class='ocrx_word' id='word_1_638' title='bbox 3431 4240 3631 4307; x_wconf 64' lang='lat' dir='ltr'><strong>quatsi-</strong></span> 
     </span>
    </p>
   </div>
   <div class='ocr_carea' id='block_1_94' title="bbox 2052 4308 3635 4399">
    <p class='ocr_par' dir='ltr' id='par_1_94' title="bbox 2052 4308 3635 4399">
     <span class='ocr_line' id='line_1_94' title="bbox 2052 4308 3635 4399; baseline 0.003 -18"><span class='ocrx_word' id='word_1_639' title='bbox 2052 4329 2133 4382; x_wconf 85' lang='lat' dir='ltr'><strong>vit</strong></span> <span class='ocrx_word' id='word_1_640' title='bbox 2162 4343 2226 4382; x_wconf 81' lang='lat' dir='ltr'><strong>ex</strong></span> <span class='ocrx_word' id='word_1_641' title='bbox 2255 4328 2380 4390; x_wconf 84' lang='lat' dir='ltr'><strong>illis,</strong></span> <span class='ocrx_word' id='word_1_642' title='bbox 2414 4330 2505 4398; x_wconf 91' lang='lat' dir='ltr'><strong>qui</strong></span> <span class='ocrx_word' id='word_1_643' title='bbox 2541 4346 2661 4383; x_wconf 84' lang='lat' dir='ltr'><strong>cum</strong></span> <span class='ocrx_word' id='word_1_644' title='bbox 2691 4308 2832 4399; x_wconf 63' lang='lat' dir='ltr'><strong>~Ipso</strong></span> <span class='ocrx_word' id='word_1_645' title='bbox 2863 4338 3041 4395; x_wconf 85' lang='lat' dir='ltr'><strong>erant,</strong></span> <span class='ocrx_word' id='word_1_646' title='bbox 3076 4347 3201 4382; x_wconf 88' lang='lat' dir='ltr'><strong>num</strong></span> <span class='ocrx_word' id='word_1_647' title='bbox 3233 4340 3285 4382; x_wconf 82' lang='lat' dir='ltr'><strong>et</strong></span> <span class='ocrx_word' id='word_1_648' title='bbox 3323 4332 3424 4399; x_wconf 85' lang='lat' dir='ltr'><strong>ipsi</strong></span> <span class='ocrx_word' id='word_1_649' title='bbox 3456 4331 3635 4385; x_wconf 83' lang='lat' dir='ltr'><strong>simile</strong></span> 
     </span>
    </p>
   </div>
   <div class='ocr_carea' id='block_1_95' title="bbox 2053 4420 3632 4490">
    <p class='ocr_par' dir='ltr' id='par_1_95' title="bbox 2053 4420 3632 4490">
     <span class='ocr_line' id='line_1_95' title="bbox 2053 4420 3632 4490; baseline 0.004 -20"><span class='ocrx_word' id='word_1_650' title='bbox 2053 4421 2183 4490; x_wconf 86' lang='lat' dir='ltr'><strong>quid</strong></span> <span class='ocrx_word' id='word_1_651' title='bbox 2214 4420 2496 4485; x_wconf 88' lang='lat' dir='ltr'><strong>vidissent,</strong></span> <span class='ocrx_word' id='word_1_652' title='bbox 2552 4420 2644 4490; x_wconf 88' lang='lat' dir='ltr'><strong>qui</strong></span> <span class='ocrx_word' id='word_1_653' title='bbox 2682 4436 2872 4474; x_wconf 79' lang='lat' dir='ltr'><strong>nitincs</strong></span> <span class='ocrx_word' id='word_1_654' title='bbox 2924 4423 3392 4476; x_wconf 79' lang='lat' dir='ltr'><strong>consentientibus</strong></span> <span class='ocrx_word' id='word_1_655' title='bbox 3436 4423 3632 4477; x_wconf 89' lang='lat' dir='ltr'><strong>animis</strong></span> 
     </span>
    </p>
   </div>
   <div class='ocr_carea' id='block_1_96' title="bbox 2054 4514 3633 4582">
    <p class='ocr_par' dir='ltr' id='par_1_96' title="bbox 2054 4514 3633 4582">
     <span class='ocr_line' id='line_1_96' title="bbox 2054 4514 3633 4582; baseline -0.001 -14"><span class='ocrx_word' id='word_1_656' title='bbox 2054 4514 2182 4569; x_wconf 86' lang='lat' dir='ltr'><strong>fassi</strong></span> <span class='ocrx_word' id='word_1_657' title='bbox 2224 4524 2355 4570; x_wconf 91' lang='lat' dir='ltr'><strong>sunt</strong></span> <span class='ocrx_word' id='word_1_658' title='bbox 2379 4515 2626 4570; x_wconf 88' lang='lat' dir='ltr'><strong>eamdem</strong></span> <span class='ocrx_word' id='word_1_659' title='bbox 2659 4514 2761 4568; x_wconf 86' lang='lat' dir='ltr'><strong>sibi</strong></span> <span class='ocrx_word' id='word_1_660' title='bbox 2791 4516 3027 4582; x_wconf 79' lang='lat' dir='ltr'><strong>speciem</strong></span> <span class='ocrx_word' id='word_1_661' title='bbox 3055 4514 3227 4570; x_wconf 81' lang='lat' dir='ltr'><strong>fuisse</strong></span> <span class='ocrx_word' id='word_1_662' title='bbox 3263 4516 3431 4571; x_wconf 82' lang='lat' dir='ltr'><strong>visam</strong></span> <span class='ocrx_word' id='word_1_663' title='bbox 3460 4534 3474 4571; x_wconf 89' lang='lat'><strong>:</strong></span> <span class='ocrx_word' id='word_1_664' title='bbox 3508 4528 3633 4570; x_wconf 85' lang='lat' dir='ltr'><strong>tunc</strong></span> 
     </span>
    </p>
   </div>
   <div class='ocr_carea' id='block_1_97' title="bbox 2052 4606 3630 4677">
    <p class='ocr_par' dir='ltr' id='par_1_97' title="bbox 2052 4606 3630 4677">
     <span class='ocr_line' id='line_1_97' title="bbox 2052 4606 3630 4677; baseline -0.001 -15"><span class='ocrx_word' id='word_1_665' title='bbox 2052 4607 2346 4675; x_wconf 86' lang='lat' dir='ltr'><strong>imperator</strong></span> <span class='ocrx_word' id='word_1_666' title='bbox 2375 4606 2741 4661; x_wconf 82' lang='lat' dir='ltr'><strong>sollicitudine</strong></span> <span class='ocrx_word' id='word_1_667' title='bbox 2774 4607 3056 4670; x_wconf 84' lang='lat' dir='ltr'><strong>liberatus,</strong></span> <span class='ocrx_word' id='word_1_668' title='bbox 3080 4609 3374 4677; x_wconf 86' lang='lat' dir='ltr'><strong>animoque</strong></span> <span class='ocrx_word' id='word_1_669' title='bbox 3405 4626 3467 4664; x_wconf 86' lang='lat' dir='ltr'><strong>ac</strong></span> <span class='ocrx_word' id='word_1_670' title='bbox 3495 4610 3630 4664; x_wconf 76' lang='lat' dir='ltr'><strong>bona</strong></span> 
     </span>
    </p>
   </div>
   <div class='ocr_carea' id='block_1_98' title="bbox 2050 4698 3633 4769">
    <p class='ocr_par' dir='ltr' id='par_1_98' title="bbox 2050 4698 3633 4769">
     <span class='ocr_line' id='line_1_98' title="bbox 2050 4698 3633 4769; baseline 0.003 -16"><span class='ocrx_word' id='word_1_671' title='bbox 2050 4714 2147 4768; x_wconf 87' lang='lat' dir='ltr'><strong>spe</strong></span> <span class='ocrx_word' id='word_1_672' title='bbox 2191 4698 2380 4769; x_wconf 87' lang='lat' dir='ltr'><strong>plenus</strong></span> <span class='ocrx_word' id='word_1_673' title='bbox 2432 4708 2513 4753; x_wconf 80' lang='lat' dir='ltr'><strong>est</strong></span> <span class='ocrx_word' id='word_1_674' title='bbox 2572 4699 2833 4766; x_wconf 81' lang='lat' dir='ltr'><strong>redditus,</strong></span> <span class='ocrx_word' id='word_1_675' title='bbox 2883 4699 2969 4753; x_wconf 93' lang='lat' dir='ltr'><strong>cui</strong></span> <span class='ocrx_word' id='word_1_676' title='bbox 3024 4700 3189 4755; x_wconf 88' lang='lat' dir='ltr'><strong>etiam</strong></span> <span class='ocrx_word' id='word_1_677' title='bbox 3237 4703 3423 4755; x_wconf 84' lang='lat' dir='ltr'><strong>eadem</strong></span> <span class='ocrx_word' id='word_1_678' title='bbox 3477 4714 3633 4757; x_wconf 80' lang='lat' dir='ltr'><strong>nocte</strong></span> 
     </span>
    </p>
   </div>
   <div class='ocr_carea' id='block_1_99' title="bbox 2002 4790 3633 4869">
    <p class='ocr_par' dir='ltr' id='par_1_99' title="bbox 2002 4790 3633 4869">
     <span class='ocr_line' id='line_1_99' title="bbox 2002 4790 3633 4869; baseline 0.001 -24"><span class='ocrx_word' id='word_1_679' title='bbox 2002 4862 2011 4869; x_wconf 33' lang='lat'><strong>-</strong></span> <span class='ocrx_word' id='word_1_680' title='bbox 2051 4802 2236 4846; x_wconf 87' lang='lat' dir='ltr'><strong>astans</strong></span> <span class='ocrx_word' id='word_1_681' title='bbox 2280 4792 2561 4854; x_wconf 89' lang='lat' dir='ltr'><strong>Dominus,</strong></span> <span class='ocrx_word' id='word_1_682' title='bbox 2606 4801 2662 4845; x_wconf 93' lang='lat' dir='ltr'><strong>ut</strong></span> <span class='ocrx_word' id='word_1_683' title='bbox 2705 4792 2860 4860; x_wconf 83' lang='lat' dir='ltr'><strong>signo</strong></span> <span class='ocrx_word' id='word_1_684' title='bbox 2904 4790 3008 4845; x_wconf 88' lang='lat' dir='ltr'><strong>sibi</strong></span> <span class='ocrx_word' id='word_1_685' title='bbox 3056 4793 3171 4846; x_wconf 77' lang='lat' dir='ltr'><strong>viSo</strong></span> <span class='ocrx_word' id='word_1_686' title='bbox 3222 4802 3488 4858; x_wconf 87' lang='lat' dir='ltr'><strong>uteretur,</strong></span> <span class='ocrx_word' id='word_1_687' title='bbox 3522 4810 3633 4847; x_wconf 88' lang='lat' dir='ltr'><strong>mo-</strong></span> 
     </span>
    </p>
   </div>
   <div class='ocr_carea' id='block_1_100' title="bbox 2054 4883 3626 4951">
    <p class='ocr_par' dir='ltr' id='par_1_100' title="bbox 2054 4883 3626 4951">
     <span class='ocr_line' id='line_1_100' title="bbox 2054 4883 3626 4951; baseline 0 -13"><span class='ocrx_word' id='word_1_688' title='bbox 2054 4883 2191 4951; x_wconf 88' lang='lat' dir='ltr'><strong>nuit,</strong></span> <span class='ocrx_word' id='word_1_689' title='bbox 2240 4883 2479 4938; x_wconf 88' lang='lat' dir='ltr'><strong>futurum</strong></span> <span class='ocrx_word' id='word_1_690' title='bbox 2542 4884 2684 4938; x_wconf 88' lang='lat' dir='ltr'><strong>cnim</strong></span> <span class='ocrx_word' id='word_1_691' title='bbox 2734 4890 2792 4937; x_wconf 85' lang='lat' dir='ltr'><strong>ut</strong></span> <span class='ocrx_word' id='word_1_692' title='bbox 2839 4886 3080 4938; x_wconf 90' lang='lat' dir='ltr'><strong>omnium</strong></span> <span class='ocrx_word' id='word_1_693' title='bbox 3116 4901 3336 4940; x_wconf 89' lang='lat' dir='ltr'><strong>suorum</strong></span> <span class='ocrx_word' id='word_1_694' title='bbox 3394 4886 3573 4941; x_wconf 80' lang='lat' dir='ltr'><strong>liostiu</strong></span> <span class='ocrx_word' id='word_1_695' title='bbox 3602 4908 3626 4935; x_wconf 82' lang='grc' dir='ltr'><strong>ιι</strong></span> 
     </span>
    </p>
   </div>
   <div class='ocr_carea' id='block_1_101' title="bbox 2053 4974 3632 5046">
    <p class='ocr_par' dir='ltr' id='par_1_101' title="bbox 2053 4974 3632 5046">
     <span class='ocr_line' id='line_1_101' title="bbox 2053 4974 3632 5046; baseline -0.003 -16"><span class='ocrx_word' id='word_1_696' title='bbox 2053 4975 2327 5046; x_wconf 89' lang='lat' dir='ltr'><strong>potiretur</strong></span> <span class='ocrx_word' id='word_1_697' title='bbox 2355 4974 2602 5029; x_wconf 87' lang='lat' dir='ltr'><strong>victoria.</strong></span> <span class='ocrx_word' id='word_1_698' title='bbox 2643 4974 2995 5029; x_wconf 87' lang='lat' dir='ltr'><strong>lllucescenle</strong></span> <span class='ocrx_word' id='word_1_699' title='bbox 3022 4977 3202 5045; x_wconf 89' lang='lat' dir='ltr'><strong>itaque</strong></span> <span class='ocrx_word' id='word_1_700' title='bbox 3231 4977 3338 5040; x_wconf 87' lang='lat' dir='ltr'><strong>die,</strong></span> <span class='ocrx_word' id='word_1_701' title='bbox 3373 4977 3632 5029; x_wconf 74' lang='lat' dir='ltr'><strong>continuo</strong></span> 
     </span>
    </p>
   </div>
   <div class='ocr_carea' id='block_1_102' title="bbox 2054 5069 3627 5138">
    <p class='ocr_par' dir='ltr' id='par_1_102' title="bbox 2054 5069 3627 5138">
     <span class='ocr_line' id='line_1_102' title="bbox 2054 5069 3627 5138; baseline -0.002 -16"><span class='ocrx_word' id='word_1_702' title='bbox 2054 5083 2298 5135; x_wconf 90' lang='lat' dir='ltr'><strong>crucem,</strong></span> <span class='ocrx_word' id='word_1_703' title='bbox 2357 5083 2476 5138; x_wconf 81' lang='lat' dir='ltr'><strong>quae</strong></span> <span class='ocrx_word' id='word_1_704' title='bbox 2529 5083 2701 5136; x_wconf 87' lang='lat' dir='ltr'><strong>usque</strong></span> <span class='ocrx_word' id='word_1_705' title='bbox 2750 5069 2927 5121; x_wconf 87' lang='lat' dir='ltr'><strong>adhuc</strong></span> <span class='ocrx_word' id='word_1_706' title='bbox 2976 5069 3028 5121; x_wconf 91' lang='lat' dir='ltr'><strong>in</strong></span> <span class='ocrx_word' id='word_1_707' title='bbox 3093 5069 3237 5137; x_wconf 81' lang='lat' dir='ltr'><strong>regia</strong></span> <span class='ocrx_word' id='word_1_708' title='bbox 3294 5079 3627 5129; x_wconf 84' lang='lat' dir='ltr'><strong>asservatur,</strong></span> 
     </span>
    </p>
   </div>
   <div class='ocr_carea' id='block_1_103' title="bbox 2053 5157 3631 5230">
    <p class='ocr_par' dir='ltr' id='par_1_103' title="bbox 2053 5157 3631 5230">
     <span class='ocr_line' id='line_1_103' title="bbox 2053 5157 3631 5230; baseline -0.004 -12"><span class='ocrx_word' id='word_1_709' title='bbox 2053 5162 2319 5228; x_wconf 84' lang='lat' dir='ltr'><strong>construi,</strong></span> <span class='ocrx_word' id='word_1_710' title='bbox 2347 5172 2403 5217; x_wconf 88' lang='lat' dir='ltr'><strong>et</strong></span> <span class='ocrx_word' id='word_1_711' title='bbox 2430 5170 2558 5217; x_wconf 86' lang='lat' dir='ltr'><strong>ante</strong></span> <span class='ocrx_word' id='word_1_712' title='bbox 2598 5178 2655 5216; x_wconf 86' lang='lat' dir='ltr'><strong>se</strong></span> <span class='ocrx_word' id='word_1_713' title='bbox 2691 5164 2742 5216; x_wconf 92' lang='lat' dir='ltr'><strong>in</strong></span> <span class='ocrx_word' id='word_1_714' title='bbox 2786 5162 2983 5216; x_wconf 87' lang='lat' dir='ltr'><strong>bellum</strong></span> <span class='ocrx_word' id='word_1_715' title='bbox 3038 5160 3279 5230; x_wconf 61' lang='lat' dir='ltr'><strong>praeferri</strong></span> <span class='ocrx_word' id='word_1_716' title='bbox 3312 5159 3497 5229; x_wconf 87' lang='lat' dir='ltr'><strong>jussit.</strong></span> <span class='ocrx_word' id='word_1_717' title='bbox 3527 5157 3631 5214; x_wconf 86' lang='lat' dir='ltr'><strong>im-</strong></span> 
     </span>
    </p>
   </div>
   <div class='ocr_carea' id='block_1_104' title="bbox 374 5235 3628 5325">
    <p class='ocr_par' dir='ltr' id='par_1_104' title="bbox 374 5235 3628 5325">
     <span class='ocr_line' id='line_1_104' title="bbox 374 5235 3628 5325; baseline 0.006 -36"><span class='ocrx_word' id='word_1_718' title='bbox 374 5235 496 5304; x_wconf 84' lang='lat' dir='ltr'><strong>pius</strong></span> <span class='ocrx_word' id='word_1_719' title='bbox 553 5252 681 5292; x_wconf 87' lang='lat' dir='ltr'><strong>vero</strong></span> <span class='ocrx_word' id='word_1_720' title='bbox 747 5251 1025 5309; x_wconf 84' lang='lat' dir='ltr'><strong>tyrannus,</strong></span> <span class='ocrx_word' id='word_1_721' title='bbox 1078 5246 1281 5301; x_wconf 79' lang='lat' dir='ltr'><strong>auxilio</strong></span> <span class='ocrx_word' id='word_1_722' title='bbox 1336 5248 1639 5302; x_wconf 68' lang='lat' dir='ltr'><strong>dminonum</strong></span> <span class='ocrx_word' id='word_1_723' title='bbox 1706 5265 1930 5309; x_wconf 90' lang='lat' dir='ltr'><strong>suorum</strong></span> <span class='ocrx_word' id='word_1_724' title='bbox 1969 5256 2223 5321; x_wconf 82' lang='lat' dir='ltr'><strong>conﬁsus,</strong></span> <span class='ocrx_word' id='word_1_725' title='bbox 2280 5253 2526 5321; x_wconf 83' lang='lat' dir='ltr'><strong>ﬂuvium,</strong></span> <span class='ocrx_word' id='word_1_726' title='bbox 2581 5256 2672 5324; x_wconf 87' lang='lat' dir='ltr'><strong>qui</strong></span> <span class='ocrx_word' id='word_1_727' title='bbox 2763 5253 3181 5325; x_wconf 72' lang='lat' dir='ltr'><strong>prmtcrllucbut,</strong></span> <span class='ocrx_word' id='word_1_728' title='bbox 3279 5265 3442 5324; x_wconf 82' lang='lat' dir='ltr'><strong>ponte</strong></span> <span class='ocrx_word' id='word_1_729' title='bbox 3501 5254 3628 5323; x_wconf 86' lang='lat' dir='ltr'><strong>jun-</strong></span> 
     </span>
    </p>
   </div>
   <div class='ocr_carea' id='block_1_105' title="bbox 374 5335 1901 5414">
    <p class='ocr_par' dir='ltr' id='par_1_105' title="bbox 374 5335 1901 5414">
     <span class='ocr_line' id='line_1_105' title="bbox 374 5335 1901 5414; baseline 0.012 -29"><span class='ocrx_word' id='word_1_730' title='bbox 374 5340 507 5400; x_wconf 73' lang='lat' dir='ltr'><strong>gens</strong></span> <span class='ocrx_word' id='word_1_731' title='bbox 532 5335 742 5404; x_wconf 74' lang='lat' dir='ltr'><strong>ntagnis</strong></span> <span class='ocrx_word' id='word_1_732' title='bbox 776 5338 993 5393; x_wconf 87' lang='lat' dir='ltr'><strong>navium</strong></span> <span class='ocrx_word' id='word_1_733' title='bbox 1033 5341 1221 5409; x_wconf 89' lang='lat' dir='ltr'><strong>copiis,</strong></span> <span class='ocrx_word' id='word_1_734' title='bbox 1246 5342 1313 5397; x_wconf 88' lang='lat' dir='ltr'><strong>ad</strong></span> <span class='ocrx_word' id='word_1_735' title='bbox 1344 5356 1576 5414; x_wconf 73' lang='lat' dir='ltr'><strong>pugnam</strong></span> <span class='ocrx_word' id='word_1_736' title='bbox 1617 5350 1901 5413; x_wconf 89' lang='lat' dir='ltr'><strong>processit.</strong></span> 
     </span>
    </p>
   </div>
   <div class='ocr_carea' id='block_1_106' title="bbox 1878 5527 2109 5587">
    <p class='ocr_par' dir='ltr' id='par_1_106' title="bbox 1878 5527 2109 5587">
     <span class='ocr_line' id='line_1_106' title="bbox 1878 5527 2109 5587; baseline 0.026 -6"><span class='ocrx_word' id='word_1_737' title='bbox 1878 5527 2109 5587; x_wconf 65' lang='lat' dir='ltr'><strong>NOTE.</strong></span> 
     </span>
    </p>
   </div>
   <div class='ocr_carea' id='block_1_107' title="bbox 448 5671 1714 5759">
    <p class='ocr_par' dir='ltr' id='par_1_107' title="bbox 448 5671 1714 5759">
     <span class='ocr_line' id='line_1_107' title="bbox 448 5671 1714 5759; baseline 0.007 -29"><span class='ocrx_word' id='word_1_738' title='bbox 595 5672 783 5759; x_wconf 59' lang='lat' dir='ltr'><strong>Eollux</strong></span> <span class='ocrx_word' id='word_1_739' title='bbox 817 5674 1074 5759; x_wconf 79' lang='grc' dir='ltr'><strong>Θυμηδία,</strong></span> <span class='ocrx_word' id='word_1_740' title='bbox 1104 5681 1235 5759; x_wconf 86' lang='lat' dir='ltr'><strong>cod._</strong></span> <span class='ocrx_word' id='word_1_741' title='bbox 1425 5680 1714 5759; x_wconf 82' lang='grc' dir='ltr'><strong>θυμηδεία.</strong></span> 
     </span>
    </p>
   </div>
   <div class='ocr_carea' id='block_1_108' title="bbox 447 5744 1947 5816">
    <p class='ocr_par' dir='ltr' id='par_1_108' title="bbox 447 5744 1947 5816">
     <span class='ocr_line' id='line_1_108' title="bbox 447 5744 1947 5816; baseline 0.007 -18"><span class='ocrx_word' id='word_1_742' title='bbox 447 5744 559 5816; x_wconf 74' lang='grc'><strong>(55)</strong></span> <span class='ocrx_word' id='word_1_743' title='bbox 595 5744 669 5801; x_wconf 92' lang='lat' dir='ltr'><strong>De</strong></span> <span class='ocrx_word' id='word_1_744' title='bbox 706 5746 807 5801; x_wconf 86' lang='lat' dir='ltr'><strong>hac</strong></span> <span class='ocrx_word' id='word_1_745' title='bbox 854 5744 1055 5803; x_wconf 85' lang='lat' dir='ltr'><strong>visione</strong></span> <span class='ocrx_word' id='word_1_746' title='bbox 1094 5751 1265 5805; x_wconf 87' lang='lat' dir='ltr'><strong>crucis</strong></span> <span class='ocrx_word' id='word_1_747' title='bbox 1294 5744 1646 5809; x_wconf 75' lang='lat' dir='ltr'><strong>Constantino</strong></span> <span class='ocrx_word' id='word_1_748' title='bbox 1692 5756 1947 5810; x_wconf 81' lang='lat' dir='ltr'><strong>divinitus</strong></span> 
     </span>
    </p>
   </div>
   <div class='ocr_carea' id='block_1_109' title="bbox 2049 5688 3623 5757">
    <p class='ocr_par' dir='ltr' id='par_1_109' title="bbox 2049 5688 3623 5757">
     <span class='ocr_line' id='line_1_109' title="bbox 2049 5688 3623 5757; baseline 0.001 -17"><span class='ocrx_word' id='word_1_749' title='bbox 2049 5689 2249 5753; x_wconf 84' lang='lat' dir='ltr'><strong>oblata,</strong></span> <span class='ocrx_word' id='word_1_750' title='bbox 2311 5690 2430 5746; x_wconf 84' lang='lat' dir='ltr'><strong>vide</strong></span> <span class='ocrx_word' id='word_1_751' title='bbox 2477 5691 2565 5746; x_wconf 87' lang='lat' dir='ltr'><strong>lib.</strong></span> <span class='ocrx_word' id='word_1_752' title='bbox 2607 5704 2644 5746; x_wconf 84' lang='lat' dir='ltr'><strong>ll</strong></span> <span class='ocrx_word' id='word_1_753' title='bbox 2680 5688 2754 5744; x_wconf 80' lang='lat' dir='ltr'><strong>De</strong></span> <span class='ocrx_word' id='word_1_754' title='bbox 2813 5703 2990 5745; x_wconf 64' lang='lat' dir='ltr'><strong>sancta</strong></span> <span class='ocrx_word' id='word_1_755' title='bbox 3036 5707 3222 5757; x_wconf 62' lang='lat' dir='ltr'><strong>(iure,</strong></span> <span class='ocrx_word' id='word_1_756' title='bbox 3278 5709 3390 5757; x_wconf 61' lang='lat' dir='ltr'><strong>«.tp.</strong></span> <span class='ocrx_word' id='word_1_757' title='bbox 3445 5691 3512 5749; x_wconf 68' lang='grc'><strong>56</strong></span> <span class='ocrx_word' id='word_1_758' title='bbox 3580 5704 3623 5743; x_wconf 71' lang='lat' dir='ltr'><strong>rt</strong></span> 
     </span>
    </p>
   </div>
   <div class='ocr_carea' id='block_1_110' title="bbox 2059 5712 3390 5813">
    <p class='ocr_par' dir='ltr' id='par_1_110' title="bbox 2059 5712 3390 5812">
     <span class='ocr_line' id='line_1_110' title="bbox 2059 5712 3390 5812; baseline 0.004 -71"><span class='ocrx_word' id='word_1_759' title='bbox 2059 5712 2249 5812; x_wconf 45' lang='lat' dir='ltr'><strong>Etyma,</strong></span> <span class='ocrx_word' id='word_1_760' title='bbox 2312 5712 2430 5746; x_wconf 71' lang='grc' dir='ltr'><strong>νιοῠ</strong></span> <span class='ocrx_word' id='word_1_761' title='bbox 2477 5712 2565 5746; x_wconf 73' lang='grc' dir='ltr'><strong>ΙΙΙ).</strong></span> <span class='ocrx_word' id='word_1_762' title='bbox 2608 5712 2644 5746; x_wconf 80' lang='lat' dir='ltr'><strong>ll</strong></span> <span class='ocrx_word' id='word_1_763' title='bbox 2680 5712 2754 5744; x_wconf 76' lang='grc' dir='ltr'><strong>υε</strong></span> <span class='ocrx_word' id='word_1_764' title='bbox 2813 5712 2990 5745; x_wconf 62' lang='grc' dir='ltr'><strong>δπιησίη</strong></span> <span class='ocrx_word' id='word_1_765' title='bbox 3036 5712 3222 5757; x_wconf 63' lang='grc' dir='ltr'><strong>(ναίει,</strong></span> <span class='ocrx_word' id='word_1_766' title='bbox 3278 5712 3390 5763; x_wconf 59' lang='lat' dir='ltr'><strong>(dp.</strong></span> 
     </span>
    </p>
   </div>
  </div>
