4036 6226
403 297 549 362 4055

1616 309 2063 372 ALEXANDRI
2090 310 2442 373 MONACHI

3529 311 3677 373 4056

476 414 778 472 Commissa
823 430 1000 485 pugna
1046 414 1252 473 inimici
1299 417 1497 473 virtute
1543 423 1724 477 crucis
1763 427 1981 481 contriti

2159 427 2445 499 Συμϐολῆς
2485 428 2544 482 δὲ
2613 430 2932 498 γενομένης,
2966 427 3358 500 συνετρίϐησαν
3407 428 3514 481 ὑπὸ
3576 431 3682 499 τῆς

403 515 553 573 sunt,
583 507 927 576 maximaque
958 523 1145 563 eorum
1199 520 1354 580 parte
1397 514 1600 576 occisa,
1639 517 1828 586 reliqui
1860 535 1982 574 cum

407 607 641 667 tyranno
700 588 890 656 versus
938 601 1219 656 civitatem
1273 602 1549 673 fugerunt,
1587 624 1818 677 cumque
1852 627 1985 681 pons

407 690 757 745 multitudine
803 692 969 746 nimia
1016 693 1318 759 fatisceret,
1366 696 1416 748 in
1455 696 1678 753 ﬂumine
1706 704 1984 771 perierunt

407 785 545 838 sicut
587 784 792 839 Pharao
836 794 1121 857 tyrannus.
1168 786 1356 857 Itaque
1389 803 1616 846 cernere
1663 803 1782 846 erat
1813 802 1982 848 totum

412 876 630 929 ﬂuvium
667 876 824 945 equis
850 877 1008 932 simul
1037 887 1196 948 atque
1227 881 1595 939 insessoribus
1625 895 1982 941 constratum.

405 965 565 1020 Cives
626 976 806 1020 autem
882 965 1112 1022 Romani
1172 967 1591 1023 Constantinum
1664 979 1982 1025 coronatum
2055 960 2067 981 ¹

409 1073 602 1128 magna
637 1073 760 1113 cum
810 1059 1017 1123 lmtitia,
1067 1058 1369 1130 faustisque
1414 1063 1900 1117 acclamationibus
1931 1063 1984 1118 in

406 1151 595 1204 urbem
675 1159 1056 1219 susceperunt,
1115 1167 1446 1223 crucemque
1492 1154 1738 1209 victoriae
1793 1163 1986 1209 aucto-

405 1260 544 1313 rcm,
579 1245 961 1315 imperatorem
997 1261 1125 1300 vero
1151 1247 1347 1301 salutis
1385 1260 1497 1301 suae
1529 1256 1856 1301 assertorem
1889 1261 1982 1316 ap-

402 1338 698 1408 pellarunt.
735 1338 886 1395 Tunc
923 1340 1180 1409 praecepit
1228 1340 1525 1409 imperator
1572 1339 1829 1411 reliquias
1860 1355 1988 1394 san-

403 1439 617 1486 ctorum
679 1440 983 1503 martyrum
1030 1432 1081 1486 in
1138 1448 1306 1485 unum
1363 1431 1624 1496 conferri,
1682 1445 1986 1503 magnaque

402 1538 527 1578 cum
579 1524 935 1577 veneratione
976 1523 1271 1593 sepultura:
1314 1525 1474 1587 tradi,
1516 1533 1572 1578 et
1615 1524 1815 1594 injuria
1855 1516 2001 1577 all'e-’

402 1618 511 1673 etis
567 1616 860 1672 facultates
913 1633 1040 1673 suas
1093 1618 1328 1672 restitui.
1386 1618 1746 1673 Celebrarunt
1802 1625 1983 1671 autem

402 1707 599 1760 festum
640 1707 883 1762 Victoria}
916 1717 1084 1776 parta:
1114 1717 1319 1776 septem
1345 1719 1631 1776 perpetuos
1659 1709 1795 1775 dies,
1835 1724 1984 1764 sum-

2085 518 2180 573 τοῦ
2225 520 2461 592 σταυροῦ
2497 521 2782 591 δυνάμεως
2815 522 2864 573 οἰ
2904 521 3253 587 ὑπεναντίοι,
3289 522 3383 576 καὶ
3426 536 3683 575 κατακοο

2088 609 2285 673 πέντες
2309 612 2359 664 οἱ
2398 611 2666 680 πλεῖστοι,
2697 614 2745 665 οἱ
2796 611 2968 666 λοιποὶ
3014 613 3113 665 σὺν
3151 612 3230 684 τῷ
3262 612 3549 683 τυράννῳ,
3603 610 3689 675 ὡς

2084 702 2179 758 ἐπὶ
2232 703 2332 775 τὴν
2384 706 2540 758 πόλιν
2593 705 2813 773 ἔφυγον,
2841 706 2940 774 τῆς
3001 705 3057 759 δὲ
3117 705 3357 776 γεφύρας
3396 705 3685 768 κρείττονι

2085 795 2313 867 δυνάμει
2392 797 2826 868 διαρῤαγείσης,
2880 796 3386 867 κατεποντίσθησαν
3470 798 3533 848 ἐν
3599 793 3686 864 τῷ

2088 888 2338 958 ποταμῷ
2366 889 2511 942 κατὰ
2550 888 2643 942 τὸν
2673 888 2875 960 Φαραὼ
2916 889 3239 960 πανστρατί.
3290 889 3402 943 Καὶ
3440 883 3512 959 ἦν
3548 889 3687 941 ἰδεῖν

2083 978 2206 1033 ὅλον
2222 980 2311 1033 τὸν
2335 979 2578 1051 ποταμὸν
2596 980 3027 1051 πεπληρωμένον
3037 982 3221 1035 ἵππων
3236 983 3332 1035 σὺν
3350 981 3683 1044 ἀναϐάταις.

2088 1072 2153 1126 Ol
2202 1071 2258 1125 δὲ
2308 1071 2522 1125 πολῖται
2592 1074 2692 1142 τῆς
2741 1072 2957 1144 Ῥώμης
3014 1072 3461 1142 στεφανώσαντες
3510 1071 3691 1127 αὐτὸν

2083 1161 2421 1226 εἰσεδέξαντο
2443 1165 2578 1234 μετὰ
2606 1164 2781 1235 χαρᾶς
2806 1164 3048 1234 μεγάλης
3067 1166 3162 1218 καὶ
3186 1164 3322 1235 εὐφη
3333 1164 3610 1235 μιῶν,τόν
3624 1179 3688 1216 τε

2089 1254 2367 1308 νικοποιὸν
2442 1250 2676 1327 σταυρὸν
2747 1257 2843 1310 καὶ
2919 1255 3012 1308 τὸν
3076 1258 3373 1326 νικηφόρον
3448 1254 3689 1324 βασιλέα

2090 1348 2313 1417 σωτῆρα
2356 1347 2781 1412 ἀποκαλοῦντες.
2837 1348 2974 1401 Τότε
3028 1350 3057 1402 ὁ
3097 1347 3351 1418 βασιλεὺς
3416 1347 3689 1401 ἐκέλευσε

2090 1441 2423 1510 συναχθῆναι
2456 1441 2524 1495 τὰ
2595 1441 2826 1511 λείψανα
2873 1441 2983 1495 τῶν
3038 1443 3213 1509 ἁγίων
3250 1441 3555 1511 μαρτύρων
3592 1443 3691 1494 καὶ

2084 1535 2210 1605 ὁσία
2238 1537 2384 1605 ταφῇ
2410 1535 2582 1588 ταῦτα
2605 1535 3006 1607 παραδοθῆναι,
3045 1533 3139 1586 καὶ
3177 1537 3288 1598 τοῖς
3336 1534 3690 1604 ἀδικηθεῖσιν

2087 1623 2187 1687 τὰς
2216 1624 2407 1686 οὐσίας
2454 1623 2632 1678 αὐτῶν
2682 1622 3012 1693 ἀποδοθῆναι
3051 1638 3069 1652 ⁸
3124 1623 3218 1676 καὶ
3267 1618 3408 1693 ἦσαν
3446 1623 3691 1690 ἄγοντες

2089 1715 2359 1769 ἐπινίκιον
2435 1715 2629 1788 ἑορτὴν
2696 1716 2837 1769 ἑπτὰ
2901 1717 3115 1786 ἡμέρας
3176 1715 3537 1786 γεραίροντες
3592 1715 3693 1767 τὸν

402 1798 511 1853 mis
542 1798 795 1854 laudibus
824 1809 985 1870 atque
1016 1798 1223 1853 honore
1253 1798 1455 1854 Christi
1487 1815 1705 1856 crucem
1745 1802 1983 1858 allicien-

2096 1809 2327 1879 σταυρδν
2358 1808 2453 1862 τοῦ
2493 1780 2754 1880 Χρίστοῦ.
2795 1780 2967 1874 Οὗτος
3017 1780 3087 1882 ῆν
3148 1780 3378 1880 Ξδδομος
3425 1807 3689 1871 ἐνιαυτὸς

404 1901 512 1947 tes.
541 1891 719 1958 Atque
755 1891 871 1946 iure
912 1892 1144 1960 septimo
1191 1905 1339 1945 anno
1387 1891 1600 1962 imperii
1634 1892 1981 1952 Constantini

404 1983 739 2037 acciderunt.

473 2075 679 2141 Quibus
707 2074 960 2142 cognitis,
988 2073 1238 2148 Galerius
1278 2075 1640 2132 Maximianus
1666 2093 1987 2149 progressus

402 2166 649 2221 eamdem
698 2168 824 2222 belli
875 2168 1060 2223 aleanv
1100 2172 1350 2237 tentavit,
1392 2179 1558 2240 atque
1601 2171 1674 2226 ita
1708 2173 1923 2240 paulum
1953 2191 1982 2228 a

403 2256 734 2312 Christianis
784 2260 1177 2327 persequendis
1238 2260 1522 2315 abstinuit.
1581 2259 1808 2333 Magnus
1853 2280 1984 2319 vero

400 2351 790 2407 Constantinus
830 2351 883 2406 in
932 2352 1116 2408 crucis
1148 2352 1524 2409 invictissimis
1569 2355 1739 2409 armis
1769 2369 1983 2410 omnem

404 2457 555 2511 spem
612 2459 906 2510 reponens,
957 2441 1153 2499 centra
1203 2445 1380 2516 ipsum
1432 2446 1624 2512 movit,
1687 2447 1986 2515 habuitque

403 2550 589 2590 secum
635 2535 905 2590 Licinium
952 2537 1004 2591 in
1047 2537 1187 2592 bello
1214 2546 1405 2592 contra
1440 2548 1709 2609 tyrannos
1752 2540 1982 2606 socium,

403 2629 496 2698 qui
524 2644 634 2699 prae
669 2644 728 2683 se
775 2626 1005 2696 ferebat,
1047 2630 1202 2699 quasi
1239 2643 1277 2683 a.
1316 2628 1753 2684 Christianorum
1795 2631 1986 2685 decre-

407 2723 475 2777 tis
502 2722 1017 2791 institutisque'uon
1049 2736 1276 2791 prorsus
1320 2721 1666 2777 abhorreret.
1697 2722 1986 2792 Tyrannus

404 2823 585 2865 autem
635 2812 861 2882 magicis
894 2811 1008 2866 suis
1035 2813 1351 2883 imppsturis
1381 2822 1527 2868 totus
1558 2814 1901 2882 incumbens,
1934 2815 1985 2867 in

405 2905 579 2959 aciem
617 2913 810 2959 contra
858 2912 1103 2958 sanctum
1143 2905 1532 2973 imperatorem
1577 2907 1866 2972 processit,
1902 2907 1986 2959 in-

406 2996 579 3053 ﬁnitis
632 2995 860 3050 militum
916 2996 1089 3065 cepiis
1115 2995 1382 3066 imprimis
1427 2998 1787 3066 conspicuus.
1820 2997 1987 3055 Cum-

405 3103 514 3160 que
564 3088 710 3142 acies
764 3086 878 3152 jam
953 3087 1457 3152 committerentur,
1516 3087 1829 3144 defensores
1904 3101 1986 3160 ty-

408 3178 920 3245 ranni,conspecto
960 3177 1287 3231 venerabilis
1339 3177 1520 3232 crucis
1572 3178 1726 3248 signo
1777 3189 1990 3235 nostro-

407 3285 528 3324 rum
597 3269 855 3337 impetum
925 3284 1029 3322 uon
1090 3269 1453 3333 sustinentes,
1510 3270 1561 3324 iu
1630 3270 1810 3341 fugam
1876 3274 1986 3329 acti

405 3371 560 3429 sunt,
606 3371 919 3434 quantaque
959 3368 1251 3430 potuerunt
1289 3362 1569 3424 celeritate
1603 3372 1750 3435 terga
1807 3374 1986 3423 verte-

406 3462 571 3519 runt,
629 3453 998 3523 imperatoriis
1052 3452 1314 3507 militibus
1375 3469 1595 3510 summo.
1633 3469 1729 3509 eos
1776 3465 1972 3512 conatu

409 3546 835 3619 insequentibus
852 3587 869 3614 ,

405 3643 793 3711 imperatorem
838 3638 1226 3708 confugerunt.

481 3741 687 3809 impius,
728 3755 856 3794 vero
906 3740 1186 3801 diadema,
1237 3753 1345 3806 quo
1393 3736 1645 3807 indignus
1695 3746 1841 3805 erat,
1873 3753 1902 3793 a
1932 3754 1989 3797 se

406 3832 703 3903 abiiciens,
755 3848 823 3887 ne
883 3833 933 3884 in
988 3830 1112 3900 fuga
1168 3840 1351 3900 Ροδεθι
1409 3831 1667 3901 ³ε¹¹⁰⁵⁰ί’
1729 3838 1988 3905 umquam

407 3923 693 3994 gregarius
761 3922 917 3976 miles
970 3921 1206 3989 aliquis,
1264 3921 1409 3975 inter
1452 3921 1693 3989 reliquos
1737 3922 1879 3989 fuit,
1924 3939 1989 3979 ex

413 4031 522 4068 uno
557 4024 737 4068 autem
768 4015 890 4067 vico
930 4012 983 4066 in
1019 4011 1184 4068 alium
1222 4011 1534 4081 profugiens
1557 4052 1573 4077 ,
1609 4029 1779 4084 seque
1804 4016 1988 4072 occul-

408 4119 572 4171 tans,
610 4106 702 4167 vix
746 4121 868 4160 cum
914 4104 1104 4174 paucis
1129 4104 1327 4162 amicis
1379 4105 1553 4161 nudus
1608 4108 1813 4173 evasit,
1862 4124 1993 4164 con-

407 4207 770 4270 gregatosque
823 4199 1047 4253 deorum
1096 4213 1316 4253 suorum
1393 4199 1601 4254 scilicet
1654 4201 1998 4266 sacerdotes,

411 4294 705 4361 prophetas
726 4332 745 4358 ,
801 4300 951 4346 vates
974 4331 990 4356 ,
1021 4300 1076 4345 et
1110 4298 1380 4360 quotquot
1411 4293 1460 4344 in
1489 4290 1833 4347 vaticinando
1860 4292 1994 4347 clari

408 4385 785 4450 habebantur,
826 4398 1047 4447 omnes,
1077 4382 1222 4440 velut
1270 4384 1596 4451 imposlores
1644 4399 1709 4439 ac
1738 4385 1994 4454 decepto-

2091 1899 2193 1968 τῆς
2225 1898 2503 1968 βασιλείας
2531 1899 2968 1977 Κωνσταντίνου.

2163 2081 2346 2135 Ταῦτα
2358 2083 2596 2146 ἀκούσας
2624 2083 2651 2134 ὁ
2668 2081 2927 2155 Γαλέριος
2953 2080 3301 2153 Μαξιμιανδς
3328 2080 3688 2151 ἐξεληλύθει.

2106 2173 2413 2244 Ἐξεδέχετο
2463 2174 2574 2247 γὰρ
2613 2175 2709 2229 καὶ
2760 2175 2923 2240 αὐτὸς
2970 2175 3062 2229 τὸν
3093 2175 3257 2230 αὐτὸν
3307 2174 3473 2246 μόρον
3506 2215 3526 2239 ,
3589 2175 3686 2227 καὶ

2096 2266 2289 2336 μικρὸν
2318 2266 2528 2340 ἀπέστη
2556 2266 2658 2333 τῆς
2687 2268 2827 2322 κατὰ
2843 2268 2952 2320 τῶν
2984 2267 3325 2339 Χριστιανῶν
3351 2266 3608 2337 ἀπειλῆς.
3624 2266 3688 2318 '0

2091 2360 2148 2414 δὲ
2169 2360 2424 2429 μέγιστος
2446 2363 2853 2424 Κωνσταντῖνος
2884 2360 3104 2432 θαῤῥῶν
3135 2360 3212 2428 τῷ
3242 2361 3494 2431 ἀηττήτῳ
3529 2359 3689 2429 ὅπλῳ

2093 2452 2186 2506 τοῦ
2208 2454 2464 2525 σταυροῦ,
2495 2454 2754 2526 ὥρμησεν
2776 2457 2863 2508 ἐπ’
2892 2454 3075 2509 αὐτόν.
3095 2450 3290 2525 Εἴχεδὲ
3322 2451 3413 2506 καὶ
3438 2452 3685 2505 Λικίνιον

2096 2547 2552 2617 συμπολεμοῦντα
2608 2548 2755 2619 αὐτῷ
2814 2548 2961 2603 κατὰ
3000 2548 3109 2601 τῶν
3157 2547 3458 2617 τυράννων,
3504 2560 3684 2616 προσ-

2095 2638 2419 2708 ποιούμενον
2459 2641 2748 2713 χαίρεσθαι
2786 2643 2900 2705 τοῖς
2950 2642 3357 2711 Χριστιανικοῖς
3387 2639 3684 2708 δόγμασιν.

2112 2728 2171 2782 'U
2196 2729 2253 2782 δὲ
2285 2730 2548 2800 τύραννος
2579 2734 2699 2796 ταῖς
2726 2716 3015 2804 γοητικαῖς
3046 2733 3282 2792 ἀπάταις
3328 2730 3687 2800 ἐπερειδόμε-

2095 2838 2207 2886 νος,
2246 2824 2661 2894 παρατάξεσθαι
2709 2825 2788 2896 τῷ
2826 2826 3042 2879 εὐσεϐεῖ
3098 2825 3307 2894 βασιλεῖ
3360 2822 3685 2893 ἐξελήλυθεν

2102 2914 2466 2987 ἀναριθμήτῳ
2499 2918 2694 2989 πλήθει
2729 2919 2838 2971 τῶν
2862 2914 3683 2990 στρατοπέδωνφανταξόμενος.

2107 3007 2413 3080 Γενομένης
2445 3011 2499 3064 δέ
2542 3013 2639 3080 τῆς
2681 3012 2979 3082 συμϐολῆς,
3004 3009 3214 3065 καὶτοῦ
3235 3009 3418 3076 τιμίου
3450 3003 3681 3077 σταυροῦ

2015 3142 2058 3199 c
2105 3101 2390 3167 φανέντος,
2415 3105 2464 3156 οί
2490 3103 2582 3156 τοῦ
2598 3106 2863 3175 τυράννου
2890 3103 3248 3166 ὑπασπισταὶ,
3265 3102 3365 3172 τὴν
3380 3098 3683 3171 προσϐολὴν

2100 3191 2175 3260 μὴ
2193 3192 2535 3262 ἐνέγκαντες,
2556 3198 2875 3267 ἐτράπησαν
2905 3198 2982 3260 είς
3012 3195 3211 3266 φυγὴν,
3232 3195 3326 3247 καὶ
3341 3195 3391 3246 οἱ
3410 3192 3508 3262 μὲν
3527 3190 3685 3260 ἔφευ-

2096 3297 2193 3349 γον
2220 3286 2362 3338 κατά
2381 3285 2567 3357 τάχος,
2587 3288 2637 3341 οἱ
2664 3288 2719 3340 δὲ
2737 3288 2878 3341 κατὰ
2903 3287 3102 3358 κράτος
3125 3283 3586 3351 ἐδίωκον,πολλῶν
3602 3299 3681 3351 χι-

2102 3370 2305 3428 λιάδων
2321 3378 2429 3431 τῶν
2442 3380 2701 3433 ἐναντίων
2724 3379 3172 3433 καταπεσουσῶν.
3191 3379 3253 3431 Ol
3266 3377 3445 3431 λοιποὶ
3462 3374 3655 3430 καταλι
3667 3402 3681 3413 ·

2106 3467 2303 3531 πόντες
2327 3471 2419 3525 τὸν
2438 3471 2701 3543 τύραννον
2732 3471 3162 3544 προσεχώρησαν
3195 3469 3273 3541 τῷ
3303 3469 3674 3539 αὐτοκράτορι.

968 3544 1261 3614 multisque
1312 3545 1528 3601 illorum
1608 3547 1795 3614 caesis,
1855 3549 1946 3618 qui

2105 3559 2261 3616 clade
2315 3564 2503 3634 reliqui
2558 3564 2808 3628 fuerunt,
2871 3572 3158 3634 tyranuum
3243 3563 3557 3617 deserentes
3612 3560 3673 3611 ad

2122 3752 2136 3768 ’
2183 3744 2241 3800 '0
2269 3746 2326 3800 δὲ
2357 3744 2621 3815 δυσσεϐὴς
2652 3745 2813 3814 ῥίψας
2834 3744 2895 3798 τδ
2924 3744 3217 3816 βασίλειον,
3267 3736 3441 3815 οὗπερ
3470 3743 3673 3809 ἀνάξιος

2098 3838 2415 3909 ἐτύγχανεν,
2446 3838 2519 3900 ὡς
2551 3838 2616 3892 ἂν
2647 3838 2721 3909 μὴ
2750 3838 3064 3908 ἐπιγνωσθῇ
3113 3836 3356 3907 φεύγων,
3396 3834 3675 3907 περιερχό-

2101 3947 2260 4001 μενος
2289 3930 2347 3982 δὲ
2385 3929 2492 3983 ἀπὸ
2518 3928 2712 4000 κώμης
2752 3930 2835 3991 εἰς
2861 3927 3055 3998 κώμην
3088 3928 3183 3981 καὶ
3237 3926 3677 3997 κρυπταζόμενος

2104 4022 2257 4092 μόλις
2291 4021 2407 4092 μετ’
2429 4022 2624 4089 ὀλίγων
2655 4020 2764 4075 τῶν
2792 4021 3166 4074 εὐνουστάτων
3192 4017 3426 4089 διεσώθη
3458 4017 3676 4089 γυμνός.

2101 4112 2433 4180 Συναγαγὼν
2461 4111 2517 4163 δὲ
2542 4112 2666 4174 τοὺς
2698 4113 2863 4181 ἱερεῖς
2887 4110 2997 4163 τῶν
3024 4108 3185 4179 δῆθεν
3207 4108 3368 4173 θεῶν,
3421 4109 3517 4164 καὶ
3562 4106 3679 4168 τοὺς

2101 4206 2404 4276 προφήτας,
2442 4207 2535 4257 καὶ
2568 4205 2691 4267 τοὺς
2722 4204 2961 4274 μάντεις,
2992 4204 3086 4256 καὶ
3137 4204 3263 4266 τοὺς
3314 4202 3406 4256 ἐπὶ
3463 4198 3683 4271 μαντείᾳ

2104 4297 2490 4368 βεϐοημένους,
2517 4296 2609 4359 οὒς
2638 4295 2831 4367 πρώην
2859 4295 3089 4364 ἀγαπῶν
3118 4295 3299 4364 ἐτίμα,
3330 4294 3405 4357 ὡς
3436 4290 3681 4347 ἀπατεῶο

2103 4406 2200 4452 νας
2259 4389 2351 4444 καὶ
2406 4388 2675 4451 πλάνους,
2731 4387 3051 4451 ἐπιϐούλους
3085 4387 3133 4441 θ’
3167 4385 3359 4441 ἑαυτοῦ
3415 4384 3685 4455 σωτηρίας

408 4491 533 4543 res,
586 4474 888 4544 salutisque
937 4490 1048 4530 suae
1099 4474 1450 4530 insidiatores
1489 4475 1793 4546 jugulavit.
1822 4475 1990 4537 Cum-

2101 4480 2463 4550 κατέσφαξεν.
2491 4482 2770 4536 Μέλλοντα
2798 4481 2857 4534 δὲ
2886 4480 3066 4544 ζῶντα
3100 4481 3181 4542 είς
3211 4482 3308 4542 τὰς
3353 4481 3539 4549 χεῖρας
3586 4473 3678 4527 τοῦ

408 4582 516 4636 que
543 4566 653 4634 jam
701 4567 856 4620 vivus
912 4566 965 4620 in
999 4565 1235 4622 Cmsaris
1282 4582 1472 4622 manus
1518 4576 1666 4624 esset
1725 4578 1995 4625 venturus

414 4658 692 4728 (instabat
745 4658 889 4713 enim
940 4658 1039 4727 ipsi
1089 4658 1266 4715 adhuc
1319 4659 1559 4728 bellum)
1598 4674 1706 4725 ,eo
1758 4661 1995 4721 miseriae

415 4749 598 4805 divina
623 4764 747 4804 eum
795 4748 1030 4809 vindima
1072 4749 1374 4818 corripiens
1429 4748 1669 4819 redegit,
1715 4760 1772 4804 ut
1818 4749 1997 4819 proje-

417 4854 546 4902 ctus
602 4844 657 4899 in
721 4845 894 4901 solum
951 4845 1178 4913 supinus
1222 4859 1378 4913 opem
1434 4843 1772 4916 imploraret,
1822 4859 1997 4919 neque

410 4953 533 4993 eam
567 4953 595 4992 a
630 4952 901 5009 quoquam
953 4949 1421 5007 consequeretur,
1461 4934 1674 4990 ﬂamma
1717 4947 1897 4992 autem
1930 4953 2003 4997 ex

416 5031 622 5089 intimis
666 5031 1001 5096 visceribus,
1045 5029 1404 5097 medullisque
1441 5042 1713 5093 accensa,
1762 5028 1990 5083 incredi-

410 5124 550 5182 biles
596 5124 646 5180 ei
704 5127 944 5197 graviter
989 5122 1307 5187 anhelanti,
1359 5129 1415 5176 et
1461 5137 1601 5179 nunc
1653 5123 1793 5188 huc,
1857 5138 2001 5177 ntmc

412 5217 542 5273 illuc
584 5232 707 5273 sese
746 5214 984 5274 vertenti
1035 5214 1248 5270 dolores
1297 5222 1549 5286 pareret,
1615 5213 1690 5268 ita
1745 5223 1804 5274 ut
1859 5214 1998 5271 oculi

413 5311 465 5368 ei
515 5312 801 5369 exsilirent
834 5311 887 5365 in
943 5319 1175 5374 terram,
1236 5323 1549 5377 caecumque
1612 5308 1998 5379 relinquerent.

420 5403 661 5459 Flamma
714 5415 894 5458 autem
922 5402 1012 5458 illa
1058 5403 1270 5458 interna
1308 5401 1359 5455 in
1400 5402 1726 5455 immensum
1756 5399 2002 5468 quotidie

414 5500 769 5564 ardescente,
840 5499 913 5553 ita
983 5496 1035 5552 ei
1089 5511 1288 5567 corpus
1364 5496 1727 5566 computruit,
1783 5502 1841 5546 ut
1893 5493 2005 5562 jam

419 5590 633 5644 ossibus
670 5607 775 5645 non
825 5589 1095 5655 haereret,
1120 5589 1370 5659 ultroque
1411 5595 1640 5640 mortem
1688 5584 1999 5651 advocaret,

2101 4572 2364 4644 βασιλέως
2420 4573 2684 4641 ἐμπεσεῖν
2722 4571 2998 4641 (ἐπέκειτο
3023 4575 3133 4640 γὰρ
3168 4570 3314 4641 αὐτῷ
3342 4570 3419 4621 ἔτι
3462 4570 3490 4621 ὁ
3521 4566 3680 4620 πόλε-

2103 4665 2249 4738 μος),
2283 4664 2634 4737 προλαϐοῦσα
2663 4665 2924 4735 θεήλατος
2958 4665 3098 4736 ὀργὴ
3130 4664 3303 4727 οὕτως
3337 4662 3496 4716 αὑτὸν
3512 4661 3685 4729 διέθη-

2100 4774 2220 4823 κεν,
2243 4757 2318 4819 ὡς
2355 4755 2569 4809 κεῖσθαι
2600 4756 2762 4808 αὐτὸν
2786 4757 2968 4825 πρηνῆ
3002 4755 3097 4808 ἐπὶ
3121 4754 3214 4806 τοῦ
3247 4752 3476 4822 ἐδάφους
3505 4750 3685 4819 δεόμε-

2102 4868 2194 4904 νον
2223 4850 2577 4919 ἐπικουρίας,
2595 4849 2690 4902 καὶ
2725 4848 2800 4918 μὴ
2834 4847 3194 4917 τυγχάνοντα.
3229 4844 3365 4912 om:
3397 4845 3453 4899 δὲ
3476 4845 3539 4899 ὲκ
3595 4840 3683 4912 βά-

2103 4943 2229 5006 θους
2256 4942 2365 4995 τῶν
2399 4941 2722 5011 σπλάγχνων
2756 4940 2852 4994 καὶ
2897 4939 3110 5009 μυελῶν
3170 4937 3336 4992 αὑτοῦ
3393 4936 3681 5005 ἀναφθεῖσα

2102 5034 2464 5099 ἀνυποίστους
2493 5032 2642 5103 αύτῴ
2672 5034 2770 5096 τὰς
2814 5030 3007 5095 ὀδύνας
3050 5031 3285 5084 ἐνεποίει
3316 5028 3677 5100 ἀσθμαίνοντι,

2103 5127 2200 5181 καὶ
2237 5126 2363 5198 τῇδε
2384 5127 2607 5179 κάκεῖσε
2657 5125 3163 5195 περιστρεφομένῳ,
3219 5122 3360 5176 ὥστε
3409 5121 3685 5193 ἀμφότερα

2068 5248 2079 5259 ~
2102 5221 2173 5279 τὰ
2203 5217 2427 5288 ὄμματα
2456 5215 2623 5277 αὐτοῦ
2658 5215 2963 5286 ἐκπηδῆσαι
2986 5216 3080 5268 ἐπὶ
3103 5216 3203 5286 τὴν
3229 5214 3332 5286 γῆν
3382 5214 3480 5267 καὶ
3522 5228 3689 5267 κατα-

2104 5308 2282 5371 λιπεῖν
2312 5309 2476 5364 αὐτὸν
2510 5307 2729 5377 τυφλόν.
2764 5306 2878 5376 Τῆς
2906 5307 2965 5361 δὲ
3010 5305 3158 5360 ἔνδον
3181 5305 3376 5374 φλογὸς
3415 5305 3498 5370 είς
3540 5303 3694 5357 ἄπει-

2110 5422 2200 5477 ρον
2221 5403 2617 5473 ἐξαπτομένης.
2637 5403 2693 5456 αί
2727 5401 2927 5472 σάρκες
2960 5397 3129 5452 αὐτοῦ
3165 5398 3569 5467 συνεσάπησαν,
3607 5393 3695 5449 xtl

2104 5498 2217 5560 τῶν
2241 5496 2444 5550 ὀστέων
2474 5494 2902 5565 ἀπεχωρίζοντο,
2938 5492 3080 5547 ὥστε
3120 5491 3205 5562 ἐφ’
3255 5489 3449 5545 ἑαυτοῦ
3498 5490 3694 5542 ἐπικα-

2105 5589 2364 5643 λέσασθαι
2403 5588 2495 5641 τὸν
2521 5587 2770 5642 θάνατον.
2801 5585 2988 5650 Οὕτως
3012 5585 3068 5639 δὲ
3090 5585 3155 5638 δι’
3200 5584 3323 5638 ὅλου
3357 5577 3697 5643 τίατασατλεὶς

416 5687 581 5746 atque
624 5679 730 5732 hoc
758 5682 920 5733 modo
975 5687 1118 5734 totus
1185 5678 1274 5733 ille
1316 5678 1438 5735 tabe
1501 5688 1755 5747 peresus,
1790 5672 1990 5735 tandem

2108 5680 2391 5755 ἀπέρρηξε
2423 5681 2523 5752 τὴν
2548 5679 2750 5751 ψυχήν.

416 5769 580 5825 vitam
644 5772 884 5840 abrupit,
