4036 6226
370 248 506 316 4ὓ57

1360 261 1460 325 DE
1492 263 1964 328 INVENTIOXE
1988 269 2295 331 SANCT/E
2336 268 2634 332 CBUCIS.

3506 264 3653 329 4053

436 367 557 423 Τῶν
588 369 645 423 δὲ
677 369 955 442 τυράννων
990 371 1053 423 ἐκ
1073 368 1252 424 ποδῶν
1282 371 1615 442 γενομένων,
1644 375 1740 427 καὶ
1787 392 1951 445 μονο-

2130 377 2399 451 Tyrannis
2462 378 2645 448 itaque
2691 377 2758 432 de
2828 376 3004 433 medio
3082 375 3347 443 sublatis,
3419 378 3643 444 soloque

368 461 634 535 κράτορος
658 462 942 533 γεγονότος
958 462 1052 516 τοῦ
1080 461 1317 533 μεγάλου
1332 463 1767 529 Κωνσταντίνου,
1786 466 1842 518 ἐν
1862 465 1958 537 βα⁴

367 553 489 627 θείᾳ
510 554 699 625 εἰρήνῃ
730 554 975 625 ὑπῆρχεν
1008 554 1041 625 ή
1072 553 1393 624 οἰκουμένη,
1426 556 1520 606 καὶ
1552 554 1622 608 τὰ
1673 555 1781 608 τῶν
1818 557 1957 626 Χρι-

368 643 883 717 στιανῶνόσημέραι
908 646 989 709 εἰς
1046 642 1181 714 ῦψος
1232 645 1494 717 ἐγείρετο,
1541 647 1634 700 καὶ
1683 648 1742 701 ἐν
1793 650 1959 717 πᾷσιν

366 737 577 791 ἔθνεσιν
605 737 635 789 6
672 737 906 808 σταυρὸς
931 736 1026 791 τοῦ
1056 736 1298 808 Χριστοῦ
1329 737 1743 810 ἐδοξάζετο.Τῷ
1770 739 1828 793 δὲ
1865 740 1962 794 Λι-

367 829 543 896 κινίῳ,
575 828 652 891 ὡς
680 829 1104 899 συμμαχήσαντι
1131 828 1280 898 αὐτῷ
1325 829 1408 892 εἰς
1462 830 1562 901 τὴν
1600 830 1710 883 τῶν
1754 831 1958 901 τυράν-

365 937 473 976 νων
506 921 826 987 κατάλυσιν,
857 920 1070 986 ἐξέδοτο
1114 923 1527 985 Κωνσταντῖνος
1569 921 1669 992 τὴν
1723 924 1961 995 ἀδελφὴν

363 1014 532 1069 αὐτοῦ
571 1015 651 1078 εἰς
676 1016 931 1083 γυναῖκα.
960 1015 1069 1067 Καὶ
1101 1015 1371 1085 ἀφορίσας
1399 1015 1550 1085 αὑτῷ
1601 1018 1797 1089 μοῖραν
1846 1017 1961 1072 ικα-

364 1108 463 1178 νὴν
488 1109 587 1178 τῆς
627 1106 915 1178 Ῥωμαίων
944 1108 1047 1178 γῆς
1071 1147 1086 1171 ,
1113 1107 1353 1172 ἀνέδειξε
1381 1107 1627 1178 βασιλέα,
1649 1110 1960 1180 ἀπαιτήσας

365 1199 514 1271 αὺτῷ
547 1200 822 1271 συνθήκας
858 1199 1024 1271 μηδὲν
1047 1199 1190 1253 κατὰ
1215 1198 1309 1254 τοῦ
1342 1201 1614 1273 δόγματος
1659 1205 1772 1256 τῶν
1824 1205 1962 1275 Χρι-

368 1291 601 1347 στιανῶν
633 1293 916 1364 πράττειν.
953 1293 1010 1346 '0
1040 1293 1095 1346 δὲ
1123 1294 1367 1358 Λικίνιος
1405 1296 1686 1367 κρατήσας
1718 1296 1818 1366 τῆς
1861 1298 1960 1368 ἁρ-

364 1384 487 1456 χῆς,
521 1386 620 1439 οὐκ
653 1386 852 1456 ήνεγκε
880 1384 978 1456 τὴν
1005 1385 1282 1455 εὐτυχίαν,
1310 1385 1422 1439 ἀλλ’
1452 1385 1640 1456 ὥσπερ
1664 1386 1836 1458 λήθην
1860 1387 1959 1441 λα.

366 1476 480 1531 ϐὼν
505 1476 615 1530 τῶν
636 1476 1066 1547 συμϐεϐηκότων
1090 1480 1205 1541 τοῖς
1254 1476 1363 1549 πρὸ
1417 1477 1581 1531 αὑτοῦ
1646 1480 1955 1550 τυράννοις,

366 1569 448 1632 εἰς
502 1567 951 1638 εἰδωλολατρείαν
1007 1567 1285 1633 ἐξώκειλε.
1343 1570 1454 1623 Καὶ
1500 1564 1575 1624 ὧν
1624 1571 1723 1642 τῆς
1754 1573 1960 1641 πικρᾶς

365 1662 754 1734 καταστροφῆς
784 1661 980 1730 Θεατὴς
1001 1660 1220 1730 γέγονε,
1258 1661 1466 1716 τούτων
1486 1662 1576 1717 τὸν
1605 1664 1717 1734 βίον
1747 1662 1959 1731 ἐζηλώ-

365 1771 476 1818 κει,
509 1755 953 1825 γυναικομανῶν,
988 1754 1195 1808 ἀδικῶν
1220 1756 1316 1810 καί⁵
1363 1756 1604 1827 φονεύων
1649 1758 1776 1822 τοὺς
1824 1757 1958 1827 Χρι·

367 1847 638 1909 στιανούς.
674 1844 717 1900 Τ
720 1847 862 1901 αῦτα
897 1846 1088 1918 μαθὼν
1120 1850 1148 1902 6
1182 1847 1368 1912 δοῦλος
1390 1847 1485 1901 τοῦ
1510 1848 1645 1901 Θεοῦ
1676 1850 1964 1903 Κωνσταν-

362 1942 511 2004 τίνος
532 1939 819 2007 σεϐαστός,
842 1942 939 1995 καὶ
959 1940 1244 2011 συσχεθεὶς
1268 1941 1334 2012 τῇ
1354 1940 1501 2013 λύπῃ
1529 1940 1766 2011 ἔγραψεν
1792 1940 1960 2011 αὐτῷ,

366 2030 651 2103 παραινῶν
681 2031 990 2100 ἀποστῆναι
1018 2033 1184 2086 αὐτὸν
1225 2033 1326 2101 τῆς
1381 2032 1523 2086 κατὰ
1562 2033 1672 2085 τῶν
1732 2033 1962 2103 Ἐκκλη-

368 2123 499 2179 σιῶν
538 2122 633 2177 τοῦ
662 2123 900 2196 Χριστοῦ
949 2125 1170 2193 μανίας.
1221 2125 1280 2177 '0
1300 2125 1357 2178 δὲ
1389 2126 1809 2195 καταφρονήσας
1860 2143 1964 2195 μα-

363 2219 674 2288 νικωτέρως
698 2216 791 2271 τὸν
811 2217 1049 2289 διωγμὸν
1073 2219 1461 2289 ἐχρήσατο,καί
1492 2218 1675 2272 λοιπον
1703 2218 1963 2290 κρυπτῶς

367 2311 510 2365 κατὰ
538 2310 631 2364 τοῦ
664 2310 958 2379 εὐεργέτου
987 2311 1286 2375 ἐπιϐουλάς
1317 2312 1554 2371 ἐπενόει.
1591 2310 1820 2382 ὕστερον
1868 2312 1962 2366 καὶ

364 2401 624 2474 δημόσιον
656 2402 895 2474 πόλεμον
927 2405 1245 2474 συνεκρότει
1278 2404 1400 2457 κατ’
1433 2404 1621 2465 αὐτοῦ,
1668 2405 1771 2459 ὑπὸ
1810 2404 1963 2468 θείας

365 2492 651 2564 δυνάμεως
681 2495 1096 2567 φρουρουμένου
1126 2496 1220 2548 τοῦ
1241 2496 1407 2549 αὐτοκ
1419 2496 1664 2568 ράτορος.
1690 2497 1799 2550 Καὶ
1832 2512 1963 2566 συμ-

365 2586 530 2655 ϐολῆς
551 2588 852 2658 γενομένης
888 2589 946 2642 ἐν
1004 2590 1117 2646 τοῖς
1163 2588 1263 2658 τῆς
1309 2584 1563 2653 Βιθυνίας
1607 2590 1820 2661 μέρεσι,
1864 2587 1961 2641 καὶ

363 2678 458 2732 τοῦ
486 2679 699 2745 ἐνδόξου
730 2679 967 2751 σταυροῦ
997 2681 1360 2751 προάγοντος,
1396 2682 1709 2753 ὑποχείριος
1743 2682 1959 2749 γένονεν

363 2773 392 2825 6
413 2770 644 2836 δείλαιος
685 2771 762 2843 τῷ
801 2773 1193 2844 αὐτοκράτορι,
1220 2764 1330 2838 ζῶν
1359 2773 1701 2843 συλληφθείς.
1763 2774 1958 2827 Φιλαν-

364 2862 600 2933 θρώπως
660 2864 717 2919 δὲ
761 2866 1112 2935 χρησάμενος
1166 2867 1193 2918 6
1233 2864 1375 2918 κατὰ
1427 2865 1605 2919 πάντα
1646 2867 1957 2935 πραότατος

366 2954 618 3024 βασιλεὺς
646 2956 726 3026 τῷ
746 2957 1021 3028 δυσμενεί,
1057 2957 1346 3009 ἐκέλευσεν
1369 2957 1533 3011 αὐτὸν
1581 2959 1638 3010 ἐν
1688 2958 1957 3011 Θεσσαλο-

2059 468 2416 524 Constantino
2450 468 2641 537 Magno
2675 467 2785 535 jam
2817 483 2997 527 rerum
3054 467 3329 538 potiente,
3382 466 3644 536 profunda

2060 559 2243 612 statim
2277 574 2407 628 pace
2435 570 2601 625 atque
2625 560 2735 614 otio
2760 560 3046 615 universus
3066 558 3213 614 orbis
3246 560 3350 613 frui
3375 559 3559 628 cmpit,
3594 559 3646 611 in

2061 650 2286 719 diesque
2330 651 2767 707 Christianorum
2836 668 2925 708 res
3003 652 3298 719 majoribus
3348 651 3649 704 incremen-

2063 743 2132 794 tis
2180 750 2305 795 sunt
2362 743 2635 809 adauctae,
2698 744 3022 810 cunctisque
3054 743 3104 796 in
3165 742 3414 810 gentibus
3445 740 3648 795 Christi

2059 847 2191 887 crux
2232 833 2552 902 glorificata.
2613 834 2822 890 Licinio
2888 845 3102 899 autem,
3158 835 3249 903 qui
3280 834 3376 903 ipsi
3427 833 3495 887 ad
3561 841 3649 904 ty-

2060 939 2261 988 rannos
2292 926 2357 980 de
2389 928 2567 983 medio
2605 927 2870 983 tollendos
2902 927 3086 982 socius
3131 925 3340 992 fuerat,
3373 924 3643 980 Constan-

2060 1016 2204 1071 tinus
2232 1034 2477 1075 sororem
2520 1036 2677 1074 suam
2730 1020 3081 1074 matrimonio
3146 1019 3365 1088 junxit,
3408 1028 3650 1086 partem-

2059 1123 2163 1178 que
2191 1111 2591 1177 provinciarnm
2616 1152 2630 1177 ,
2663 1127 2782 1181 quae
2804 1112 3050 1167 Romano
3096 1110 3361 1181 parebant
3394 1108 3648 1178 imperio,

2060 1215 2289 1268 eamque
2355 1201 2489 1256 satis
2538 1204 2771 1272 amplam
2842 1203 3153 1274 designans,
3224 1218 3407 1273 regem
3461 1201 3648 1257 decla-

2060 1295 2199 1347 ravit
2219 1334 2233 1358 ,
2269 1295 2369 1349 hac
2408 1295 2558 1363 prius
2589 1295 2655 1349 ab
2677 1311 2744 1351 eo
2768 1296 3081 1350 conditione
3115 1304 3382 1364 pactoque
3412 1303 3639 1355 exacto,

2058 1403 2129 1442 ne
2167 1387 2293 1457 quid
2326 1404 2563 1457 unquam
2597 1396 2787 1444 contra
2819 1387 3262 1442 Christianorum
3295 1387 3489 1457 dogma
3529 1399 3649 1441 mo-

2061 1479 2270 1533 lirctur.
2318 1477 2560 1536 Licinius
2609 1492 2789 1536 autem
2844 1479 2958 1549 jam
3017 1494 3244 1548 regnum
3299 1488 3647 1544 consecutus,

2060 1571 2442 1640 prosperisque
2472 1572 2633 1626 rebus
2670 1564 3003 1627 insolescens
3026 1570 3399 1639 oblivionique
3431 1570 3649 1625 tradens

2062 1676 2182 1729 qua:
2233 1661 2476 1731 tyrannis
2513 1672 2638 1717 ante
2669 1678 2727 1717 se
2765 1674 3083 1729 evenerant,
3118 1661 3187 1717 ad
3238 1661 3471 1732 primum
3521 1659 3650 1714 deo-

2067 1769 2184 1808 rum
2247 1755 2454 1810 cultum
2528 1770 2828 1811 conversus
2883 1765 3003 1822 est,
3071 1764 3127 1810 et
3177 1768 3409 1825 quorum
3471 1751 3649 1807 infeli-

2066 1862 2181 1901 cem
2239 1848 2440 1901 exitum
2495 1856 2889 1917 conspexerat,
2941 1861 3129 1902 eorum
3179 1846 3348 1900 vitam
3402 1844 3648 1899 imitatus

2066 1938 2409 1995 Christianos
2468 1950 2644 1995 morte
2717 1940 2978 2009 omnique
3047 1936 3373 1993 contumelia
3444 1935 3647 1990 aﬂ‘ecit.

2064 2031 2218 2098 Quod
2266 2015 2639 2088 ubi-rescivit
2707 2032 3132 2096 Constantinus,
3191 2045 3391 2101 magno
3465 2028 3650 2084 dolore

2067 2124 2379 2193 perculsus,
2456 2134 2639 2181 monet
2690 2140 2848 2188 eum,
2924 2134 2984 2180 ut
3049 2125 3118 2180 ab
3178 2124 3281 2179 hac
3341 2136 3542 2177 vesana
3594 2123 3647 2174 in

2065 2216 2265 2273 Christi
2346 2217 2618 2274 Ecclesiae
2690 2219 2844 2274 rabie
2918 2217 3231 2280 abstineat;
3300 2214 3496 2285 quibus
3562 2214 3651 2267 ille

2065 2314 2295 2378 spretis,
2345 2310 2504 2378 longe
2550 2310 2901 2379 impotentius
2960 2309 3014 2363 in
3060 2307 3393 2364 Christianis
3460 2318 3651 2376 perse-

2064 2404 2295 2475 quendis
2344 2404 2707 2459 debacchatus
2735 2411 2852 2469 est,
2878 2417 2943 2457 ac
2977 2403 3213 2474 primum
3267 2401 3485 2471 quidem
3548 2415 3648 2454 oc-

2066 2496 2205 2552 culte
2239 2507 2428 2550 contra
2462 2512 2610 2562 eum,
2642 2511 2670 2550 a
2706 2509 2812 2566 quo
2842 2494 3008 2549 tantis
3039 2493 3321 2550 beneficiis
3341 2491 3650 2547 cumulatus

2066 2588 2276 2654 fuerat,
2317 2587 2543 2643 consilia
2591 2587 2984 2657 machinasque
3033 2587 3173 2642 inire
3227 2586 3426 2657 coepit,
3462 2594 3647 2655 postea

2064 2696 2193 2735 vero
2230 2681 2282 2735 in
2315 2678 2666 2735 manifestum
2718 2681 2979 2736 adversus
3036 2680 3420 2750 imperatorem
3469 2678 3651 2734 divina

2062 2773 2264 2827 virtute
2296 2773 2630 2827 custoditum
2662 2813 2678 2840 ,
2728 2772 2906 2842 erupit
2942 2770 3174 2826 bellum.
3217 2770 3517 2825 Commissa
3549 2769 3652 2823 ita-

2061 2879 2167 2935 que
2221 2879 2397 2933 pugna
2458 2865 2511 2918 in
2561 2863 2829 2935 Bithynia:
2884 2864 3165 2932 partibus,
3223 2873 3275 2917 et
3346 2860 3650 2916 venerabili

2061 2970 2224 3009 cruce
2251 2955 2619 3024 praecedente,
2659 2956 2815 3008 vivus
2852 2962 3046 3023 captus
3081 2952 3135 3006 in
3169 2967 3360 3006 manus
3419 2950 3649 3007 Caesaris

364 3048 490 3119 νίκῃ
545 3046 751 3114 διάγειν
797 3048 1159 3118 ἡσυχάζοντα.
1206 3049 1264 3101 '0
1309 3048 1364 3101 δὲ
1429 3049 1623 3120 μικρὸν
1672 3050 1952 3119 ήσυχὰσας

2063 3046 2246 3100 infelix
2289 3045 2524 3101 devenit.
2574 3045 2879 3114 imperator
2944 3053 3128 3101 autem
3182 3059 3303 3099 cum
3347 3051 3495 3098 esset
3546 3041 3651 3096 mi-

362 3138 621 3212 ιφωράθη
665 3138 974 3210 βαρϐάρους
1022 3139 1175 3203 τινάς
1232 3139 1644 3210 μισθωσάμενος
1701 3142 1838 3211 πρὸς
1888 3141 1948 3193 τὸ

363 3228 520 3293 αὖθις
551 3230 1001 3300 ἀναμαχέσασθαι
1030 3246 1045 3262 ⁸
1077 3230 1262 3301 μαθὼν
1292 3232 1347 3284 δὲ
1382 3232 1554 3285 ταῦτα
1592 3234 1619 3285 ὁ
1652 3233 1947 3286 Κωνστανο

359 3320 510 3385 τίνος
565 3320 851 3375 ἐκέλευσεν
891 3321 1194 3392 κεφαλικήν
1237 3323 1399 3376 αὐτὸν
1448 3324 1743 3393 ὑποστῆναι
1775 3340 1948 3394 τιμω-

368 3412 508 3481 ρίαν.
533 3413 668 3467 Τότε
706 3412 928 3478 τελείως
961 3414 1032 3467 τά
1066 3415 1365 3483 πράγματα
1390 3416 1622 3487 ἡσυχίας
1649 3417 1741 3469 καὶ
1781 3414 1951 3487 γαλή-

364 3521 460 3575 νης
500 3506 784 3577 άπήλαυσε
813 3510 881 3579 τῇ
906 3506 998 3562 τοῦ
1026 3507 1263 3578 σταυροῦ
1286 3509 1538 3579 ἀηττήτῳ
1559 3508 1806 3578 δυνάμει,
1850 3508 1952 3577 τῆς

363 3598 472 3653 τῶν
493 3600 770 3670 τυράννων
807 3600 1114 3672 μοχθηρίας
1134 3601 1559 3671 ἀπαλλαγείσης.

434 3864 570 3917 Κατ’
601 3865 808 3917 ἐκεῖνον
836 3864 927 3917 τὸν
953 3864 1144 3934 χρόνον
1194 3865 1224 3918 6
1270 3866 1369 3935 τῆς
1430 3865 1617 3927 Δίλίας
1655 3867 1956 3932 ἐπίσκοπος

363 3957 649 4029 Μακάριος
679 3957 708 4010 6
738 3954 1061 4027 φερώνυμος
1106 3953 1176 4028 ἦν
1214 3957 1501 4026 Ἐρμωνᾶν
1545 3958 1953 4031 διαδεξάμενος.

377 4048 438 4101 '0
461 4047 520 4101 δὲ
561 4047 735 4116 μέγας
788 4049 1198 4111 Κωνσταντῖνος
1249 4050 1608 4120 μονοκράτωρ
1660 4051 1956 4122 γενόμενος

365 4140 547 4193 πᾶσαν
567 4140 668 4208 τὴν
691 4138 951 4209 φροντίδα
984 4139 1061 4202 εἰς
1106 4140 1177 4194 τά
1224 4141 1344 4194 θεῖα
1389 4142 1749 4212 μετήνεγκεν,
1804 4142 1954 4195 ἀνοι-

365 4229 610 4301 κοδομῶν
644 4229 942 4299 ἐκκλησίας
967 4233 1061 4284 καὶ
1108 4232 1407 4304 φιλοτίμως
1429 4233 1674 4288 πλουτῶν
1706 4235 1875 4302 αὐτὰς
1892 4238 1957 4291 ἐκ

363 4322 460 4376 τοῦ
513 4322 772 4394 δημοσίου
799 4322 960 4391 λόγου
1004 4323 1062 4376 ἓν
1092 4341 1153 4377 τε
1202 4326 1451 4397 χρήμασι
1474 4327 1571 4381 καὶ
1604 4328 1952 4398 ἀναλώμασι,

2060 3140 2327 3201 tissimus,
2392 3137 2783 3192 humanissime
2846 3150 2973 3191 eum
3046 3144 3320 3199 tractans,
3385 3132 3550 3201 jussit
3593 3141 3651 3184 ut

2056 3230 2460 3285 Thessalonica:
2526 3229 2715 3285 vivens
2795 3225 3042 3283 modeste
3127 3241 3186 3281 se
3249 3233 3495 3295 gereret,
3555 3226 3649 3291 qui

2057 3312 2274 3393 paulum
2308 3322 2438 3377 inibi
2474 3321 2764 3393 quiescens
2785 3357 2800 3384 ,
2829 3334 2952 3373 mox
2991 3318 3057 3372 ad
3094 3318 3372 3387 ingenium
3406 3316 3645 3379 rediens,

2057 3414 2322 3470 barbaros
2373 3414 2643 3484 stipendio
2679 3412 2936 3467 conduxit
2996 3412 3061 3464 ad
3105 3411 3301 3465 bellum
3342 3420 3653 3464 restauran-

2058 3507 2222 3571 dum,
2277 3522 2387 3577 quo
2437 3507 2656 3578 cognito
2706 3505 2881 3577 capite
2937 3518 3059 3561 eum
3119 3517 3309 3572 Poenas
3371 3501 3651 3556 exsolvere

2060 3598 2456 3653 Cotistantinus
2509 3598 2797 3668 praecepit.
2855 3596 2934 3650 Ac
2968 3604 3094 3648 tunc
3149 3594 3367 3649 demum
3412 3592 3649 3664 perfecta

2063 3689 2427 3759 tranquillitas
2463 3691 2729 3760 quiesque
2760 3689 2922 3743 rebus
2946 3688 3068 3741 data
3094 3696 3197 3752 est,
3227 3685 3404 3741 crucis
3436 3685 3650 3739 invictae

2062 3778 2291 3845 virtute,
2339 3787 2697 3846 tyrannorum
2733 3777 3080 3846 improbitate
3120 3775 3357 3832 sublata.

2131 3870 2335 3929 Eodem
2385 3881 2630 3942 tempore
2678 3870 2836 3926 JElia:
2870 3869 3159 3941 episcopus
3211 3868 3483 3926 Macarius
3516 3869 3650 3925 lier-

2064 3964 2209 4019 moni
2238 3964 2506 4019 succedit.
2546 3964 2681 4021 Cum
2714 3967 2780 4021 ad
2845 3981 3009 4020 unum
3060 3963 3171 4034 jam
3228 3966 3644 4022 Constantinum

2065 4055 2347 4123 imperium
2379 4055 2704 4123 devenisset,
2731 4071 2948 4111 omnem
3002 4057 3416 4113 sollicitudinem
3448 4060 3515 4112 ad
3563 4073 3649 4112 res

2064 4147 2273 4202 divinas
2303 4148 2599 4215 transtulit,
2628 4148 2937 4220 templaque
2965 4160 3257 4206 exstruens
3279 4191 3294 4217 ,
3334 4161 3391 4207 et
3418 4134 3646 4220 benigne

2067 4241 2316 4311 pecuniis
2365 4242 2696 4313 reliquisque
2727 4226 2987 4313 impensis
3027 4243 3271 4307 dotavit,
3302 4258 3367 4297 ac
3414 4243 3645 4311 primam

2067 4332 2239 4402 legem
2272 4334 2427 4403 tulit,
2459 4343 2516 4388 ut
2545 4352 2662 4404 qua:
2695 4334 2852 4392 idolis
2876 4334 3058 4393 oll'erri
3087 4336 3247 4393 solita
3279 4343 3464 4400 erant,
3490 4335 3667 4389 Chri-i

364 4417 459 4468 καὶ
489 4416 767 4479 παντοίοις
799 4408 1126 4486 κειμηλίοις,
1155 4416 1251 4470 καὶ
1276 4417 1493 4488 πρῶτον
1537 4419 1701 4489 νόμον
1741 4419 1949 4492 ἔγραψε

2063 4426 2353 4481 stianorum
2405 4426 2665 4483 Ecclesiis
2701 4428 3000 4493 darentur,
3045 4437 3100 4484 et
3139 4437 3197 4483 ut
3244 4427 3338 4498 qui
3390 4426 3647 4496 deinceps

364 4506 710 4561 ἀποδίδοσθαι
768 4507 838 4561 τὰ
896 4510 1014 4571 τοῖς
1068 4507 1310 4573 εἰδώλοις
1341 4510 1710 4583 άφιερωμένα
1737 4512 1850 4584 (54)
1884 4516 1951 4585 τῇ

2063 4517 2195 4572 idola
2252 4518 2431 4573 colere
2489 4518 2606 4575 ausi
2676 4519 2946 4585 fuissent,
3012 4521 3187 4593 capite
3246 4520 3644 4591 plecterentur;

364 4596 476 4650 τῶν
497 4597 842 4667 Χριστιανῶν
871 4597 1197 4671 Ἐκκλησία,
1235 4601 1331 4654 καὶ
1374 4602 1502 4666 τοὺς
1541 4602 1622 4656 ἔτι
1666 4603 1955 4658 εἰδωλολα-

2063 4611 2290 4666 alteram
2347 4612 2475 4666 item
2528 4612 2699 4684 legem
2764 4613 2981 4683 scripsit
3034 4624 3093 4669 ut
3139 4613 3469 4670 Christianis
3517 4612 3646 4667 solis

364 4686 629 4759 τροῦντας
658 4689 984 4759 κεφαλικαῖς
1015 4692 1349 4761 ὑφίστασθαι
1388 4695 1686 4767 τιμωρίαις
1705 4711 1719 4726 ⁶
1760 4696 1948 4750 δεύτε-

2063 4703 2290 4761 militare
2342 4703 2560 4770 liceret,
2593 4705 2804 4775 ipsique
2862 4708 2916 4761 in
2946 4718 3136 4779 gentes
3172 4706 3241 4762 ac
3274 4707 3473 4760 milites
3538 4707 3644 4761 im-

368 4796 463 4871 ρον
494 4780 659 4849 νόμον
704 4781 937 4852 ἔγραψε,
990 4784 1356 4853 Χριστιανοὺς
1398 4787 1597 4857 μόνους
1657 4790 1955 4861 στρατεύε-

2063 4794 2264 4866 perium
2296 4795 2595 4861 haberent;
2630 4796 2848 4851 tertiam
2891 4797 3110 4867 insuper
3138 4800 3310 4854 edidit
3340 4801 3507 4871 legem
3529 4840 3543 4860 .
3579 4817 3648 4854 ne

368 4870 514 4938 σθαι,
547 4873 715 4926 ἐθνῶν
743 4891 803 4926 τε
869 4875 964 4929 καὶ
1023 4879 1402 4949 στρατοπέδων
1468 4880 1691 4946 τούτους
1740 4883 1950 4956 ἄρχειν.

2064 4885 2193 4955 quid
2260 4886 2441 4955 operis
2493 4887 2544 4940 in
2609 4886 2944 4944 hebdomade
2999 4888 3279 4946 Passionis
3346 4891 3638 4951 salutaris.

366 4961 561 5032 Τρίτον
589 4965 752 5035 νόμον
776 4964 1002 5037 ἔγραψε,
1059 4969 1373 5041 ἀπράκτους
1427 4967 1568 5026 εἶναι
1622 4973 1722 5045 τήν
1754 4991 1811 5026 τε
1860 4975 1954 5029 τοῦ

2065 4994 2241 5047 neque
2266 4978 2317 5031 in
2351 4977 2683 5033 hebdomade
2719 4978 3126 5046 Renovationis,
3157 4997 3414 5037 exercere
3438 4981 3642 5043 liceret,

369 5059 640 5126 σωτηρίου
691 5057 899 5122 πάθους
924 5060 1218 5133 ἑϐδομάδα,
1247 5063 1345 5117 καὶ
1399 5061 1488 5135 τὴν
1527 5064 1629 5133 τῆς
1656 5067 1954 5137 Διακαινη-

2067 5070 2273 5138 fuitque
2316 5069 2574 5139 deinceps
2625 5083 2731 5138 pax
2787 5070 2895 5125 alta
2927 5080 2983 5126 et
3040 5072 3225 5127 laetitia
3278 5070 3331 5125 in
3392 5071 3645 5124 universo

369 5145 530 5217 σίμου
562 5145 829 5220 (55).Καί
861 5146 928 5222 ἦν
953 5154 1136 5207 λοιπὸν
1182 5154 1372 5227 εἰρήνη
1421 5153 1614 5225 βαθεῖα
1666 5157 1760 5210 καὶ
1813 5159 1957 5231 χαρά

2064 5159 2229 5225 orbe,
2290 5160 2544 5215 omnibus
2578 5160 2891 5217 nationibus
2943 5162 3009 5215 ad
3069 5160 3310 5216 divinum
3380 5160 3643 5229 baptisma

1889 5342 2119 5402 ΝΟΤιΕ.

444 5421 580 5503 (δά).
609 5421 739 5503 S_t:h.
785 5424 1159 5503 ’ᾼποδίδοσθαι
1188 5434 1332 5503 Δτοίις
1371 5431 1477 5503 τῶν
1511 5432 1749 5488 εἰδώλων
1793 5436 1954 5500 ναοὺς

328 5504 331 5507 ’
366 5494 480 5575 ’ξοῖς
499 5494 593 5575 ,τίῆ
628 5494 866 5575 Χρισῖῷ,
900 5499 1334 5575 ἀφιερουμένοις.
1379 5502 1545 5557 Paulo
1595 5516 1733 5574 post,
1769 5494 1952 5575 Κεφαῖ

368 5563 551 5637 λικαζς
577 5564 931 5637 ἐπιτιμᾶσθαι
953 5563 1275 5637 τιμωρίαις.

442 5634 554 5702 (55)
593 5634 663 5714 Ita
702 5634 1042 5714 ξιτιιιωιιιιιιίι
1076 5634 1127 5692 ιιι
1163 5641 1478 5714 legendum:
1513 5656 1589 5697 i-st
1618 5657 1796 5698 autnm
1820 5647 1951 5702 heb-

369 5706 556 5761 domas
578 5705 675 5774 τῆς
703 5705 1141 5780 διακαινησίμου,
1176 5705 1455 5767 orbi/omns
1507 5718 1796 5785 pass/talis,
1845 5736 1949 5791 qua

2061 5439 2388 5508 resurrectio
2437 5440 2647 5495 Domini
2680 5441 3006 5497 celebratur.
3051 5440 3108 5496 ιιι
3150 5441 3378 5495 ostendo
3408 5441 3640 5508 primum

2060 5506 2370 5565 tcsumonio
2413 5510 2634 5565 Maximi
2681 5510 3249 5582 Margunii,_episcopi
3287 5506 3501 5582 Graeci,
3549 5512 3639 5579 qui

2056 5582 2343 5637 Consultus
2383 5582 2646 5650 quidnam
2686 5580 2819 5635 hoc‘
2847 5580 3110 5636 vocabulo
3157 5581 3515 5649 signiﬁcetur,
3550 5597 3640 5634 re-

2055 5652 2272 5722 spondit
2302 5652 2385 5722 his
2438 5651 2619 5707 verbis
2645 5656 2661 5704 :’
2719 5652 3051 5722 Σημαίνεται
3087 5652 3218 5721 παρ’
3250 5654 3379 5721 ἡμῖν
3401 5651 3487 5706 διὰ
3517 5653 3639 5705 τού·

2056 5738 2146 5774 του
2180 5721 2271 5777 τοῦ
2296 5721 2560 5792 ὀνόματος
2596 5722 2691 5793 ὅλη
2730 5721 2995 5796 ἡπρώτη
3058 5724 3293 5796 saepe;
3344 5726 3440 5797 τῆς
3483 5726 3643 5778 Ἀνα-
