4036 6226
318 276 457 343 4061

1282 280 1378 340 DE
1419 276 1896 341 INVENTIONE
1937 275 2247 338 SANCTIE
2286 274 2587 335 CRUCIS.

3472 274 3618 339 40C?

318 392 376 447 δέ
414 391 512 445 σὺν
542 390 727 454 αὐτοῖς
759 391 787 443 6
816 388 1175 461 πανεύφημος
1200 390 1294 443 καὶ
1336 391 1511 461 μέγας
1566 391 1908 444 Κωνσταντῖο

2028 389 2176 446 aliam
2208 386 2452 442 interfuit
2501 387 2615 456 ipse
2648 385 2735 440 ille
2787 400 3018 455 magnus
3080 386 3433 456 omniumque
3466 408 3604 458 ιιι-ω.

275 502 286 509 ·
318 499 431 547 νος,
490 481 585 535 καὶ
625 479 692 552 δὴ
731 481 830 552 τῆς
889 480 1201 544 ὑποθέσεως
1244 480 1586 553 κινηθείσης,
1639 480 1917 553 ἔγγραφον

323 573 561 638 πίστεως
624 571 843 626 ἔκθεσιν
870 572 1201 644 ἐξήνεγκαν,
1243 573 1342 643 τὴν
1369 573 1511 626 κατὰ
1542 573 1728 626 πᾶσαν
1786 573 1915 627 Ἐκ-

320 668 551 739 κλησίαν
603 645 931 740 ὀρθοδὸξωξ
966 667 1062 721 νῦν
1094 666 1609 738 ἀπαγγελλομένην.
1669 668 1809 733 Τοὺς
1861 668 1918 722 δέ

324 763 453 833 περὶ
487 763 705 834 Ἀρειον
722 761 1085 833 ἐπιμένοντας
1112 764 1177 832 τῇ
1203 761 1494 833 κακοδοξίᾳ
1537 763 1715 833 ἀπεκή
1728 763 1914 833 ρυξαν,

326 856 424 911 καὶ
448 854 738 924 ἐξώρισαν,
771 856 869 909 καὶ
907 854 1396 925 ἐχειροτονήθησαν
1444 854 1626 926 ἕτεροι
1666 857 1785 910 ἀντ’
1823 858 1917 910 αύ-

321 946 452 1001 τῶν.
519 946 1021 1017 Φιλοτιμησάμενος
1069 944 1126 997 δέ
1184 947 1211 997 6
1263 943 1520 1015 βασιλεὺς
1582 947 1918 1012 ἐπισκόπους

324 1042 420 1094 καὶ
446 1040 840 1110 ἀσπασάμενος
869 1038 1106 1092 ἀπέλυσε
1139 1039 1256 1108 μετ’
1286 1040 1510 1110 εἰρήνης
1540 1040 1619 1101 είς
1655 1041 1753 1104 τὰς
1779 1040 1916 1106 ἰδίας

325 1133 640 1203 παροικίας,
695 1131 906 1205 χαίρων
954 1131 1048 1185 ἐπὶ
1068 1132 1134 1203 τῇ
1190 1130 1479 1202 συμφωνίᾳ
1514 1130 1626 1185 τῶν
1679 1131 1915 1203 Ἐκκλη-

327 1242 480 1281 σιων.

396 1499 848 1571 Παρεκελεύσατο
875 1499 934 1553 δὲ
975 1498 1054 1571 τῷ
1077 1500 1178 1573 τῆς
1221 1498 1414 1563 Αίλίας
1454 1499 1743 1569 ἐπισκόπῳ
1789 1500 1914 1552 Μα-

268 1665 272 1667 Α
327 1591 507 1664 καρίῳ
537 1592 769 1665 παρόντι
802 1594 861 1649 ἐν
915 1589 983 1665 τῇ
1011 1594 1239 1665 συνόδῳ,
1264 1594 1360 1646 καὶ
1389 1591 1499 1645 τῶν
1540 1590 1915 1646 ἀποστολικῶν

324 1686 612 1755 δογμάτων
659 1685 1094 1758 ὑπερμαχοῦντι,
1134 1685 1608 1758 άναζητῆσαιλτδν
1650 1683 1915 1747 ζωοποιὸν

2023 477 2182 532 conio
2252 477 2607 544 dignissimus
2650 474 3059 532 Constantinus.
3106 477 3350 545 Cumque
3386 494 3471 533 res
3505 489 3613 532 tra-

2021 566 2165 619 ctari
2200 576 2380 634 empta
2429 576 2594 628 esset,
2634 566 2757 621 lidei
2786 566 3182 636 expositionem
3224 568 3420 623 litteris
3454 586 3613 624 mau-

2022 657 2205 710 datam
2260 659 2582 724 ediderunt,
2614 674 2735 728 quae
2795 673 2942 713 nunc
2992 659 3091 713 rite
3152 675 3248 729 per
3302 660 3612 717 universam

2019 746 2316 803 Ecclesiam
2366 751 2767 817 pronuntiatur.
2813 750 2920 805 Eos
2952 760 3137 805 autem
3187 752 3277 822 qui
3336 755 3392 805 in
3440 768 3607 819 prava

2018 840 2134 895 Arii
2181 841 2436 911 opinione
2476 853 2923 912 permanserant,
2959 859 2988 897 a
3020 858 3119 898 suo
3162 859 3393 914 corpore
3426 846 3613 900 absci-

2019 932 2249 998 derunt,
2305 934 2608 1004 exsilioque
2668 936 3043 1003 damnarunt,
3134 936 3260 991 aliis
3314 937 3367 990 in
3424 952 3614 992 eorum

2018 1022 2193 1077 locum
2231 1027 2470 1092 creatis;
2531 1029 2772 1083 maximo
2826 1038 3008 1083 autem
3058 1029 3265 1083 honore
3318 1030 3618 1099 imperator

2016 1117 2306 1186 episcopos
2371 1118 2659 1184 alliciens,
2729 1136 2935 1191 eosque
2995 1137 3158 1190 quam
3220 1123 3617 1178 humanissime

2016 1209 2403 1278 complectens,
2461 1214 2936 1282 congregationem
2984 1229 3109 1269 cum
3148 1229 3281 1284 pace
3332 1215 3606 1283 dissolvit,

2017 1303 2243 1373 gavisus
2301 1318 2466 1373 supra
2523 1304 2742 1360 modum
2775 1315 3000 1376 propter
3056 1307 3368 1362 unanimem
3422 1307 3613 1363 Eccle—

2017 1411 2096 1451 812
2106 1412 2164 1448 ΙῚΙ
2174 1413 2223 1449 111
2273 1411 2602 1452 (201186118οω
2614 1434 2628 1452 ο

2092 1487 2373 1543 Mandavit
2400 1497 2584 1546 autem
2640 1488 2881 1546 Macario
2908 1488 3143 1545 Alliensi
3197 1496 3476 1560 episcopo,
3517 1490 3609 1557 qui

2016 1592 2072 1637 et
2104 1582 2222 1653 ipse
2275 1584 2487 1655 synodo
2533 1581 2885 1647 interfuerat,
2933 1596 2989 1638 et
3022 1599 3120 1654 pro
3149 1583 3468 1653 apostolicis
3516 1585 3617 1637 do-

2018 1674 2297 1745 gmatibus
2337 1676 2540 1730 acriter
2590 1684 2953 1746 pugnaverat,
2990 1686 3049 1729 ut
3083 1677 3134 1729 in
3185 1674 3403 1729 vivilica
3453 1689 3618 1729 cruce

326 1749 563 1850 σταυρὸν
592 1819 606 1844 ,
638 1779 734 1831 καὶ
863 1749 1166 1849 θεόληπτον
1189 1749 1403 1849 μνῆ-μα,
1429 1749 1524 1831 καὶ
1548 1777 1757 1840 πάντας
1785 1776 1916 1840 τοὺς

2028 1768 2318 1835 quaerenda
2350 1765 2721 1837 sepulcroque
2771 1768 2959 1822 divino
3016 1782 3081 1823 ac
3122 1769 3354 1838 reliquis
3412 1769 3618 1823 sanctis

327 1872 516 1938 ἁγίους
548 1871 769 1935 τόπους,
803 1872 903 1925 καὶ
951 1873 1079 1936 τοὺς
1124 1872 1321 1935 ἄλλους
1350 1871 1686 1934 ἐπισκόπους
1714 1868 1916 1941 ὁμοίως

325 1964 703 2037 προετρέψατο
736 1965 1091 2035 αἰτήσασθαι,
1130 1965 1266 2019 εἴτι
1316 1966 1520 2036 συνορᾷ
1561 1964 1701 2034 πρὸς
1732 1964 1915 2034 ἀπαρ-

323 2058 522 2127 τισμὸν
548 2058 778 2120 ἕκαστος
803 2058 902 2128 τῆς
935 2058 1072 2121 ίδίας
1113 2057 1438 2129 Ἐκκλησίας
1472 2074 1485 2089 °
1538 2053 1606 2128 ἦν
1644 2057 1701 2110 δέ
1731 2059 1918 2111 ἐννεα-

324 2150 650 2215 καιδέκατος
675 2150 775 2222 τῆς
791 2150 1070 2222 βασιλείας
1104 2151 1271 2206 αὐτοῦ
1295 2152 1556 2216 ἐνιαυτὸς,
1588 2152 1676 2205 ὅτε
1700 2152 1919 2220 ἐγένετο

326 2248 359 2316 ὴ
391 2246 536 2299 κατὰ
574 2245 813 2299 Νίκαιαν
841 2244 1082 2310 σύνοδος.
1117 2246 1272 2300 Μετά
1309 2247 1484 2301 ταῦτα
1522 2245 1848 2300 ἀπέστειλεν
1887 2245 1918 2299 6

329 2338 582 2409 βασιλεὺς
616 2338 812 2394 ἑαυτοῦ
843 2338 1062 2411 μητέρα
1100 2320 1451 2410 Ἑλένηντὴν
1477 2339 1795 2404 ἀξιέπαινον
1821 2339 1918 2393 καὶ

327 2431 552 2501 θεοφιλῆ
584 2434 666 2495 είς
697 2431 1049 2502 Ἰεροσόλυμα
1087 2433 1227 2502 μετά
1275 2423 1620 2503 γραμμάτων
1657 2431 1753 2485 καὶ
1778 2449 1917 2502 χρη-

333 2519 521 2591 μάτων
550 2519 815 2588 ἀφθονίας
861 2521 996 2592 πρὸς
1026 2521 1117 2575 τὸν
1145 2521 1433 2591 Μακάριον
1468 2521 1579 2593 (57)
1617 2520 1917 2592 Ἱεροσολύ-

330 2631 470 2684 μων,
505 2612 600 2666 ἐπὶ
632 2614 965 2684 ἀναζητήσει
1018 2615 1112 2668 τοῦ
1146 2613 1411 2679 ζωοποιοῦ
1458 2612 1616 2679 ξύλου
1662 2614 1796 2683 (58),
1820 2613 1920 2667 καὶ

329 2706 587 2777 οἰκοδομῇ
626 2705 737 2759 τῶν
767 2706 941 2775 ἁγίων
963 2707 1170 2772 τόπων,
1210 2706 1384 2777 αὐτῆς
1417 2706 1795 2778 αἰτησαμένης
1818 2707 1919 2777 τῆς

332 2797 625 2869 βασιλίδος,
675 2797 992 2869 φασκούσης
1043 2798 1315 2852 ὀπτασίαν
1377 2799 1531 2851 θείαν
1588 2800 1917 2869 ἐωρακέναι,

327 2890 661 2947 κελεύουσαν
713 2891 849 2962 αὐτῇ
878 2892 972 2969 ,τά
1018 2891 1371 2963 Ἰεροσόλυμα
1427 2889 1777 2956 καταλαϐεῖν,
1825 2891 1921 2944 καὶ

286 3024 293 3029 .
327 2983 456 3047 τοὺς
486 2983 676 3051 ἁγίους
705 2984 905 3046 τόπους
935 2985 1015 3047 είς
1049 2984 1165 3052 φῶς
1205 2985 1435 3053 ἀγαγεῖν
1473 2983 1788 3055 χωσθέντας
1815 2982 1922 3036 ὑπὸ

2022 1858 2408 1929 religiosisqne
2439 1858 2575 1914 locis
2610 1859 3013 1930 investigandis
3034 1876 3253 1916 omnem
3281 1861 3617 1929 diligentiam

2018 1949 2327 2006 abhiberet.
2356 1951 2537 2006 Etiam
2572 1952 2708 2007 alios
2736 1954 3024 2021 episcopos
3059 1962 3149 2008 est
3197 1953 3519 2009 adhortatus
3560 1965 3620 2008 ut

2021 2048 2238 2114 peteret
2266 2043 2665 2113 unusquisque,
2687 2044 2831 2113 quod
2860 2044 2926 2097 ad
2954 2042 3346 2113 perfectionem
3379 2060 3491 2099 sua:
3516 2044 3621 2100 Ec-

2021 2135 2209 2192 clesia:
2238 2137 2611 2192 necessarium
2638 2151 2766 2193 esse
2799 2146 3075 2193 cerneret.
3123 2138 3406 2207 Agebatur
3433 2139 3619 2192 autem

2021 2230 2267 2287 decimus
2315 2246 2491 2286 nonus
2523 2230 2739 2301 imperii
2774 2230 2891 2300 ejus
2952 2247 3131 2287 annus
3155 2271 3172 2298 ,
3202 2232 3423 2303 quando
3470 2232 3620 2287 facta

2019 2330 2104 2377 est
2137 2320 2378 2392 synodus
2405 2318 2649 2378 Nicama.
2669 2321 2800 2378 Post
2819 2323 2960 2378 hanc
2979 2323 3132 2378 misit
3159 2323 3462 2394 imperator
3503 2338 3619 2377 ma-

2020 2421 2159 2469 trem
2181 2429 2340 2469 suam
2376 2412 2663 2481 Helenam,
2684 2414 2969 2471 mulierem
2988 2416 3139 2470 omni
3167 2416 3386 2471 laudum
3412 2430 3616 2487 genere

2020 2506 2456 2573 ornatissimam,
2497 2522 2627 2562 cum
2661 2508 2880 2573 litteris,
2943 2524 3255 2580 magnaque
3278 2512 3525 2579 pecuniae
3567 2526 3620 2563 γι

2021 2599 2087 2653 ad
2117 2597 2418 2655 Macarium
2458 2597 2762 2656 JElieusem
2787 2600 3131 2671 episcopum,
3171 2610 3231 2657 ut
3262 2618 3368 2657 una
3395 2618 3517 2657 cum
3555 2618 3621 2658 eo

2020 2691 2300 2748 viviﬁcum
2332 2693 2536 2764 lignum
2578 2694 2971 2764 investigaret,
3005 2710 3277 2765 sacraque
3298 2695 3414 2749 loca
3446 2695 3623 2749 aedili-

2021 2784 2124 2841 ciis
2172 2796 2494 2854 exornaret,
2527 2786 2582 2841 id
2631 2786 2807 2855 ipsum
2856 2794 3192 2857 exposcente
3244 2789 3619 2856 imperatrice,

2021 2888 2419 2947 asserenteque
2449 2878 2690 2935 divinam
2734 2880 3001 2933 visionem
3048 2879 3156 2935 sibi
3199 2879 3437 2935 oblatam
3459 2919 3474 2945 ,
3500 2895 3623 2952 quae

2016 2969 2249 3041 jusserit
2280 2980 2342 3026 ut
2376 2969 2810 3042 Hierosolymam
2854 2986 2978 3027 sese
3021 2973 3326 3042 reciperet,
3383 2981 3434 3025 et
3458 2986 3622 3027 sacra

326 3073 436 3127 τῶν
469 3075 711 3146 ἀνόμων,
745 3075 839 3127 καὶ
862 3076 1091 3145 ἀφανεῖς
1121 3068 1469 3145 γενομένους,
1500 3074 1594 3128 ἐπὶ
1632 3073 1920 3138 τοσούτους

2028 3062 2143 3118 loca
2167 3061 2237 3116 ab
2265 3061 2531 3132 improbis
2561 3062 2779 3126 obruta,
2813 3070 2867 3115 et
2894 3069 3046 3115 tanto
3075 3071 3321 3130 tempore
3347 3076 3413 3115 ex
3448 3061 3625 3116 homi-

327 3166 575 3238 χρόνους.
624 3165 830 3220 Μαθὼν
873 3166 930 3221 δέ
973 3169 1001 3221 ὁ
1054 3168 1355 3230 ἐπίσκοπος
1417 3168 1762 3238 ἀφικομένην
1819 3168 1921 3237 τὴν

333 3257 603 3328 βασιλίδα,
638 3259 736 3311 σὺν
762 3259 862 3327 τῆς
895 3258 1165 3329 ἐπαρχίας
1193 3259 1514 3324 ἐπισκόποις
1537 3260 1821 3330 ἀπήντησε
1853 3261 1920 3329 τῇ

335 3350 568 3422 βασιλίδι
611 3351 748 3423 (59).
782 3350 1001 3415 Εὐθέως
1057 3352 1115 3405 δὲ
1160 3352 1605 3424 παρεκελεύσατο
1626 3355 1742 3416 τοῖς
1796 3354 1921 3405 ἐπι-

332 3442 556 3506 σκόποις
586 3443 684 3513 τὴν
714 3442 942 3513 ζήτησιν
971 3441 1066 3495 τοῦ
1107 3442 1445 3513 ποθουμένου
1495 3443 1653 3510 ξύλου
1685 3445 1922 3515 ποιήσα-

333 3534 483 3590 σθαι.
527 3535 901 3606 Ἀπορούντων
935 3535 993 3590 δέ
1043 3536 1263 3590 πάντων
1300 3538 1431 3609 περὶ
1473 3537 1567 3590 τοῦ
1606 3538 1796 3601 τόπου,
1829 3538 1924 3590 καὶ

329 3628 505 3683 ἄλλων
530 3628 706 3691 άλλως
756 3628 816 3695 ἐξ
849 3628 1088 3697 ὑποψίας
1109 3630 1501 3699 διηγουμένων,
1530 3629 1559 3680 6
1587 3631 1687 3698 τῆς
1713 3629 1924 3692 πόλεως

332 3718 629 3781 ἐπίσκοπος
688 3719 896 3781 πάντας
947 3719 1251 3789 παρεκάλει
1308 3720 1540 3790 ἡσυχίαν
1597 3720 1775 3788 ἄγειν,
1827 3722 1924 3774 καὶ

333 3807 756 3877 σπουδαιότερον
812 3808 980 3877 εὐχὴν
1027 3807 1171 3878 ὑπὲρ
1214 3807 1407 3861 τούτου
1456 3808 1536 3879 τῷ
1584 3808 1704 3879 Θεῷ
1750 3826 1925 3879 προσ-

333 3899 545 3969 φέρειν.

405 3992 613 4045 Τούτου
672 3992 729 4044 δέ
770 3991 1067 4062 γενομένου
1116 3991 1322 4065 εὐθέως
1385 3990 1598 4062 ἐδείχθη
1658 3990 1841 4046 θεόθεν
1896 3995 1926 4048 6

332 4084 496 4148 τόπος
533 4082 609 4154 τῷ
639 4083 947 4155 ἐπισκόπῳ,
973 4087 1032 4138 ἐν
1051 4076 1095 4153 ᾧ
1119 4084 1302 4156 ἵδρυτο
1331 4084 1433 4154 τῆς
1467 4083 1784 4157 ἀκαθάρτου
1810 4084 1928 4139 δαί-

337 4192 498 4246 μονος
518 4178 546 4229 ὁ
569 4176 694 4239 ναὸς
724 4175 820 4230 καὶ
844 4176 906 4229 τὸ
927 4175 1174 4247 ἄγαλμα.
1199 4176 1334 4230 Τότε
1365 4178 1398 4248 ἡ
1423 4176 1714 4246 βασίλισσα
1735 4180 1801 4250 τῇ
1824 4177 1926 4248 βα-

336 4265 517 4337 σιλικῇ
548 4265 809 4336 αὐθεντίᾳ
836 4264 1119 4337 χρωμένη,
1148 4264 1534 4335 συναγαγοῦσα
1560 4266 1766 4339 πλῆθος
1795 4268 1927 4321 πολ-

333 4359 443 4414 λῶν
478 4358 742 4430 τεχνιτῶν
791 4359 887 4414 καὶ⁵
946 4358 1197 4431 ἐργατῶν
1257 4359 1545 4413 ἐκέλευσεν
1592 4363 1656 4413 ἐκ
1709 4361 1927 4433 βάθρων

2027 3169 2157 3209 num
2190 3154 2504 3223 cognitione
2538 3164 2728 3224 erepta
2764 3154 2817 3208 in
2852 3154 3031 3209 lucem
3076 3154 3361 3210 educeret.
3392 3154 3623 3224 Episco-

2025 3260 2128 3316 pus
2162 3255 2347 3300 antem
2378 3243 2470 3299 ubi
2515 3245 2783 3299 intellexit
2841 3246 3249 3316 imperatricem
3272 3246 3387 3317 jam
3417 3250 3623 3303 adven-

2026 3346 2168 3404 tare,
2207 3352 2335 3391 cum
2358 3336 2921 3407 comprovincialibus
2948 3339 3224 3411 episcopis
3251 3340 3467 3395 obviam
3493 3358 3624 3412 pro-

2026 3432 2212 3485 cessit.
2252 3428 2451 3485 Statim
2482 3446 2613 3486 vero
2641 3433 2724 3488 eis
2756 3432 3015 3501 iniunxit,
3052 3443 3111 3509 ut
3132 3434 3199 3499 ad
3229 3434 3622 3489 inveniendum

2028 3528 2410 3583 desideratum
2464 3530 2646 3584 crucis
2677 3529 2883 3600 lignum
2934 3543 2993 3583 se
3031 3538 3175 3584 totos
3205 3530 3420 3584 darent.
3457 3529 3623 3583 Dubi-

2029 3621 2271 3676 tantibus
2298 3636 2428 3677 vero
2459 3623 2714 3676 omnibus
2748 3636 2916 3691 super
2943 3622 3077 3689 hoc,
3105 3622 3342 3691 aliisque
3380 3622 3528 3675 aliud
3557 3637 3623 3676 ex

2028 3712 2347 3782 suspicione
2424 3715 3011 3779 commemorantibus,
3082 3714 3353 3769 Macarius
3432 3730 3625 3770 omnes

2028 3805 2218 3874 quieto
2248 3819 2374 3861 esse
2411 3806 2595 3861 animo
2619 3805 2805 3875 jussit,
2840 3814 2896 3860 et
2924 3805 3322 3862 intentissimas
3352 3806 3461 3861 Deo
3494 3822 3621 3875 pre-

2029 3910 2122 3950 ces
2154 3895 2372 3953 offerre.

2100 3986 2221 4055 Quo
2249 3988 2419 4054 facto,
2454 3988 2741 4045 confestim
2773 3989 3039 4045 divinitus
3075 3989 3233 4046 locus
3260 3990 3352 4045 ille
3372 3992 3627 4061 episcopo

2030 4081 2312 4137 revelatus
2349 4093 2456 4148 εει,
2488 4083 2540 4137 in
2566 4097 2678 4153 quo
2713 4082 2893 4138 locata
2922 4092 3042 4137 erat
3078 4082 3470 4152 impurissime
3513 4087 3628 4139 dea:

2029 4174 2256 4244 cﬂigies.
2275 4174 2430 4231 Tunc
2458 4176 2801 4246 imperatrix,
2824 4175 3175 4244 imperatoria
3195 4185 3352 4231 utens
3386 4176 3627 4231 auctori-

2033 4276 2167 4335 tate,
2204 4283 2402 4340 magno
2457 4283 2687 4323 numero
2731 4268 2990 4339 Opiﬁcum
3038 4276 3092 4323 et
3140 4269 3518 4338 operariorum
3556 4282 3624 4325 ex
3696 4320 3697 4323 η

2032 4360 2404 4417 fundamentis
2430 4361 2694 4415 daemonis
2733 4360 2893 4416 istius
2936 4361 3200 4430 templum
3229 4361 3473 4417 subverti
3500 4359 3623 4429 jus-

333 4452 718 4525 ἀνατραπῆναι
742 4453 833 4508 τὸν
864 4454 965 4525 τῆς
981 4451 1236 4523 δαίμονος
1277 4451 1403 4506 ναὸν
1429 4452 1566 4524 (60).
1600 4453 1694 4507 καὶ
1729 4454 1920 4507 τούτου

2031 4453 2103 4508 sit
2130 4471 2144 4507 :
2172 4453 2318 4522 quod
2351 4452 2513 4508 simul
2538 4462 2704 4522 atque
2722 4451 2973 4508 effectum
3002 4464 3106 4520 est,
3141 4455 3391 4523 apparuit
3416 4454 3512 4509 Dei
3537 4470 3627 4511 se-

335 4549 630 4618 γενομένου
662 4550 906 4618 ἀνεφάνη
938 4549 998 4603 τὸ
1025 4548 1172 4602 θεῖον
1202 4549 1416 4619 μνῆμα,
1457 4549 1553 4601 καὶ
1574 4549 1602 4601 6
1627 4548 1793 4614 τόπος
1826 4549 1922 4603 τοῦ

334 4638 600 4708 Κρανίου,
621 4640 716 4694 καὶ
742 4640 817 4710 μὴ
838 4639 1078 4711 μήκοθεν
1107 4642 1259 4711 τρεῖς
1290 4639 1517 4709 σταυροὶ
1547 4642 1915 4711 κεχωσμένοι·

336 4730 624 4798 ἐπιμελῶςΔ
661 4731 718 4784 δὲ
774 4732 1171 4802 ἐρευνήσαντες
1226 4725 1387 4802 εὗρον
1434 4732 1530 4785 καὶ
1562 4730 1689 4794 τοὺς
1734 4732 1916 4802 ἥλους.

348 4822 594 4876 Ἐκεῖθεν
627 4821 813 4875 λοιπὸν
842 4823 1124 4892 ἀμηχανία
1151 4822 1246 4876 καὶ
1293 4822 1475 4893 θλίψις
1519 4823 1789 4878 κατέλαϐε
1824 4825 1923 4894 τὴν

339 4914 610 4986 βασιλίδα,
637 4917 1010 4986 ἐπιξητοῦσαν
1066 4919 1216 4979 ποῖος
1275 4916 1383 4987 ἄρα
1422 4913 1489 4987 ἦν
1526 4917 1556 4968 6
1593 4915 1925 4979 Δεσποτικδς

342 5010 597 5079 σταυρός.
640 5006 701 5063 '0
728 5009 786 5061 δὲ
830 5010 1131 5073 ἐπίσκοπος
1169 5009 1257 5063 διὰ
1292 5010 1528 5074 πίστεως
1559 5009 1658 5080 τὴν
1687 5010 1926 5080 ἀμφιϐο-

336 5099 456 5156 λίαν
490 5101 669 5157 ἐλυσε.
692 5103 919 5157 Γυναικὶ
951 5103 1061 5174 γὰρ
1085 5102 1445 5175 ἀρρωστούσῃ
1473 5102 1583 5156 τῶν
1620 5103 1926 5172 ἐπιφανῶν,

338 5191 436 5245 καὶ
494 5194 899 5265 ἀπεγνωσμένῃ
950 5195 1055 5246 ὑπὸ
1105 5194 1346 5258 πάντων,
1392 5196 1489 5247 καὶ
1538 5195 1605 5247 τὰ
1640 5194 1930 5248 τελευταῖα

335 5281 579 5357 πνεούσῃ
608 5283 977 5356 προσαγαγὼν
1003 5285 1235 5340 ἕκαστον
1264 5286 1374 5340 τῶν
1405 5284 1674 5357 σταυρῶν,
1711 5286 1804 5340 τὸν
1838 5284 1934 5357 ζη-

2032 4545 2282 4616 pulcrum
2329 4556 2383 4600 et
2438 4545 2592 4600 locus
2621 4544 2906 4611 Calvariae,
2926 4557 2981 4601 et
3004 4562 3111 4602 non
3144 4547 3338 4615 procul
3367 4549 3491 4603 inde
3516 4558 3628 4603 tres

2032 4653 2229 4695 cruces
2256 4636 2526 4705 defossae;
2563 4638 2886 4708 diligentius
2903 4639 3071 4694 etiam
3100 4640 3516 4711 investigantcs,
3547 4641 3631 4696 in-

2034 4740 2308 4787 venerunt
2345 4737 2403 4786 et
2429 4733 2640 4786 clavos.
2672 4729 2773 4784 ilic
2794 4744 2925 4786 vero
2944 4731 3051 4785 alia
3069 4725 3478 4802 imperatricem
3498 4747 3629 4786 cura

2035 4824 2261 4891 invasit,
2316 4824 2688 4894 inquirentem
2753 4837 3001 4893 quanam
3040 4823 3109 4880 de
3142 4825 3317 4880 tribus
3350 4840 3477 4880 vere
3518 4822 3630 4877 Do-

2034 4916 2238 4971 minica
2265 4932 2397 4972 crux
2417 4923 2595 4972 esset:
2617 4932 2781 4987 quam
2807 4917 3203 4973 dubitationem
3229 4918 3515 4985 episcopus
3535 4930 3632 4984 per

2035 5008 2196 5063 ﬁdem
2229 5008 2503 5063 dissolvit.
2524 5007 2662 5062 Cum
2692 5008 2945 5076 quadam
2971 5010 3162 5076 primae
3182 5006 3485 5063 nobilitatis
3515 5022 3629 5058 ma-

2042 5111 2222 5168 trona,
2255 5100 2578 5170 cunctisque
2608 5112 2757 5162 nota,
2783 5101 3022 5170 graviter
3043 5115 3108 5154 ac
3131 5099 3433 5170 periculose
3451 5114 3627 5164 aegro-

2041 5177 2202 5258 taret,
2244 5192 2423 5262 _etiam
2470 5191 2585 5248 fere
2650 5193 2904 5261 spiritum
2973 5191 3286 5256 exhalaret,
3343 5187 3628 5259 productis

2045 5283 2255 5339 duabus
2301 5284 2577 5353 crucibus,
2615 5297 2759 5351 eam,
2807 5297 2931 5351 quae
2956 5281 3331 5351 qumrebatur,
3369 5279 3575 5334 invcnit
3608 5294 3626 5334 :

1864 5442 2105 5500 ΝΟΤΔΕ.

414 5532 529 5603 (57)
557 5532 692 5590 Sch.
722 5534 866 5605 Πρὸς
915 5534 1009 5588 τὸν
1056 5534 1380 5608 φερώνυμον
1422 5538 1516 5592 τὸν
1563 5539 1662 5611 τῆς
1720 5539 1929 5604 πόλεως

341 5602 664 5657 ἐπίσκοπον.

560 5678 693 5751 qod.
718 5674 863 5751 Sch.
897 5676 1079 5751 addit,
1108 5675 1230 5751 ‘COG_
1251 5678 1466 5745 ἐνδόξου
1507 5680 1782 5751 σταυροῦ.

417 5745 530 5818 ιὸθ)
584 5745 728 5802 [deut
767 5749 887 5803 cod.
953 5747 1283 5819 Συναγαγὼν
1331 5752 1453 5815 τοὺς
1486 5751 1584 5823 τῆς
1648 5745 1920 5826 ἐπαρχίας

2037 5541 2391 5631 ἐπισρκόπους,
2447 5541 2585 5611 μετά
2636 5542 2734 5611 τῆς
2787 5536 3011 5609 δεούσης
3069 5537 3240 5608 τιμῆς
3305 5536 3629 5609 ἀπήντησαν

2038 5614 2223 5751 aulai)
2258 5682 2405 5736 Mem
2438 5682 2560 5734 00d.
2611 5680 2684 5753 ἸῘρ
2718 5681 2961 5753 μυσαρὸν
2994 5679 3359 5751 οἰκοδόμημα,
3390 5676 3481 5734 τὸν
3501 5676 3632 5750 χοῦ-ι

2031 5750 2223 5825 πόρρω
2253 5770 2354 5806 που
2384 5750 2814 5823 ἀπορριφθῇ-θαι.
