4036 6226
431 254 569 327 ιοω

1670 259 1708 315 Α
1725 254 2114 317 LEXANDRI
2140 254 2486 317 MtJNACl-Il

3604 258 3731 322 ωδε

427 375 587 430 simul
647 380 815 442 atque
867 370 1012 428 enim
1070 370 1187 426 sola
1245 370 1535 426 Dominicae
1585 373 1763 426 crucis
1817 370 2005 425 umbra

2133 371 2363 440 ’σύμενον
2424 364 2575 439 εὗρεν
2635 371 2823 440 μόνον’
2858 370 2933 435 ὡς
2992 374 3200 444 ήγγισε
3251 374 3377 443 γὰρ
3412 374 3447 443 ή
3496 375 3625 426 σκιά
3649 376 3739 426 τοῦ

427 468 689 531 mgrotam
749 460 949 531 attigit,
990 460 1244 530 protinus
1275 459 1453 515 divina
1485 460 1686 538 virtute
1724 460 2003 527 exsiliens,

2110 464 2379 532 σωτηρίου
2430 465 2493 534 τῇ
2539 462 2865 536 θανούσῃ,ή
2911 463 3114 530 ἄπνους
3164 467 3273 519 καὶ
3310 465 3591 536 ἀκίνητος
3626 465 3739 538 θεία

431 566 621 620 magna
680 550 848 633 Deum
904 564 1041 605 voce
1088 547 1432 617 gloriﬁcavit.
1490 548 1814 619 lmperatrix
1879 565 2007 605 vero

2133 554 2332 624 ξυνάμει
2408 556 2749 627 παραχρῆμα
2793 558 3130 630 ἀνεπήδησε,
3170 559 3417 633 μεγάλῃ
3475 562 3545 629 τῇ
3589 562 3737 631 φωνῇ

432 643 673 697 maximo
725 658 848 697 cum
882 641 1083 713 gaudio
1120 642 1327 711 pariter
1355 657 1418 697 ac
1449 642 1751 697 reverentia
1786 656 2007 697 crucem

430 736 759 804 suscipiens,
801 745 1012 804 partem
1054 734 1174 804 ejus
1206 750 1328 790 cum
1353 735 1521 790 clavis
1553 735 1619 791 ad
1653 735 1818 789 ﬁlium
1857 744 2009 789 retu-

432 829 513 894 lit,
539 829 805 896 reliquam
843 842 994 895 vero,
1025 827 1270 884 confecta
1310 828 1461 884 theca
1494 843 1686 893 aurea,
1718 828 1839 897 eius
1876 827 2011 883 civi-

433 921 561 976 latis
590 920 847 990 episcopo
887 920 1145 985 tradidit,
1176 922 1227 975 in
1267 933 1581 992 perpetuam
1605 922 1846 977 omnium
1873 936 2010 992 geu-

434 1016 566 1071 tium
597 1017 1089 1084 memoriamQuze
1124 1026 1413 1085 postquam
1437 1016 1787 1085 praecepisset
1812 1016 1865 1068 iu
1893 1016 2012 1070 loco

432 1104 635 1160 viviﬁci
668 1106 902 1174 sepulcri
943 1107 1202 1174 templum
1238 1105 1519 1172 mdiﬁcari,
1552 1116 1606 1158 el
1635 1105 1780 1159 aliud
1813 1105 2011 1160 simili-

435 1211 520 1255 ter
565 1201 619 1255 in
654 1215 812 1255 sacro
845 1211 1029 1255 monte
1069 1198 1359 1270 Golgotha,
1391 1210 1446 1252 et
1489 1200 1540 1252 iu
1578 1198 1872 1265 Bethleem.
1926 1200 2013 1253 ubi

433 1293 697 1349 Dominus
722 1295 1018 1350 secundum
1037 1308 1255 1348 carnem
1281 1301 1439 1348 natus
1467 1292 1661 1357 fuerat,
1682 1302 1735 1349 et
1759 1294 1811 1346 iu
1833 1301 2017 1346 monte

435 1382 738 1452 Olivarum,
774 1386 863 1440 ubi
905 1386 1166 1440 Dominus
1208 1384 1497 1453 discipulis
1538 1383 1889 1448 benedicens,
1923 1400 2014 1437 as-

435 1490 687 1550 sumptus
726 1489 831 1546 est,
859 1479 1093 1549 aliisque
1140 1478 1416 1550 praeclaris
1450 1478 1500 1532 id
1526 1493 1694 1548 genus
1725 1477 2016 1541 confectis,

434 1575 499 1628 ad
524 1573 693 1626 ﬁlium
722 1573 906 1626 rediit.

507 1663 682 1730 Quam
716 1681 911 1735 magna
944 1680 1066 1720 cum
1100 1664 1372 1734 voluptate
1402 1663 1725 1731 suscipiens,
1755 1677 2020 1715 veneran-

2107 644 2408 713 δοξάζουσα
2459 649 2551 703 τὸν
2603 649 2759 704 Θεόν.
2797 649 2861 703 Ἥ
2898 651 2955 704 δὲ
3001 651 3318 722 βασίλισσα
3381 650 3533 723 μετὰ
3572 653 3744 723 χαρᾶς

2114 741 2360 815 μεγάλης
2390 743 2487 798 καὶ
2516 743 2683 812 φόϐου
2709 743 3008 816 ἀνελομένη
3030 745 3120 799 τὸν
3148 746 3449 809 ζωοποιὸν
3483 747 3742 816 σταυρὸν,

2115 835 2282 907 μέρος
2296 835 2478 905 μέντοι
2501 837 2723 901 σὺντοῖς
2741 837 2889 909 ἣλοις
2912 839 3218 908 ἀνεκόμισε
3250 839 3408 910 πρὸς
3433 839 3530 892 τὸν
3553 840 3741 905 παῖδα,

2112 926 2174 980 τὸ
2226 928 2284 980 δὲ
2323 927 2545 994 λοιπὸν,
2607 927 2994 999 γλωσσόκομον
3041 930 3346 1001 ἀργυροῦν
3410 932 3742 1000 ποιήσασα,

2115 1018 2401 1089 παρέδωκε
2426 1019 2503 1090 τῷ
2533 1020 2821 1088 ὲπισκόπῳ
2857 1020 2957 1089 τῆς
3003 1020 3222 1084 πόλεως
3262 1022 3352 1084 εἰς
3389 1022 3745 1091 μνημόσυνον

2117 1109 2320 1173 πάσαις
2344 1112 2580 1180 γενεαῖς.
2618 1110 2730 1164 Καὶ
2762 1109 3067 1165 θεσπίσασα
3114 1111 3448 1181 ἐκκλησίαν
3485 1111 3744 1179 γενέσθαι

2117 1201 2174 1253 ἐν
2200 1200 2276 1270 τῷ
2309 1200 2558 1271 ζωοποιῷ
2594 1203 2838 1272 μνήματι
2893 1204 2990 1256 καὶ
3050 1205 3109 1255 ἐν
3152 1202 3244 1274 τῷ
3290 1203 3448 1272 ἁγίῳ
3477 1201 3743 1270 Γολγοθᾶ,

2119 1293 2212 1345 καὶ
2257 1296 2314 1347 ὲν
2362 1290 2428 1364 τῇ
2465 1294 2732 1365 Βηθλεὲμ,
2760 1293 2888 1348 ἔνθα
2931 1297 2959 1349 ὁ
2982 1295 3192 1366 Κύριος
3238 1296 3349 1365 τὴν
3377 1295 3537 1348 κατὰ
3568 1295 3745 1364 σάρκα

2119 1384 2371 1453 γέννησιν
2393 1384 2611 1456 ἐτέχθη,
2641 1388 2735 1440 καὶ
2769 1387 2825 1440 ὲν
2857 1386 2935 1457 τῷ
2963 1386 3077 1457 ὄρει
3110 1387 3232 1440 τῶν
3267 1385 3542 1450 Ἐλαιῶν,
3567 1385 3699 1441 ἔνθα
3720 1389 3746 1440 ὁ

2122 1476 2323 1548 Κύριος
2351 1476 2650 1548 εὐλογήσας
2687 1476 2815 1541 τοὺς
2848 1479 3099 1549 μαθητάς
3121 1478 3457 1549 ἀνελήφθη,
3480 1479 3582 1533 καὶ
3615 1478 3747 1533 ἄλλα

2121 1572 2292 1627 πολλὰ
2317 1573 2456 1627 καλὰ
2496 1573 2794 1644 ποιήσασα,
2826 1574 3127 1647 ἀνέστρεψε
3151 1575 3305 1649 πρὸς
3330 1574 3432 1630 τὸν
3469 1576 3666 1630 παῖδα.

2205 1667 2266 1720 'l)
2299 1667 2356 1719 δὲ
2399 1666 2538 1736 μετά
2572 1667 2747 1735 χαρᾶς
2800 1667 2971 1737 αὐτὴν
3009 1666 3478 1740 ὑποδεξάμενος,
3517 1668 3621 1737 τὴν
3651 1668 3744 1737 μὲν

438 1758 521 1815 dae
546 1759 728 1814 crucis
753 1772 964 1826 partem
988 1758 1040 1812 in
1068 1758 1264 1813 loculis
1295 1758 1482 1812 aureis
1505 1757 1770 1826 reposuit,
1791 1771 2019 1823 eamque

2133 1757 2221 1811 τοῦ
2247 1758 2431 1827 τιμίου
2471 1758 2704 1828 σταυροῦ
2734 1759 2931 1829 μερίδα
2952 1761 3011 1813 ἐν
3034 1763 3214 1831 χρυσῇ
3261 1759 3425 1833 θήκῃ
3466 1760 3745 1829 ἀποθέμε-

438 1849 697 1919 episcopo
726 1860 986 1918 perpetuo
1009 1850 1420 1905 custodiendam
1446 1850 1615 1915 dedit,
1641 1849 1838 1905 annuis
1868 1848 2020 1903 resuis

439 1942 807 1997 inventionem
860 1943 1037 1997 crucis
1065 1943 1451 1998 celebrandam
1484 1944 1868 2011 praescribens.
1896 1943 2021 1999 Cla-

437 2050 537 2090 vos
569 2044 750 2089 autem
777 2035 974 2103 partim
1003 2035 1172 2104 galea:
1202 2051 1312 2091 sum
1346 2036 1526 2090 incudi
1561 2039 1868 2100 mandavit;
1898 2054 2021 2107 par-

441 2128 536 2182 tim
569 2127 692 2197 equi
729 2131 812 2181 sui
844 2126 1048 2195 lupatis
1077 2128 1395 2192 immiscuit,
1424 2139 1484 2184 ut
1523 2128 1841 2199 impleretur
1879 2132 2022 2199 quod

441 2236 471 2276 a
506 2219 740 2276 Domino
777 2235 874 2289 per
902 2223 1225 2290 prophetam
1258 2224 1466 2277 dictum
1495 2223 1671 2279 fuerat
1705 2241 1719 2276 :
1773 2244 1792 2277 ι
1838 2225 1895 2279 1η
1935 2226 2021 2279 illa

443 2314 532 2369 die
559 2315 688 2382 erit,
722 2316 865 2385 quod
896 2330 1060 2385 super
1085 2316 1294 2371 frenum
1329 2318 1456 2386 equi
1483 2327 1585 2382 est,
1630 2328 1876 2373 sanctum
1919 2320 2025 2372 Do-

442 2409 595 2465 mino
616 2411 970 2476 omnipotenti
1007 2409 1073 2464 ".
1121 2428 1140 2462 ι
1177 2410 1482 2480 Imperator
1512 2412 1709 2466 deinde
1738 2415 1805 2467 ad
1847 2412 2026 2468 Maca-

444 2501 588 2556 rium
612 2503 930 2571 episcopum
970 2503 1212 2573 scripsit,
1239 2513 1299 2557 ut
1342 2505 1757 2560 aediﬁcationem
1802 2507 2029 2574 templo-

443 2608 566 2647 rum
622 2604 944 2661 maturaret,
996 2603 1051 2650 et
1105 2598 1474 2653 architectum
1545 2613 1610 2653 eo
1698 2599 1866 2664 misit,
1901 2616 2025 2654 cum

446 2701 646 2758 magno
688 2690 930 2756 pecunia:
988 2691 1263 2761 pondere;
1299 2694 1384 2748 cui
1437 2693 1600 2748 etiam
1655 2692 1709 2748 iu
1759 2694 2029 2747 mandatis

446 2781 596 2836 dedit
648 2792 709 2835 ut
745 2782 1037 2853 diligenter
1076 2801 1231 2840 sacra
1272 2787 1388 2841 loca
1424 2787 1673 2844 aediﬁciis
1715 2798 2027 2854 exornarct,

446 2872 523 2929 ita
557 2881 616 2926 ut
646 2887 834 2927 eorum
881 2876 1299 2944 magniﬁcentiae
1329 2877 1464 2932 nihil
1499 2887 1614 2934 toto
1652 2880 1785 2934 orhe
1823 2895 1922 2949 par
1946 2880 2032 2933 in-

445 2967 623 3022 veniri
644 2979 850 3038 posset.
873 2967 1105 3036 Scripsit
1134 2970 1298 3023 etiam
1330 2971 1395 3023 ad
1431 2970 1718 3039 praefectos
1741 2972 1881 3025 illius
1906 2988 2033 3038 pro-

2122 1870 2208 1914 νος
2232 1853 2517 1922 παρέδωκε
2542 1852 2618 1921 τῷ
2655 1853 2938 1922 ἐπισκόπῳ
2968 1852 3079 1923 (61)
3114 1856 3197 1917 είς
3229 1855 3514 1924 τήρησιν,
3567 1855 3743 1906 ὲνιαυο

2125 1945 2327 2010 σιαὶαις
2365 1946 2610 2015 μνήμαις
2641 1946 2921 2015 ἑορτάζειν
2943 1948 3040 2016 τὴν
3066 1945 3356 2010 ἀνάδειξιν
3383 1944 3487 1998 τοῦ
3510 1945 3740 2015 σταυροῦ

2126 2039 2455 2108 προστάξας.
2502 2039 2624 2090 Τῶν
2669 2037 2725 2090 δὲ
2773 2038 2916 2106 ἥλων
2961 2038 3087 2101 τοὺς
3129 2038 3237 2108 μὲν
3293 2040 3384 2102 εἰς
3431 2039 3543 2109 τὴν
3602 2038 3736 2092 ίδίαν

2130 2130 2559 2201 περικεφαλαίαν
2588 2129 2982 2199 ἀνεχάλκευσε,
3019 2131 3145 2192 τοὺς
3171 2129 3233 2181 δὲ
3255 2130 3504 2199 ἀνέμιξε
3536 2124 3617 2196 τῷ
3658 2150 3746 2184 σα-

2125 2222 2352 2292 λιϐαρίῳ
2375 2221 2467 2275 τοῦ
2502 2222 2668 2274 ἵππου
2692 2221 2880 2283 αὐτοῦ,
2910 2220 2998 2274 ἵνα
3021 2221 3300 2292 πληρωθῇ
3326 2221 3394 2274 τὸ
3432 2221 3609 2291 ῥηθὲν
3639 2217 3738 2270 ὑπὸ

2126 2314 2221 2367 τοῦ
2259 2314 2465 2383 Κυρίου
2524 2314 2611 2366 διὰ
2662 2312 2756 2366 τοῦ
2821 2314 3098 2383 προφήτου
3144 2313 3443 2380 λέγοντος,
3488 2331 3510 2364 ι
3565 2307 3741 2374 Ἐντῇ

2130 2405 2312 2475 ἡμέρα
2346 2403 2531 2472 ἐκείνῃ
2562 2402 2713 2455 ἔσται
2744 2402 2805 2455 τὸ
2856 2404 2946 2455 ἐπὶ
2987 2402 3206 2471 χαλινὸν
3242 2401 3348 2455 τοῦ
3378 2402 3559 2456 ἵππου
3590 2400 3740 2467 ἆγιον

2128 2497 2206 2565 τῷ
2236 2496 2422 2566 Κυρίῳ
2481 2496 2902 2565 παντοκράτορι.
2948 2514 2965 2545 ι
3019 2495 3076 2547 '0
3110 2496 3166 2549 δὲ
3208 2494 3492 2565 βασιλεὺς
3533 2492 3739 2562 ἔγραψε

2128 2589 2208 2659 τῷ
2244 2588 2528 2659 ὲπισκόπῳ
2554 2587 2825 2658 Μακαρίῳ
2881 2586 3235 2641 ἐπισπεύδειν
3276 2588 3386 2657 τὴν
3420 2584 3734 2654 οἰκοδομὴν,

2132 2680 2224 2733 καὶ
2253 2681 2489 2750 ἄρχοντα
2534 2676 2627 2729 τοῦ
2675 2676 2837 2748 ἔργου
2892 2677 3173 2750 ἀπέστειλε
3228 2679 3382 2747 μετὰ
3458 2664 3737 2745 δαψιλείας
3814 2716 3815 2721 η

2131 2770 2455 2841 χρημάτων,
2492 2766 2870 2838 παραγγείλας
2900 2767 3049 2838 αὑτῷ
3089 2768 3407 2839 φιλοτίμως
3451 2765 3734 2833 κτισθῆναι

2132 2866 2256 2927 τοὺς
2282 2864 2477 2931 ἁγίους
2498 2863 2720 2927 τόπους,
2755 2860 2828 2923 ὡς
2864 2860 2938 2931 μὴ
2996 2857 3134 2913 εἶναι
3170 2861 3466 2930 τοσαύτην
3486 2858 3742 2925 καλλονὴν

2136 2958 2193 3010 ἐν
2247 2956 2399 3027 πάσῃ
2452 2958 2516 3026 τῇ
2571 2957 2665 3025 γῇ.
2697 2953 2945 3024 Ἔγραψε
2984 2955 3041 3008 δὲ
3070 2955 3165 3007 καὶ
3210 2956 3334 3017 τοῖς
3377 2950 3616 3021 ἡγεμόσι
3642 2949 3732 3015 τῆς
3788 2956 3791 2957 ⁷

446 3060 663 3127 νῐηρῑαι,
681 3069 739 3112 ιιι
766 3060 981 3128 publico
1001 3077 1108 3115 aere
1136 3071 1185 3114 et
1220 3063 1550 3129 sumptibus,
1573 3072 1627 3117 et
1657 3065 1880 3138 materia
1902 3063 2027 3117 illml

2139 3045 2428 3117 ἐπαρχίας,
2464 3045 2730 3109 παντοίως
2762 3046 3143 3099 συνεπιλαϐεῖν
3192 3045 3294 3099 τοῦ
3327 3045 3504 3114 ἔργου
3537 3045 3601 3095 ὲκ
3633 3041 3731 3094 τῶν

449 3166 606 3218 npus,
647 3161 909 3221 quantum
961 3162 1203 3219 possent,
1259 3165 1659 3220 promoverent.
1709 3134 2027 3210 Cclebrahat

2142 3139 2413 3209 δημοσίων
2437 3141 2776 3209 πραγμάτων
2816 3139 2871 3192 έν
2897 3157 2956 3192 τε
2988 3142 3234 3209 χρήμασι
3272 3139 3379 3193 καὶ
3414 3134 3727 3206 ἀναλώμασι

449 3247 632 3296 autem
680 3252 809 3297 tunc
840 3243 1138 3311 imperator
1171 3243 1450 3311 splendide
1479 3244 1691 3315 imperii
1737 3247 1819 3300 sui
1855 3247 2028 3300 vicen-

451 3331 617 3395 nalia,
674 3333 881 3401 gratias
929 3347 1099 3400 agens
1148 3332 1258 3388 Deo
1304 3348 1402 3402 pro
1453 3337 1706 3389 omnibus
1754 3338 2030 3394 beneﬁciis

453 3436 702 3494 tempore
733 3425 946 3496 imperii
980 3427 1033 3480 in
1060 3442 1119 3481 se
1141 3427 1374 3483 collatis.
1407 3428 1746 3500 Colliguntur
1782 3441 1962 3486 autem
2000 3448 2031 3487 a

456 3517 663 3575 Christi
687 3517 739 3573 in
772 3533 938 3575 carne
967 3520 1280 3588 praesentia,
1325 3534 1497 3591 usque
1526 3522 1591 3574 ad
1614 3530 1824 3592 tempus
1845 3524 2033 3579 inven-

460 3611 628 3666 tionis
654 3610 835 3666 crucis
852 3611 1200 3677 venerandae,
1226 3613 1351 3667 anni
1382 3613 1609 3668 trecenti
1640 3615 2032 3687 quinquaginta

453 3709 595 3762 duo:
621 3705 690 3760 ab
726 3704 899 3758 Adam
931 3718 1061 3759 vero
1092 3719 1270 3773 usque
1303 3704 1370 3759 ad
1393 3713 1626 3775 tempus,
1652 3720 1758 3773 quo
1784 3706 2034 3763 Christus

454 3797 508 3853 in
537 3812 703 3853 carne
734 3798 1007 3867 apparuit,
1063 3796 1191 3850 anni
1238 3796 1531 3866 quinquies
1583 3796 1731 3852 mille
1769 3799 2035 3867 quadrin-

453 3890 601 3959 genti
640 3899 694 3945 et
718 3889 1065 3959 septuaginta
1098 3890 1360 3958 quinque.

526 3980 581 4034 In
616 3986 752 4036 urbe
784 3989 965 4034 autem
1016 3978 1157 4034 Elia
1200 3982 1463 4037 successit
1500 3981 1739 4037 Macario
1782 3983 2038 4051 episcopo

458 4070 792 4125 Maximinus
840 4072 927 4125 vir
966 4071 1371 4140 placidissimus
1414 4080 1470 4125 et
1499 4073 1827 4128 venerabilis
1870 4072 2038 4142 inpri-

459 4164 584 4228 mis,
620 4174 807 4232 utpote
843 4165 933 4234 qui
963 4166 1016 4218 in
1067 4165 1444 4233 persecutione
1486 4165 1719 4233 plurima
1770 4174 2037 4219 tormenta

458 4255 798 4325 pertulerat;
828 4259 954 4312 huic
984 4257 1177 4313 oculus
1197 4256 1339 4311 alter
1365 4257 1602 4311 extritus
1621 4257 1816 4311 fuerat.
1840 4256 2037 4311 Eodem

461 4357 706 4417 tempore
753 4358 809 4403 et
854 4350 1010 4404 beata
1060 4347 1266 4402 llelena
1312 4347 1574 4408 moritur,
1626 4346 1802 4400 etatis
1839 4362 2039 4400 annum

2139 3234 2233 3285 κα).
2267 3230 2441 3295 ὕλαις.
2468 3228 2579 3285 Ἦν
2606 3232 2660 3284 δὲ
2683 3232 2806 3286 τότε
2835 3234 2863 3285 ό
2900 3233 3153 3303 βασιλεὺς
3181 3233 3443 3302 φαιδρῶς
3469 3230 3620 3298 ἄγων
3638 3227 3727 3296 τῆς

2138 3325 2573 3394 εἰκοσαετηρίδος
2597 3325 2695 3392 τὴν
2724 3324 2938 3395 ἑορτὴν,
2973 3324 3321 3394 εὐχαριστῶν
3339 3322 3425 3394 τῷ
3457 3320 3582 3392 Θεῷ
3598 3317 3726 3389 ὑπὲρ

2140 3417 2358 3470 πάντων
2384 3416 2492 3470 τῶν
2524 3417 2745 3484 ἀγαθῶν
2766 3458 2781 3481 ,
2824 3409 2898 3469 ὧν
2932 3417 3190 3486 ἐποίησεν
3237 3418 3297 3470 ὲν
3353 3419 3476 3478 τοῖς
3525 3411 3726 3483 χρόνοις

2139 3509 2240 3577 τῆς
2297 3507 2576 3579 βασιλείας
2618 3507 2804 3562 αὐτοῦ.
2865 3508 3199 3576 Συνάγονται
3240 3507 3301 3562 δὲ
3347 3507 3450 3577 ἐτη
3492 3505 3603 3559 ἀπὸ
3641 3502 3723 3571 μὲιι

2140 3600 2378 3671 Χριστοῦ
2401 3601 2701 3671 παρουσίας
2723 3602 2825 3663 ἓως
2847 3602 2945 3670 τῆς
2966 3601 3233 3671 εὑρέσεως
3251 3600 3351 3654 τοῦ
3380 3595 3626 3666 σταυροῦ
3642 3593 3719 3658 ἔτη

2141 3693 2429 3762 τριακόσια
2454 3694 2796 3762 πεντήκοντα
2848 3692 2962 3756 δύο,
3009 3692 3117 3746 ἀπὸ
3163 3691 3221 3745 δὲ
3267 3691 3451 3762 Ἀδὰμ
3504 3688 3611 3751 ἓως
3643 3680 3725 3737 τοῦ

2143 3781 2383 3852 Χριστοῦ
2414 3779 2716 3852 παρουσίας
2747 3780 2845 3852 ἔτη
2878 3780 3297 3851 πεντακισχίλια
3344 3780 3445 3834 καὶ
3478 3769 3725 3846 τετρακό-

2145 3892 2237 3928 σια
2265 3872 2637 3941 ἑϐδομήκοντα
2665 3872 2849 3929 πέντε.
3207 3918 3210 3922 .

2229 3967 2317 4019 Ἐν
2349 3965 2403 4018 δὲ
2431 3964 2589 4034 Αἰλίᾳ
2639 3963 2731 4017 τὸν
2786 3965 3073 4034 Μακάριόν
3128 3964 3432 4018 ἐπίσκοπον
3464 3956 3726 4020 διεδέξατο

2143 4058 2478 4129 Μαξιμωνᾶς
2519 4072 2533 4087 ⁸
2567 4050 2723 4121 οὗτος
2768 4058 2826 4111 δὲ
2893 4059 3067 4128 πρᾶος
3097 4057 3237 4128 ἀνὴρ
3281 4058 3383 4111 καὶ
3409 4054 3676 4121 ἐπίσημος
3708 4059 3722 4076 ⁸

2145 4152 2202 4205 ὲν
2233 4152 2341 4222 γὰρ
2392 4149 2470 4219 τῷ
2503 4149 2728 4219 διωγμῷ
2762 4148 2987 4212 πολλοὺς
3014 4149 3280 4220 βασάνους
3315 4148 3603 4216 ὑπέμεινε,
3631 4136 3729 4192 καὶη

2145 4243 2238 4296 τὸν
2265 4239 2437 4306 δεξιὸν
2466 4239 2743 4309 ὀφθαλμὸν
2771 4240 3028 4303 ἐκκοπεὶς
3056 4239 3322 4308 ἀπελύθη.
3360 4237 3471 4294 Καὶ
3506 4236 3566 4286 ὲν
3609 4227 3729 4282 τού-ι

2146 4351 2260 4397 τοις
2291 4332 2516 4402 τελευτᾷ
2569 4333 2602 4401 ή
2663 4332 2908 4401 μακαρία
2949 4330 3135 4402 Ἑλένη
3173 4330 3309 4383 ἑτῶν
3340 4328 3473 4383 οὖσα
3519 4318 3721 4390 π’(δῖ).

459 4450 634 4507 agens
681 4440 1100 4507 octogesimum,
1147 4435 1315 4490 multa
1374 4435 1483 4489 ﬁlio
1515 4448 1613 4489 suo
1644 4434 1707 4487 de
1736 4432 2027 4488 Christian:

2154 4426 2326 4481 πολλὰ
2363 4425 2717 4495 ἐντειλαμένη
2773 4425 2852 4496 τῷ
2895 4425 3044 4477 παιδὶ
3095 4423 3348 4496 περὶτῆς
3390 4420 3470 4480 είς
3494 4407 3722 4507 Χριστὸν

460 4530 668 4596 pietate
699 4528 1046 4594 praecipiens.
1078 4525 1380 4596 Imperator
1418 4534 1597 4579 autem
1632 4533 1915 4593 postquam
1951 4539 2045 4577 co-

2150 4518 2455 4583 εὐσεϐείας.
2489 4514 2697 4572 Μαθὼν
2738 4516 2794 4570 δὲ
2847 4517 2876 4568 ὁ
2907 4514 3161 4586 βασιλεὺς
3203 4516 3284 4567 ὅτι
3312 4512 3463 4571 τέλος
3505 4499 3716 4572 ἐσχενῆ

461 4594 744 4683 gnovisset
781 4617 1083 4669 absolutam
1129 4594 1249 4671 esse
1281 4623 1609 4669 structuram
1652 4613 1860 4695 templi,
1899 4628 2027 4681 quot

2147 4611 2402 4684 οἰκοδομὴ
2461 4610 2563 4680 τῆς
2624 4609 2750 4672 νέας
2788 4608 3165 4680 Ἰερουσαλὴμ,
3210 4605 3463 4660 ἐκέλευσε
3492 4594 3568 4667 τῷ
3608 4595 3724 4695 ἐπι-

464 4708 684 4774 ιΙί‹·ἰίιιι·,
716 4705 865 4761 Nova
895 4707 1222 4772 Jerusalem,
1256 4707 1536 4761 mandavit
1571 4705 1849 4775 episcopo,
1890 4711 1946 4757 ut
1976 4720 2042 4760 eo

464 4814 522 4855 sc
551 4798 853 4863 conferret,
876 4809 1041 4868 utque
1068 4797 1337 4868 synodum
1371 4796 1729 4865 complurium
1760 4795 2043 4865 episcopo-

468 4909 587 4947 rum
620 4892 886 4947 indiceret
920 4894 988 4948 ad
1028 4906 1182 4949 sacra
1222 4892 1342 4947 loca
1385 4890 1710 4945 dedicanda.
1744 4886 2041 4957 Episcopus

464 4992 645 5041 autem
683 4982 789 5039 iste
819 4982 921 5040 fuit
966 4981 1234 5039 Eusebius
1264 4978 1725 5045 Nicomediensis,
1761 4978 1851 5048 qui
1884 4978 2044 5032 Aria-

536 5151 581 5184 "
612 5149 777 5210 Zach.
812 5169 921 5220 xw,
948 5154 1041 5211 20.

2152 4680 2344 4775 σκόπιρ
2375 4680 2487 4773 (v65)
2528 4700 2858 4755 καταλαϐεῖν
2888 4700 3058 4769 αὐτὴν
3094 4698 3188 4752 καὶ
3216 4692 3583 4768 συγκροτῆσαι
3610 4680 3722 4775 σόν-

2150 4796 2271 4851 οδον
2302 4773 2564 4849 πλειόνων
2593 4792 2907 4847 ἐπισκόπων
2953 4791 3047 4844 καὶ
3090 4789 3434 4859 έγκαινιάσαι
3464 4778 3572 4855 (64)
3604 4773 3719 4832 τοὺς

2145 4885 2336 4956 ἁγίους
2356 4885 2574 4947 τόπους.
2601 4877 2770 4946 Οὗτος
2808 4881 2866 4935 δὲ
2892 4876 2962 4952 ἦν
2984 4879 3243 4941 Εὐσέϐιος
3283 4880 3312 4933 ό
3340 4863 3719 4956 Νικομηδεξαςο

2155 4950 2323 5033 δ’τῶν
2353 4974 2653 5048 Ἀρειανῶν
2691 4950 2977 5045 δογμάτων
3005 4971 3362 5043 ἀντεχόμενος
3405 4964 3535 5039 (65).
3562 4950 3720 5014 Οὗτος

1966 5208 2206 5299 Noras.

539 5393 650 5464 (Gl)
684 5393 975 5463 Παρὲδωκε
996 5390 1073 5461 τῷ
1102 5390 1387 5464 ὲξπισκόπιρ
1417 5387 2047 5464 Κωνσταντινρυπόλεῳς

468 5456 556 5528 εις
584 5456 846 5535 ,τήρησιν
894 5456 1228 5535 ὲνιαυσαίοις
1289 5456 1547 5535 μνήμαις,
1566 5529 1578 5535 Α
1598 5456 1878 5535 έορτάςειν
1907 5456 2049 5535 Δ’τῂν

470 5522 747 5611 ἀνάδειξιν
767 5534 879 5611 τοῦ⁸
898 5532 1133 5611 σταυροῦ
1160 5522 1497 5611 προστάξας·
1532 5522 1884 5611 Ἀλέξανδρος
1902 5526 1961 5581 δὲ
1979 5522 2048 5599 ἦν

1312 5599 1616 5671 χαρίσμασι
1705 5598 2050 5668 διαλάμπων,

471 5604 775 5671 τηνικαῦτα
856 5604 1232 5666 ἀποστολικοῖς

477 5674 833 5743 μητροφάνην
856 5673 948 5726 τὸν
974 5673 1120 5728 ὅσιον
1153 5672 1556 5743 διαδεξάμενος.

552 5723 823 5814 [δείξεσι
870 5723 1084 5801 sunt."
1105 5723 1631 5815 ⁷Ἐέὲιτῇίόμολᾶγῑᾳ
1665 5740 1765 5813 τῆς
1795 5741 2049 5805 πίστεως.

2156 5387 2291 5440 Κατ’
2315 5387 2522 5439 ἐκεῖνον
2543 5382 2633 5436 τὸν
2673 5378 2916 5451 καιρδνή
2947 5375 3193 5448 μακαρία
3230 5372 3415 5439 Ἑλένη
3451 5360 3589 5416 τέλει
3631 5354 3715 5409 τοῦ

2161 5456 2278 5528 βίου
2307 5455 2605 5528 ἐχρήσατο..
2667 5519 2749 5528 __
2786 5522 2798 5528 _
2961 5518 2972 5528 _
3083 5517 3126 5528 __
3506 5506 3691 5528 -ηωρ

2225 5506 2501 5594 ίθῦγῧόιίξ
2517 5506 2636 5594 sclt.
2667 5519 2758 5592 Τῷ
2782 5518 3068 5594 ὲπισκόπῳ
3083 5506 3709 5572 Κωνσταντινουπόλεως-

2256 5591 2963 5667 θυιτοηομὲγκαξγίσαι-
3053 5658 3078 5667 ,
3180 5658 3205 5667 ,
3336 5656 3345 5667 .
3536 5639 3709 5667 η..-τ,,,

2256 5600 2344 5667 64)
2370 5600 2556 5659 Forte,
2624 5600 2963 5661 ὲγκαινῐσαι.
3643 5639 3661 5651 _
3690 5648 3707 5665 β

2233 5600 2363 5740 ίϐὒ)
2386 5666 2517 5721 Sch.
2547 5666 2606 5719 Ὀ
2630 5664 2737 5718 τῶν
2760 5658 3119 5733 Ἀρειανικῶν
3176 5656 3460 5728 δογμάτων
3486 5651 3707 5721 γενναιοτ

2163 5738 2565 5810 ὢνπρόμαχος.
