4036 6226
349 309 497 395 40ῡὲ

1336 318 1437 379 DE
1495 314 1974 379 INVENTIONE
2012 315 2319 376 SANCTAZ
2359 314 2657 380 CRUCIS;

3501 312 3644 378 4οΰίὶ

345 435 804 509 ἁναθεματισθεὶς
861 435 919 488 ὲν
969 435 1035 505 τῇ
1086 431 1340 486 Νικαέων
1388 428 1659 503 μετὰτῶν
1713 428 1938 500 συνθρύ-

2063 443 2234 485 torum
2264 439 2427 485 sectae
2465 429 2791 485 adhmserat.
2826 425 2928 483 Hic
2971 427 3022 482 in
3056 425 3232 482 Nicaea
3280 427 3485 499 synodo
3509 441 3646 482 con-

359 547 457 584 mv
488 529 601 601 (66)
626 525 794 583 αὐτοῦ
844 525 941 580 καὶ
989 523 1318 595 ὲξορισθεὶς,
1349 520 1490 593 μετὰ
1535 520 1730 592 χρόνον
1767 520 1821 573 δὲ
1854 519 1953 590 τὴν

371 620 784 692 φιλανθρωπίαν
831 617 927 672 τοῦ
997 614 1261 688 βασιλέως
1289 617 1367 677 εἰς
1430 612 1640 682 ἐφόδιον
1672 611 1951 673 λαϐόντες,

352 716 581 788 χαρτίον
616 713 891 785 βασιλικὸν
926 712 1236 782 ἀνήνεγκαν
1274 707 1351 775 τῷ
1374 706 1603 777 βασιλεῖ,
1628 704 1947 773 ὀμνύοντες,

353 811 547 878 ὅτιπερ
570 805 951 877 ύπογράφουσι
981 805 1047 874 τῇ
1078 800 1293 855 ἐκθέσει
1332 800 1426 870 τῆς
1453 798 1712 861 πίστεως,
1767 796 1861 851 καὶ
1896 797 1954 850 έν

357 901 523 953 πᾶσιν
585 896 942 952 ἀκολουθοῦσι
991 897 1103 958 τοῖς
1138 892 1315 962 ἁγίοις
1355 893 1659 963 Πατράσιν.
1700 887 1950 952 Πεισθεὶς

359 994 415 1045 δὲ
438 990 650 1054 τούτοις
703 991 731 1043 ὁ
787 981 1042 1060 ’βασιλεὺς
1103 984 1469 1039 ἀνεκαλέσατο
1510 984 1708 1046 αὐτοὺς
1748 986 1813 1036 ὲκ
1844 981 1947 1051 τῆς

356 1082 595 1153 ὲξορίας,
642 1081 738 1133 καὶ
801 1079 968 1150 τιμῆς
1012 1079 1095 1131 ὅτι
1144 1076 1379 1147 μάλιστα
1418 1074 1679 1144 πλείστης
1722 1072 1948 1142 ἠξίωσε.

358 1172 717 1243 Σχολάζοντος
753 1169 811 1224 δὲ
853 1168 948 1222 τοῦ
1005 1165 1417 1221 Κωνσταντίνου
1469 1164 1677 1226 πόλεως
1735 1164 1947 1235 θρόνου,

356 1268 478 1328 ταῖς
498 1264 727 1327 οἰκείαις
760 1259 1055 1333 μηχανίαις
1097 1259 1380 1329 χρώμενος
1436 1256 1772 1327 τυραννικῶς
1819 1274 1951 1309 κατ-

357 1358 517 1428 έσχεν
548 1356 641 1409 τὸν
670 1358 771 1426 τῆς
809 1351 1207 1425 βασιλευούσης
1242 1349 1428 1421 θρόνον
1453 1350 1481 1401 ὁ
1512 1348 1791 1410 Εὐσέϐιος.
1810 1349 1954 1401 Ἐπι-

356 1449 655 1519 λαῦόμενος
684 1447 740 1500 δὲ
767 1447 865 1517 τῆς
920 1443 1169 1516 μείζονος
1225 1442 1478 1508 ἐξουσίας
1521 1442 1617 1495 καὶ
1655 1443 1779 1503 τοὺς
1819 1442 1952 1511 ὀμό-

359 1557 565 1612 φρονας
618 1538 784 1594 αὐτοῦ
850 1539 1300 1606 ἀποκατέστησεν
1364 1537 1444 1597 είς
1508 1534 1605 1598 τὰς
1664 1535 1761 1604 τῆς
1827 1534 1953 1588 Ἐκ-

358 1631 586 1702 κλησίας
614 1628 942 1699 ὑπηρεσίας,
978 1628 1218 1695 ἐξεώσας
1251 1627 1380 1690 τοὺς
1414 1625 1579 1691 ἀξίως
1608 1626 1944 1699 διενεργυῦν-

357 1738 456 1784 τας
480 1720 651 1783 αὐτάς
685 1719 821 1791 (67).

2058 524 2353 577 demnatus
2382 536 2505 577 cum
2561 521 2929 577 sectatoribus
2964 523 3098 585 suis,
3127 530 3291 589 atque
3317 522 3367 574 in
3393 520 3640 575 exsilium

2057 623 2214 668 actus
2245 624 2358 677 est,
2386 622 2573 683 postea
2607 622 2786 669 tamen
2811 614 2884 668 illi
2920 616 3313 668 humanitatem
3349 616 3643 681 imperato-

2060 706 2137 760 ris
2168 708 2235 760 ad
2266 708 2497 761 reditum
2525 709 2921 780 impetrandum
2946 706 3340 777 periclitantes,
3359 708 3645 776 epistolam

2057 800 2373 856 obtulerunt
2395 802 2496 857 hac
2517 804 2791 856 sententia
2832 818 2846 854 :
2878 800 3134 856 Juramus
3168 817 3266 855 nos
3300 801 3646 857 subscribere

2058 902 2224 964 atque
2263 894 2542 964 suscipere
2582 893 2705 949 ﬁdei
2740 895 3161 963 expositionem,
3188 906 3352 963 atque
3384 892 3438 948 in
3465 894 3647 947 omni-

2057 986 2163 1040 bus
2191 995 2412 1042 sanctos
2442 987 2634 1043 Patres
2677 988 2853 1057 sequi,
2883 988 3080 1056 quibus
3107 986 3333 1042 creditis
3369 1004 3381 1040 :
3409 986 3644 1056 impera-

2060 1087 2146 1133 tor
2178 1094 2272 1133 eos
2299 1080 2366 1134 ab
2388 1080 2581 1135 exsilio
2602 1082 2896 1144 revocavit,
2936 1081 3282 1149 maximoque
3320 1080 3527 1133 lienore
3544 1092 3648 1133 cu-

2057 1172 2559 1244 mulavit.Cumque
2578 1177 2737 1231 sedes
2751 1174 3357 1243 Constantinop0litana
3378 1182 3644 1237 vacasset,

2056 1266 2230 1320 solitis
2282 1270 2396 1322 suis
2449 1268 2656 1322 teclmis
2699 1278 2889 1332 utens,
2940 1266 3225 1336 tyrannice
3278 1267 3645 1337 imperati-lein

2058 1358 2208 1412 urbis
2254 1359 2505 1413 thronum
2557 1359 2849 1428 occupavit
2880 1358 3172 1426 Eusebius,
3208 1368 3264 1413 et
3292 1359 3500 1429 majore
3550 1373 3648 1429 po-

2059 1459 2257 1505 testate
2298 1451 2542 1517 obtenta,
2600 1466 2711 1506 suaa
2763 1460 2927 1505 sectae
2973 1449 3222 1504 homines
3257 1451 3322 1505 al
3385 1451 3647 1505 ecclesia-

2055 1550 2191 1603 stica
2226 1548 2523 1604 ministeria
2543 1548 2813 1619 provexit,
2848 1546 3120 1616 legitimos
3148 1545 3428 1601 ministros
3449 1559 3641 1601 eorum

2052 1638 2352 1711 expellens.

430 1810 634 1864 Τούτου
702 1811 756 1863 δὲ
808 1810 1106 1881 γενομένου
1178 1811 1321 1865 κατὰ
1378 1811 1700 1866 Ἀθανασίου
1763 1812 1947 1866 λοιπὸν

2128 1816 2333 1873 Deinde
2371 1828 2560 1874 contra
2589 1818 2945 1874 Athanasium
2973 1819 3413 1886 insurrexerunt,
3453 1819 3642 1877 multis

370 1902 779 1973 Ἀλεξανδρείας
811 1902 1123 1972 ἐσχόλαζον,
1152 1902 1353 1967 πολλὰς
1403 1907 1527 1957 κατ’
1563 1905 1729 1959 αὑτοῦ
1766 1921 1951 1958 σκαιο-

363 1994 482 2065 pia;
515 1994 880 2054 ἐπινοοῦντες.
920 1994 980 2046 'U
1032 1994 1090 2047 δὲ
1141 1993 1394 2065 βασιλεὺς
1450 1996 1662 2050 δίκαιον
1703 1997 1948 2068 ἡγήσατο

360 2090 456 2144 καὶ
497 2089 817 2143 Ἀθανάσιον
849 2088 1076 2143 καλέσαι
1100 2090 1182 2153 είς
1210 2090 1282 2143 τά
1342 2092 1594 2159 ὲγκαίνια
1630 2091 1739 2144 τῶν
1776 2092 1947 2160 ἁγίων

359 2181 563 2234 τόπων.
596 2180 827 2233 Κελεύει
858 2176 953 2233 οὖν
986 2179 1206 2251 πρῶτον
1232 2183 1291 2235 ὲν
1321 2184 1484 2254 Τύρῳ
1534 2184 1808 2238 συνελθεῖν
1851 2185 1948 2255 τὴν

363 2269 603 2333 σύνοδον,
628 2271 722 2323 καὶ
752 2272 816 2322 ri
846 2268 987 2323 κατὰ
1048 2270 1366 2326 Ἀθανάσιον
1407 2273 1822 2340 διασκέψασθαι,
1853 2276 1947 2329 καὶ

355 2361 503 2422 οὕτω
566 2360 690 2431 δίχα
752 2363 934 2433 πάσης
984 2363 1297 2434 διχοτομίας
1337 2367 1577 2437 ὁρμῆσαι
1629 2367 1835 2429 πάντας
1858 2369 1949 2421 ἐπὶ

358 2461 460 2532 τὴν
490 2455 708 2530 ἑορτήν.
749 2453 1067 2512 Ἀπέστειλε
1101 2455 1200 2513 καὶ
1234 2456 1327 2509 τὸν
1367 2457 1532 2511 αὐτοῦ
1565 2458 1783 2528 ἀνεψιὸν
1810 2461 1946 2514 Δαλ-

364 2555 559 2625 μάτιον
607 2553 854 2624 ὲπόπτην
906 2549 1167 2623 γενέσθαι
1212 2553 1311 2622 τῆς
1368 2551 1588 2606 συνόδου
1641 2553 1772 2624 (68).
1817 2554 1950 2608 Συν-

361 2646 624 2700 ελθόντων
645 2646 701 2700 δὲ
731 2645 839 2699 τῶν
862 2646 1178 2701 ἐπισκόπων
1201 2648 1260 2703 έν
1287 2643 1472 2719 Τύρῳ,
1503 2647 1684 2716 παρῆν
1722 2645 1819 2699 σὺν
1848 2646 1949 2700 αύ-

361 2741 473 2802 τοῑς
506 2740 599 2791 καὶ
625 2740 653 2792 ὁ
675 2738 774 2809 τῆς
802 2736 991 2802 Αίλίας
1018 2738 1318 2803 ἐπίσκοπος
1344 2736 1706 2810 Μαξιμωνᾶς,
1737 2735 1952 2806 ἀγνοῶν

364 2832 681 2885 παντάπασι
749 2831 1007 2884 τὰκκατά
1058 2831 1377 2885 Ἀθανασίου
1431 2832 1804 2902 σωρευόμενα.
1862 2827 1950 2895 Ὡς

362 2921 420 2973 δὲ
444 2920 693 2992 εἰσῆλθεν
739 2921 1059 2987 ’Λθανάσιος
1087 2924 1164 2986 είς
1194 2922 1256 2975 τὸ
1311 2922 1611 2994 συνέδριον,
1642 2922 1946 2994 περιέστη-

366 3030 466 3066 σαν
490 3013 640 3083 αὐτῷ
666 3014 716 3066 οἱ
744 3016 1064 3085 κατήγοροι,
1084 3014 1298 3085 μεγάλα
1327 3014 1420 3068 καὶ
1453 3014 1624 3086 βαρέα
1647 3014 1951 3087 αἰτιάματα

364 3107 624 3179 φέροντες
652 3106 772 3162 κατ’
810 3109 996 3172 αὐτοῦ,
1034 3109 1177 3179 άπερ
1212 3108 1475 3161 ὑπέθεντο
1500 3109 1684 3172 αὐτοῖς
1718 3109 1769 3162 οἱ
1803 3125 1949 3181 παρ-

362 3166 517 3256 ύντες
550 3166 827 3263 δικασταὶ,
858 3166 1111 3262 Εὐσέϐιος
1146 3166 1182 3252 ’ὁ
1212 3199 1581 3270 Νικομηδείας
1608 3166 1702 3254 καὶ
1737 3201 1787 3254 οἱ
1822 3166 1951 3271 περὶ
1982 3166 2024 3224 C

364 3291 546 3345 αὐτόν.
567 3292 703 3344 Ἀλλ’
728 3292 830 3348 οὐκ
862 3292 1089 3362 ἴσχυσαν
1119 3292 1416 3359 ἀποδεῖξαι,
1468 3292 1786 3347 ’Δθανασίου
1811 3294 1949 3346 άπο-

365 3382 723 3454 λογουμένου,
754 3385 848 3436 καὶ
876 3385 1119 3454 ἀράχνης
1170 3383 1325 3455 δίκην
1365 3383 1697 3448 διεσπῶντος
1749 3384 1818 3437 τά
1858 3384 1950 3436 ὑπ’

366 3476 545 3530 αὐτῶν
569 3477 966 3548 προτεινόμενα
984 3478 1117 3549 (69).
1149 3478 1242 3542 Ei;
1270 3478 1468 3549 μανίαν
1489 3478 1867 3549 δὲτραπέντες
1900 3478 1951 3530 oi

367 3571 688 3641 κατήγοροι,
751 3572 837 3641 ἐφ’
892 3565 972 3632 οἷς
1012 3570 1377 3640 ἐφωράθησαν
1431 3570 1789 3639 ψευσάμενοι,
1821 3586 1950 3622 συν-

367 3663 522 3730 έχεον
538 3661 684 3713 ἅπαν
710 3661 770 3713 τὸ
795 3660 1090 3728 συνέδριον,
1115 3660 1348 3728 βοῶντες
1368 3676 1382 3691 ο
1411 3661 1618 3730 Ἀρατε
1644 3660 1736 3712 τὸν
1755 3660 1948 3728 γόητα,

369 3751 597 3822 γοητείᾳ
616 3751 725 3821 γάρ
745 3768 853 3804 τινι
886 3753 1232 3820 χρησάμενος
1270 3751 1479 3813 πάντας
1529 3751 1803 3820 ὲφίμωσε.
1844 3754 1954 3805 Καὶ

368 3842 633 3916 ἐφονεύθη
690 3843 756 3896 ἂν
815 3842 1150 3908 Ἀθανάσιος,
1213 3832 1262 3893 εί
1306 3841 1383 3912 μὴ
1416 3842 1446 3893 ὁ
1479 3842 1699 3912 ἀνεψιὸς
1725 3842 1821 3895 τοῦ
1854 3841 1952 3913 βα-

371 3937 563 4001 σιλέως
602 3936 874 4006 ἐξήγαγεν
913 3936 1074 3988 αὑτὸν
1127 3934 1212 3988 διὰ
1258 3933 1604 4006 στρατιωτῶν
1659 3936 1725 3989 ἐκ
1770 3935 1953 4008 χειρὸς

370 4031 573 4086 αὐτῶν.

442 4125 612 4192 Λόγος
633 4123 691 4177 δὲ
724 4108 935 4194 κρατεῖ,
988 4123 1070 4176 ὃτι
1122 4121 1440 4184 ’Δθανάσιος
1483 4121 1693 4176 ἐκεῖθεν
1742 4121 1951 4192 φυγὼν,

370 4211 603 4284 ἀνῆλθεν
631 4214 712 4275 είς
739 4213 837 4283 τὴν
871 4212 1033 4281 ἁγίαν
1071 4212 1228 4265 πόλιν
1255 4253 1270 4277 ,
1328 4213 1423 4265 καὶ
1478 4213 1712 4283 ποιήσας
1765 4213 1950 4285 εὐχὴν,

371 4306 466 4359 καὶ
495 4304 574 4377 τῷ
597 4304 735 4375 άγίῳ
767 4306 924 4376 μύρῳ
955 4304 1150 4375 χρίσας
1177 4304 1272 4358 καὶ
1320 4304 1555 4373 ἁγιάσας
1584 4307 1711 4369 τοὺς
1751 4305 1952 4377 εὐκτη-

374 4398 523 4470 ρίους
553 4400 734 4463 οίκους
766 4399 873 4469 πρὸ
922 4398 1023 4467 τῆς
1050 4397 1161 4451 τῶν
1207 4396 1410 4451 λοιπῶν
1450 4397 1767 4450 ἐπισκόπων
1806 4414 1952 4467 παρ-

2054 1910 2108 1965 in
2132 1925 2255 1967 eum
2278 1911 2417 1967 dolis
2434 1912 2706 1968 conﬁctis.
2732 1912 3037 1981 Imperator
3058 1923 3241 1968 autem
3279 1914 3345 1967 ad
3368 1914 3643 1973 Ecclesia-

2054 2018 2175 2057 rum
2247 2002 2651 2059 dedicationem
2718 2003 2882 2057 etiam
2953 2003 3315 2058 Athanasium
3376 2005 3647 2058 advocare

2055 2110 2269 2165 equum
2296 2095 2531 2158 censuit,
2570 2096 2918 2166 primumque
2965 2096 3196 2166 imperat
3219 2094 3348 2167 Tyri
3378 2095 3646 2166 synodum

2056 2188 2175 2258 cogi
2198 2197 2251 2243 et
2278 2188 2564 2242 Athanasii
2596 2204 2818 2242 causam
2844 2188 3166 2255 examinari,
3195 2199 3359 2257 atque
3396 2189 3469 2243 ita
3497 2188 3646 2244 omni

2056 2280 2402 2335 dissensione
2426 2280 2693 2346 deposita,
2721 2280 2913 2335 Patres
2948 2282 3014 2334 ad
3051 2281 3411 2336 dedicationis
3442 2279 3646 2336 festum

2057 2387 2376 2442 properare.
2409 2371 2557 2426 Misit
2585 2375 2653 2426 ad
2679 2373 2793 2427 haec
2823 2371 3214 2427 consobrinum
3247 2387 3402 2427 suum
3429 2373 3647 2427 Dalma-

2060 2468 2215 2535 titun,
2244 2475 2307 2520 ut
2330 2466 2521 2537 synodi
2550 2475 2827 2536 spectator
2854 2464 3104 2520 adesset:
3145 2480 3379 2535 cumque
3406 2464 3644 2536 episcopi

2059 2558 2466 2622 convenissent,
2493 2558 2595 2612 fuit.
2621 2574 2743 2613 cum
2786 2557 2898 2613 illis
2926 2559 3090 2612 etiam
3132 2555 3393 2612 [Eliensis
3434 2558 3647 2627 episco-

2059 2665 2180 2721 pus,
2207 2650 2563 2716 Maximonas,
2620 2650 2828 2705 inscius
2878 2664 3092 2715 eorum,
3133 2665 3256 2718 qute
3305 2651 3545 2720 undique
3587 2650 3641 2704 in

2061 2743 2425 2799 Athanasium
2459 2745 2835 2797 struebantur.
2858 2740 3154 2811 Postquam
3190 2756 3318 2796 vero
3358 2743 3410 2795 in
3442 2741 3649 2809 judicio

2058 2832 2389 2888 Athanasius
2428 2833 2755 2901 comparuit,
2789 2832 3274 2887 circumsteterunt
3312 2845 3434 2884 eum
3486 2846 3649 2886 accu-

2060 2935 2301 2989 satores,
2335 2923 2521 2997 gravia
2562 2923 2792 2978 crimina
2828 2923 3203 2992 objectantes,
3250 2936 3314 2977 ea
3366 2922 3647 2988 nimirum,

2062 3030 2181 3085 qua:
2200 3019 2352 3087 ipsis,
2377 3015 2692 3088 quijudicio
2717 3025 3006 3085 praeerant,
3033 2998 3653 3087 suggesserantmempe

2064 3110 2329 3166 Eusebius
2347 3109 2808 3178 Nicomediensis,
2825 3110 3031 3183 quique
3049 3124 3173 3164 cum
3193 3109 3311 3179 ipso
3326 3116 3484 3162 erant
3505 3107 3650 3161 idem

2061 3199 2369 3256 molientes.
2416 3201 2611 3256 Verum
2664 3201 2799 3255 nihil
2856 3212 3045 3271 aperte
3088 3198 3418 3257 convincere
3463 3206 3654 3266 potue-

2061 3303 2209 3360 runt,
2238 3293 2543 3348 Athanasio
2580 3310 2640 3349 se
2671 3294 2916 3364 graviter
2952 3294 3303 3359 defendente,
3345 3304 3652 3360 eorumque

2060 3388 2456 3452 accusationes,
2489 3386 2640 3440 velut
2693 3401 3018 3440 aranearum
3056 3385 3222 3451 telas,
3254 3385 3648 3454 confringente.

2060 3478 2240 3543 Quare
2262 3489 2613 3533 accusatores
2644 3478 2697 3531 in
2741 3478 2944 3532 rabiem
2981 3477 3145 3542 versi,
3174 3485 3467 3545 aperteque
3500 3485 3654 3528 men-

2061 3570 2203 3624 dacii
2232 3570 2491 3635 convicti,
2524 3583 2686 3624 omne
2734 3568 2998 3635 judicium
3041 3567 3463 3631 confundentes,
3500 3566 3651 3621 voci-

2063 3663 2162 3716 bus
2239 3662 2479 3715 clamare
2550 3670 2833 3730 cmperunt
2866 3659 3101 3715 :Tollite
3171 3658 3648 3729 praestigiatorem,

2062 3753 2350 3824 praestigiis
2395 3754 2539 3807 enim
2572 3762 2732 3808 utens
2779 3767 2970 3807 omnes
3020 3751 3375 3807 dementavit.
3416 3749 3651 3821 Jamque

2061 3848 2299 3915 perierat
2347 3844 2705 3912 Athanasius,
2748 3843 2853 3899 nisi
2905 3843 3253 3913 imperatoris
3290 3842 3652 3897 consobrinus

2062 3950 2186 3991 eum
2234 3949 2331 4005 per
2361 3933 2566 3990 milites
2605 3948 2733 3989 suos
2764 3948 2833 3988 ex
2865 3948 3055 3990 eorum
3089 3932 3341 3989 manibus
3384 3932 3649 3989 abduxis-

2061 4037 2166 4084 set.
2794 4010 2801 4018 “
2994 4100 2999 4109 ι

2134 4121 2301 4177 Fama
2331 4130 2512 4176 autem
2543 4128 2629 4177 est
2660 4119 3039 4183 Athanasium,
3070 4116 3219 4173 iilitte
3240 4116 3558 4186 fugientem,
3593 4117 3649 4172 in

2060 4215 2334 4269 civitatem
2353 4221 2596 4268 sanctam
2625 4211 2959 4283 pervenisse,
2990 4208 3218 4280 fusaque
3244 4210 3312 4263 ad
3348 4210 3513 4264 Deum
3533 4224 3656 4265 ora-

2064 4309 2209 4364 tione
2229 4293 2373 4363 :edes
2397 4320 2586 4362 sacras
2615 4319 2773 4360 sacro
2789 4312 3065 4373 unguento
3095 4301 3419 4372 perunxisse
3438 4308 3495 4356 et
3518 4312 3650 4355 coo-

2062 4414 2328 4463 secrasse,
2390 4408 2682 4468 antequam
2737 4396 2918 4452 ceteri
2973 4394 3216 4465 episcopi
3279 4393 3650 4458 advenlssent,

373 4491 583 4556 ουσίας,
613 4484 767 4553 οὗτος
801 4487 1068 4543 κατέλαϐε
1118 4487 1210 4542 τὸν
1251 4487 1496 4558 βασιλέα,
1526 4488 1707 4541 πάντα
1731 4487 1800 4541 τά
1831 4485 1953 4540 κατ’

2063 4509 2264 4564 eosque
2288 4491 2427 4564 apud
2452 4491 2725 4547 Caesarem
2749 4487 3137 4552 antevertisse,
3169 4486 3350 4541 omnia
3385 4486 3506 4555 ipsi,
3533 4499 3654 4555 quas

374 4581 541 4635 αὐτοῦ
570 4580 825 4648 ἐξειπών.
868 4581 928 4633 '0
960 4580 1018 4634 δὲ
1081 4579 1321 4643 ἀκούσας
1365 4578 1463 4633 καὶ
1508 4578 1795 4648 θαυμάσας
1845 4578 1955 4631 τῶν

374 4675 662 4730 ἀντιδίκων
689 4674 856 4728 αὑτοῦ
884 4674 982 4745 τὴν
1041 4675 1331 4747 πονηρίαν,
1372 4672 1468 4728 καὶ
1492 4672 1662 4742 τιμῆς
1693 4670 1956 4743 μεγίστης

374 4765 614 4833 ἀξιώσας
632 4766 816 4833 αὑτὸν,
846 4766 983 4835 μετά
1016 4766 1360 4839 γραμμάτων
1379 4762 1675 4835 βασιλικῶν
1709 4763 1963 4816 ἀπέστει-

373 4860 464 4915 λεν
487 4859 582 4914 ἐπὶ
607 4861 708 4929 τὴν
743 4856 1174 4930 Ἀλεξάνδρειαν.
1208 4856 1655 4930 Παραγενόμενοι
1674 4854 1731 4908 δὲ
1758 4856 1805 4907 oi
1835 4854 1959 4907 ὲπί-

378 4968 573 5006 σκοποι
628 4953 708 5014 εἰς
750 4950 1131 5020 Ἰερουσαλὴμ,
1195 4948 1437 5019 φαιδρῶς
1465 4946 1585 5000 λίαν
1635 4946 1965 5000 ἐπετέλεσαν

374 5043 475 5114 τὴν
514 5042 707 5114 ἑορτὴν
740 5040 849 5094 τῶν
904 5041 1218 5110 ὲγκαινίων,
1258 5040 1351 5094 τοῦ
1408 5036 1674 5112 βασιλέως
1703 5036 1964 5090 ἀποστεί-

376 5135 565 5198 λαντος
581 5134 840 5204 κειμήλια
861 5135 954 5188 καὶ
982 5132 1306 5188 παντοδαπά
1322 5132 1501 5203 χρυσᾶ
1529 5129 1698 5184 τεκαὶ
1721 5129 1962 5200 ἀργυρᾶ,

378 5225 547 5290 λίθοις
570 5227 772 5296 τιμίοις
796 5227 1222 5299 πεποικιλμένα,
1251 5227 1348 5280 καὶ
1376 5221 1836 5299 περιπετάσματα
1868 5236 1967 5273 πε-

379 5294 705 5391 ποικιλμένα
739 5320 832 5373 καὶ
891 5294 1188 5392 πολύτιμα,
1235 5319 1330 5373 καὶ
1378 5294 1640 5389 χρήματα
1690 5313 1853 5368 ἱκανὰ
1885 5314 1964 5379 είς

2065 4587 2169 4642 sibi
2209 4586 2471 4659 intentata
2503 4583 2720 4638 fuerant
2746 4582 2999 4647 crimina,
3034 4578 3377 4650 exponendo.
3404 4578 3537 4647 Quae
3565 4578 3654 4633 ille

2066 4679 2315 4741 audiens,
2369 4676 2671 4730 admiratus
2734 4673 3175 4729 adversariorum
3227 4672 3651 4741 improbitatem,

2069 4769 2326 4825 maximis
2374 4766 2655 4822 beneﬁciis
2706 4774 2871 4835 atque
2902 4765 3108 4818 honore
3147 4761 3502 4818 Athanasium
3539 4761 3658 4815 alli-

2073 4864 2244 4937 ciens,
2280 4876 2401 4914 cum
2435 4859 2634 4913 litteris
2666 4856 2931 4927 im'periali
2966 4857 3290 4911 auctoritate
3305 4854 3655 4923 conscriptis,

2073 4951 2455 5007 Alexandriam
2491 4948 2659 5003 misit.
2682 4946 2950 5010 Casterum
2981 4946 3237 5014 cumjam
3262 4942 3498 5014 episcopi
3529 4941 3658 4996 Hie-

2077 5044 2405 5117 rosolymam
2447 5042 2753 5107 venissent,
2789 5040 3149 5096 dedicationis
3174 5039 3368 5092 festum
3405 5032 3653 5090 celebra-

2074 5142 2219 5195 runt,
2271 5129 2600 5198 imperatore
2657 5128 3038 5198 snppeditante
3097 5141 3350 5197 magnam
3412 5123 3660 5194 pecuniae

2070 5221 2204 5287 vim,
2240 5235 2304 5274 ac
2350 5220 2573 5274 donaria
2610 5219 2760 5271 varia
2795 5231 2957 5272 aurea
2992 5225 3045 5272 et
3083 5223 3364 5286 argentea,
3403 5212 3660 5285 pretiosis

2073 5310 2338 5382 lapidibus
2381 5320 2606 5377 ornata,
2659 5311 2932 5380 variegata
2983 5308 3426 5378 peripetasmata,
3475 5305 3658 5377 magni

1842 5485 2079 5547 ΝΟΤΑΕ.

449 5587 563 5660 (66)
598 5586 729 5660 Sch-
768 5586 1150 5660 ζομοφρόνωῑο

453 5649 565 5730 (67)
599 5658 730 5713 Cod.
763 5649 892 5712 Sch.
926 5649 1022 5709 Ἔν
1046 5657 1167 5730 ταῖς
1193 5655 1433 5730 οἰκείαις
1456 5651 1771 5727 παροικίαις
1801 5649 1967 5717 ἐξεώ-

381 5726 634 5801 σας-τοὺς
669 5726 1259 5801 προχειροτονηθέντας
1294 5726 1495 5801 αὐτῶν.

451 5799 565 5873 (63)
598 5794 726 5857 Sch:
757 5794 1301 5871 Ἐπόπτηνγενέσθαι
1327 5796 1428 5866 τῆς
1456 5795 1844 5859 καταστάσεως
1863 5794 1963 5864 τῆς

2084 5577 2591 5651 συναθροιζομένης
2615 5577 2862 5651 σύνοδον.

2150 5641 2271 5721 (69)
2308 5641 2452 5721 gini.
2506 5641 2636 5703 Sch.
2699 5644 3255 5721 KQ?GO¢F&V€O;_1&C
3299 5641 3663 5721 συκοφαντίας

2072 5714 2275 5774 αὐτῶν.
2322 5718 2491 5772 Paulo
2529 5730 2670 5788 post,
2702 5718 2799 5773 καὶ
2860 5718 3039 5771 πάντα
3089 5715 3156 5771 τὰ
3199 5714 3322 5771 κατ’
3359 5717 3523 5771 αὑτὸν
3567 5718 3664 5770 ἁν-

2070 5790 2308 5856 εδίδαξεν
2340 5788 2523 5844 αὐτόν.
