4036 6226
429 311 568 375 6067
1656 309 2032 371 ALEXAND]

2140 308 2486 370 MONACHI
3628 305 3763 371 4068

431 429 594 501 pretii
628 425 1023 497 copiosamque
1049 424 1335 497 pecuniam
1358 423 1544 496 egenis
1564 422 2020 490 distribuendam,

2140 422 2366 476 διάδοσιν
2388 422 2496 475 τῶν
2521 420 2752 491 πτωχῶν
2768 421 2863 475 καὶ
2886 421 3204 493 φιλοτιμίαν
3240 422 3499 476 πάντων
3526 422 3637 476 τῶν
3650 441 3771 478 συν·

426 532 482 577 et
518 523 569 577 in
635 521 940 576 subsidium
982 519 1236 574 omnibus
1293 519 1361 573 ad
1415 518 1555 572 diem
1612 518 1763 573 illum
1827 516 2024 570 festum

2140 514 2444 586 ερχομένων
2475 516 2555 577 εἰς
2607 513 2705 583 τὴν
2746 515 2964 585 ἑορτήν.
3013 515 3185 580 Ὠςδὲ
3234 515 3473 587 ἢκουσε
3525 517 3601 570 τὰ
3631 519 3774 574 κατά

427 612 906 670 convenientibus.
938 610 1009 666 Ut
1056 626 1185 664 vero
1232 610 1441 665 audivit
1481 609 1682 665 Christi
1719 608 2028 663 amantissi-

428 721 551 762 mus
593 706 889 773 imperator
919 704 985 757 de
1041 712 1356 756 sanctorum
1391 702 1632 755 locorum
1666 701 2024 764 dedicatione,

430 813 658 868 magnas
708 796 914 865 gratias
976 794 1086 848 Deo
1137 793 1267 862 egit,
1330 795 1677 864 animumque
1729 793 1901 861 magis
1949 793 2016 846 ad

431 886 804 941 Christiauam
844 882 1166 951 religionem
1201 880 1423 948 adjecit.
1988 942 1996 949 _

506 977 635 1032 Fuit
668 991 797 1029 vero
829 975 917 1029 hic
948 975 1261 1030 tricesimus
1302 973 1510 1042 imperii
1542 971 1657 1041 ejus
1692 979 1891 1038 annus,
1916 980 2029 1025 sta-

434 1066 640 1136 timque
693 1067 863 1135 legem
913 1065 1181 1133 imperiali
1223 1066 1397 1118 forma
1439 1064 1787 1134 conscripsit,
1822 1079 1888 1116 ne
1912 1064 2028 1117 cui-

435 1175 596 1229 quam
627 1156 937 1213 Judazorum
983 1158 1121 1211 intra
1168 1164 1381 1213 sextum
1410 1157 1478 1210 ab
1518 1156 1907 1226 Hierosolymis
1952 1158 2029 1208 la-

432 1252 611 1321 pidem
666 1265 988 1318 comparere
1036 1249 1250 1312 liceret,
1290 1265 1599 1317 magnaque
1638 1252 1707 1301 ob
1742 1247 1834 1303 Dei
1884 1250 1933 1301 iu
1970 1262 2027 1301 se

435 1342 763 1397 beneficium
819 1342 1103 1410 voluptate
1168 1340 1421 1410 perfusus
1469 1350 1597 1407 est,
1646 1356 1768 1396 cum
1823 1341 2029 1395 videret

435 1436 599 1489 etiam
634 1434 901 1489 barbaras
931 1434 1181 1487 nationes
1218 1433 1284 1486 ad
1318 1434 1621 1487 doctrinam
1668 1434 1911 1488 veritatis
1939 1449 2030 1488 ac-

436 1536 750 1591 curretttes,
781 1527 1054 1595 facileque
1091 1527 1323 1597 imperio
1357 1543 1454 1581 suo
1487 1527 1785 1595 subiectas,
1817 1528 2029 1580 vivens-

435 1637 542 1692 que
590 1622 761 1674 alium
822 1620 1047 1690 insuper
1076 1637 1277 1674 annum
1302 1661 1315 1685 ,
1356 1636 1419 1674 ac
1469 1635 1684 1674 menses
1715 1634 1938 1688 paucos,
1970 1620 2028 1681 in

438 1714 688 1768 morbum
718 1713 935 1778 incidit,
963 1713 1017 1766 in
1048 1728 1154 1781 quo
1183 1713 1486 1780 baptizatus
1510 1710 1842 1765 Nicomediae
1869 1711 2023 1766 obiit.

2128 608 2195 660 τὰ
2249 605 2501 674 ἑγκαίνια
2546 605 2654 658 τῶν
2706 606 2880 674 ἁγίων
2918 606 3100 661 τόπων
3127 609 3155 661 ὁ
3187 607 3585 677 φιλόχριστος
3614 607 3774 677 βασι-

2128 697 2275 758 λεὺς,
2308 696 2477 750 πολλὰ
2510 696 2905 768 εὐχαρίστησεν
2922 698 3000 770 τῷ
3019 697 3159 770 Θεῷ,
3195 699 3311 753 καὶ
3338 698 3568 769 μᾶλλον
3598 717 3774 773 προσ-

2129 790 2289 858 ετέθη
2323 790 2402 859 τῷ
2429 790 2863 860 Χριστιανισμῷ.

2199 965 2312 1024 Ἦν
2342 971 2399 1024 δὲ
2430 971 2757 1042 τριακοστὸν
2780 970 2940 1024 τοῦτο
2962 950 3083 1035 ἔτος
3102 972 3203 1042 τῆς
3230 950 3555 1042 βασιλείας
3573 969 3768 1026 αὐτοῦ.

2128 1064 2312 1134 Νόμον
2367 1064 2424 1118 δὲ
2487 1064 2648 1127 εὐθὺς
2711 1063 2915 1135 ἔγραψε
2972 1064 3111 1134 μετά
3175 1062 3501 1134 βασιλικοῦ
3558 1063 3769 1133 τύπου,

2128 1155 2271 1209 ὥστε
2336 1158 2411 1227 μὴ
2440 1156 2703 1211 δύνασθαι
2748 1157 2986 1225 φανῆναι
3033 1156 3340 1220 Ἰουδαίους
3388 1158 3480 1219 είς
3537 1158 3774 1225 Ἰεροσό-

2128 1248 2300 1317 λυμα,
2331 1250 2439 1303 ἀπὸ
2469 1248 2526 1316 ἓξ
2575 1248 2816 1318 σημείων
2872 1248 3076 1319 κύκλῳ.
3112 1248 3366 1320 Ἐχοιιρε
3439 1249 3504 1301 δὲ
3553 1249 3654 1302 ἐπὶ
3702 1252 3766 1320 τῇ

2130 1340 2315 1412 χάριτι
2356 1340 2449 1394 τοῦ
2479 1341 2639 1406 Θεοῦ,
2666 1341 2878 1411 βλέπων
2904 1341 3083 1395 καὶτά
3112 1342 3389 1413 βάρϐαρα
3418 1343 3564 1412 ἔθνη
3606 1360 3770 1413 προσ.

2128 1433 2392 1504 τρέχοντα
2420 1433 2496 1502 τῷ
2523 1434 2665 1501 λόγῳ
2691 1437 2790 1503 τῆς
2816 1434 3099 1505 ἀληθείας,
3137 1436 3228 1487 καὶ
3283 1435 3484 1506 ἡδέως
3517 1435 3768 1507 ὑποτασ-

2132 1524 2336 1594 σόμενα
2362 1524 2439 1594 τῷ
2474 1524 2688 1599 βασιλεῖ
2729 1525 2878 1593 ’(70).
2919 1525 3258 1589 Ἐπιὸιώσας
3321 1526 3388 1579 δὲ
3430 1526 3519 1579 ἔτι
3556 1526 3685 1590 ἔτος
3711 1528 3768 1581 ἓν

2130 1619 2226 1672 καὶ
2263 1620 2438 1687 μῆνας
2490 1618 2707 1687 ὀλίγους
2744 1620 3069 1691 περιέπεσεν
3111 1619 3426 1691 ἀρρωστίᾳ.
3462 1621 3605 1686 τινὶ,
3642 1614 3767 1694 ὲνῇ

2129 1709 2228 1764 καὶ
2261 1711 2580 1781 βαπτισθεὶς
2611 1713 2668 1763 ὲν
2716 1712 3058 1783 Νικομηδείᾳ
3107 1712 3427 1768 ἀπέθανεν.
3497 1714 3765 1768 Ἀνεϐάλ-

440 1806 737 1862 Distulerat
784 1806 955 1870 enim,
992 1814 1049 1860 ut
1084 1807 1136 1860 in
1188 1805 1447 1871 Jordane,
1501 1805 1645 1875 quod
1681 1819 2026 1875 summopere

2140 1803 2251 1855 λετο
2277 1802 2334 1854 δὲ
2356 1801 2514 1855 τοῦτο
2564 1802 2672 1862 ἕως
2711 1802 2807 1857 τοῦ
2843 1804 2998 1857 τοῦδε
3029 1804 3247 1870 καιροῦ,
3288 1807 3355 1859 ὲν
3388 1805 3478 1875 τῷ
3515 1804 3761 1877 Ἰορδάνῃ

441 1896 871 1963 desiderarent,
906 1896 1297 1967 baptizaretur.

511 1989 648 2045 Cum
683 1999 864 2044 autem
906 1990 1180 2043 erectiore
1226 1996 1372 2044 esset
1420 1988 1627 2053 animo,
1664 2002 1753 2043 res
1783 2002 1909 2043 suas
1940 1987 2029 2057 pie
2072 2008 2098 2032 κ

437 2081 731 2150 disposuit,
762 2080 970 2136 relictis
1003 2081 1180 2136 tribus
1222 2081 1348 2136 filiis
1376 2080 1588 2150 imperii
1619 2081 1778 2135 simul
1818 2090 1874 2136 et
1912 2082 2029 2150 pie-

439 2174 570 2231 tatis
623 2171 952 2229 hmredibus.
1000 2172 1297 2228 Maximum
1349 2174 1569 2242 quidem
1608 2182 1770 2240 nattt,
1815 2173 2029 2240 sibique

437 2266 817 2336 cognominem
849 2264 1270 2320 Constantinum
1331 2265 1575 2334 praefecit
1622 2266 1870 2333 partibus
1903 2281 2024 2334 qua:

439 2366 567 2410 sunt
614 2355 691 2412 ad.
713 2368 997 2411 occasum.
1034 2353 1281 2407 Alterum
1328 2369 1457 2408 vero
1484 2352 1729 2421 ejusdem
1762 2369 1885 2409 cum
1926 2370 2030 2409 avo

438 2448 764 2504 Constantio
788 2447 1032 2510 nomine,
1054 2445 1694 2515 Orientisimperatorem
1719 2448 2024 2526 constituit.

438 2539 721 2594 Minimum
774 2549 929 2603 natu,
963 2537 1227 2607 Europae.
1263 2537 1454 2594 Nullus
1483 2554 1609 2594 vero
1640 2530 1799 2595 morti
1841 2557 2030 2612 pareu-t

439 2633 516 2689 tis
567 2633 763 2688 adfuit.
823 2631 972 2687 Obiit
1030 2643 1212 2687 autem
1282 2633 1674 2691 celeberrimus
1735 2635 2031 2702 imperator

440 2725 862 2791 Constantinus,
889 2741 1088 2780 annum
1121 2741 1291 2795 agens
1330 2729 1724 2795 sexagesimum
1753 2727 2026 2796 quintum.

441 2817 738 2889 Imperavit
787 2832 923 2873 vero
958 2818 1045 2888 pie
1074 2859 1090 2884 ,
1144 2818 1362 2888 Deoque
1401 2829 1553 2889 grate
1597 2833 1768 2876 annos
1810 2820 2028 2888 triginta

445 2909 604 2973 duos,
632 2918 687 2963 et
715 2908 908 2965 relicto
931 2911 1173 2965 terrestri
1208 2925 1395 2979 regno,
1419 2911 1645 2967 caeleste
1676 2912 1904 2976 adeptus
1925 2918 2027 2966 est.

444 2998 805 3057 Venerandas
839 3015 969 3056 vero
998 2999 1116 3068 ejus
1158 3002 1420 3070 reliquias
1460 3009 1889 3072 composuerunt
1926 3001 2030 3055 mi-

443 3090 572 3147 lites
608 3094 661 3149 iu
690 3108 826 3149 urna
855 3107 1057 3159 aurea;
1090 3092 1444 3163 feceruntque
1479 3094 1752 3165 planctum
1772 3109 2029 3164 magnum

2132 1893 2366 1965 ποταμῷ
2392 1894 2583 1947 τούτου
2605 1894 2911 1966 ἀξιωθῆναι
2937 1896 3137 1950 ποθῶν.

2205 1984 2453 2056 Εὔθυμος
2478 1984 2589 2055 (Ἠ)
2635 1987 2691 2039 δὲ
2734 1988 3027 2058 γενόμενος
3070 1989 3286 2044 διέθετο
3322 1990 3615 2054 εὐσεϐῶς,
3636 1989 3763 2053 τοὺς

2132 2079 2281 2148 τρεῖς
2313 2078 2463 2141 υἱοὺς
2492 2078 2825 2149 καταλείψας
2855 2080 2957 2151 τῆς
2989 2081 3156 2135 αὑτοῦ
3192 2083 3504 2152 βασιλείας
3537 2083 3638 2135 καὶ
3671 2082 3760 2134 εὐ-

2136 2170 2353 2233 σεϐείας
2385 2172 2779 2243 κληρονόμους,
2815 2174 2906 2226 τὸν
2923 2173 3309 2246 πρεσϐύτερον
3346 2177 3453 2228 τὸν
3483 2177 3586 2230 καὶ
3608 2175 3757 2246 δμώε-

2134 2280 2302 2330 νυμον
2359 2263 2523 2317 αὑτοῦ
2577 2266 2987 2319 Κωνσταντῖνον
3034 2267 3277 2338 ἄρχοντα
3314 2268 3626 2334 ἀναδείξας
3648 2268 3759 2321 τῶν

2135 2354 2408 2426 ἐσπερίων
2440 2356 2644 2426 μερῶν.
2677 2358 2779 2411 Τὸν
2805 2359 2859 2411 δὲ
2887 2359 3139 2429 δεύτερον
3174 2360 3269 2412 τὸν
3323 2360 3641 2431 ὁμώνυμον
3661 2358 3751 2414 τοῦ

2134 2447 2364 2501 πάππου
2409 2449 2813 2512 Κωνσταντίου,
2867 2451 2967 2519 τῆς
3002 2449 3301 2518 ’Λνατολῆε
3341 2454 3587 2523 βασιλέα
3613 2453 3751 2520 ἔχει·

2138 2540 2447 2610 ροτόνησεν,
2478 2539 2572 2593 τὸν
2639 2541 2697 2593 δὲ
2739 2543 3006 2612 νεώτερον
3046 2543 3145 2612 τῆς
3185 2543 3505 2614 Εὐρώπης.
3560 2543 3750 2605 Οὐδεὶς

2134 2633 2189 2686 δὲ
2210 2633 2416 2687 τούτων
2453 2633 2633 2702 παρῆν
2685 2634 2768 2697 εἰς
2816 2634 2914 2704 τὴν
2967 2634 3134 2688 αὐτοῦ
3164 2635 3467 2704 τελευτήν.
3504 2635 3745 2703 Τελευτᾷ

2134 2727 2190 2780 δὲ
2213 2730 2241 2780 ὁ
2263 2728 2624 2797 πανεύφημος
2685 2728 3092 2791 Κωνσταντῖνος
3129 2730 3158 2781 ὁ
3196 2728 3474 2799 βασιλεὺς
3501 2731 3579 2781 ὢν
3612 2728 3744 2780 ἐτῶν

2136 2819 2401 2891 ἑξήκοντα
2442 2819 2627 2881 πέντε,
2684 2819 3002 2875 ἐϐασίλευσε
3040 2820 3097 2873 δὲ
3133 2821 3388 2885 εὐσεϐῶς
3423 2821 3524 2875 καὶ
3550 2820 3740 2891 θεαρέ-

2139 2926 2279 2972 στως
2302 2909 2396 2978 ἔτη
2424 2910 2719 2979 τριάκοντα
2748 2910 2862 2973 δύο,
2886 2912 2983 2965 καὶ
3003 2910 3346 2982 καταλείψας
3365 2912 3473 2982 τὴν
3498 2912 3740 2978 ἐπίγειον

2140 3000 2442 3072 βασιλείαν,
2498 3003 2600 3073 τῆς
2660 3003 2916 3073 οὐρανίου
2982 3003 3316 3058 ἀπελάϐετο.
3357 3004 3436 3057 Τὸ
3475 3004 3536 3057 δὲ
3563 3004 3736 3071 τίμιον

2139 3096 2302 3150 αὑτοῦ
2328 3095 2581 3164 λείψανον
2639 3098 2698 3150 ἐν
2746 3096 2982 3166 λάρνακι
3015 3096 3358 3166 στρατιῶται
3388 3097 3614 3167 χρυσέῳ
3651 3095 3738 3146 ὲν-

448 3201 616 3254 super
647 3201 796 3253 eoin,
830 3185 1082 3257 lugentes
1116 3202 1181 3241 ac
1216 3187 1263 3243 si
1299 3187 1627 3243 eharissimo
1654 3188 1900 3257 parente,
1927 3203 2032 3244 non

2140 3187 2344 3250 θέντες,
2376 3187 2644 3266 ἐποίησαν
2670 3188 2901 3242 κοπετὸν
2928 3188 3103 3259 μέγαν
3142 3190 3230 3241 ἐπ’
3261 3190 3436 3243 αὐτὸν
3480 3186 3732 3258 θρηνοῦν-

447 3277 792 3333 dominatore
838 3292 965 3348 rege
1005 3278 1185 3332 orbati
1220 3288 1428 3334 essent.
1474 3281 1544 3334 At
1572 3281 1716 3335 enim
1761 3280 2036 3337 Constan-p

448 3373 560 3428 tius
591 3369 835 3427 Orientis
865 3371 1188 3441 imperator,
1221 3382 1502 3442 acceptum
1556 3375 1730 3445 patris
1770 3375 2030 3443 cadaver,

448 3462 723 3532 justisque
751 3463 1123 3532 imperatoriis
1158 3464 1473 3532 persolutis,
1510 3466 1564 3520 in
1593 3467 1740 3521 edito
1769 3468 1885 3523 loco
1909 3484 2041 3524 con-

447 3557 605 3620 didit,
627 3554 1098 3626 Coustantinopoli
1124 3596 1140 3621 ,
1178 3557 1232 3611 in
1260 3558 1464 3626 templo
1500 3558 1908 3628 Apostolorum,
1947 3560 2039 3615 ubi

450 3660 631 3703 mater
674 3648 797 3719 ejus
846 3646 1051 3704 Helena
1108 3650 1324 3720 sepulta
1370 3651 1594 3708 fuerat:
1628 3653 1682 3707 in
1733 3669 1860 3708 eum
1893 3653 2038 3709 enim

452 3738 616 3795 finem
642 3752 989 3798 exstruxerat
1022 3744 1215 3809 beatus
1246 3743 1648 3800 Constantinus
1678 3746 1824 3801 illam
1856 3749 2036 3803 eccle-

451 3833 613 3900 siam,
641 3843 699 3888 ut
722 3835 793 3890 ibi
826 3836 1189 3905 imperatores
1214 3846 1271 3892 et
1303 3840 1620 3896 sacerdotes
1651 3845 2039 3909 conderentur,

453 3941 523 3981 ne
548 3926 735 3995 procul
769 3928 1025 3983 abessent
1046 3931 1116 3983 ab
1148 3930 1465 3999 apostolicis
1497 3932 1764 4002 reliquiis.
1791 3931 2041 3987 Mortuus

451 4025 539 4071 est
561 4023 741 4071 autem
766 4017 1029 4072 vicesimo
1053 4020 1228 4088 primo
1252 4020 1339 4074 die
1361 4019 1509 4087 Maii,
1526 4022 1819 4077 undecimo
1840 4020 2044 4077 Kalen-

452 4107 555 4168 das
579 4107 755 4175 Junii,
780 4111 885 4166 sub
913 4114 1200 4170 consulatu
1228 4112 1488 4170 Feliciani
1524 4124 1580 4170 et
1607 4114 1850 4171 Tatiani.

531 4382 801 4441 Caeterum
837 4382 1160 4437 Constantio
1186 4381 1300 4450 jam
1335 4398 1507 4451 nuper
1538 4383 1592 4437 in
1622 4383 1915 4452 imperium
1953 4383 2042 4438 in-

459 4484 1050 4545 gresso.,accesserum
1077 4475 1144 4531 ad
1171 4489 1296 4531 eum
1328 4475 1547 4535 Arianae
1567 4476 1802 4532 vesaniae
1836 4476 2042 4546 princi-

460 4580 577 4637 pes,
608 4565 967 4620 adhortantes
1001 4580 1125 4619 eum
1156 4575 1216 4620 ut
1240 4567 1512 4636 adjectum
1544 4567 1692 4633 illud,
1726 4567 2037 4640 ὀμοούσιον,

458 4672 526 4712 ex
554 4657 814 4727 Symbolo
841 4656 967 4715 tldei
994 4658 1226 4727 tolleret,
1256 4660 1571 4717 dictitantes
1599 4676 1667 4717 ex
1713 4663 1814 4717 liae
1850 4661 2041 4721 vocula

2138 3293 2252 3341 τες,
2286 3276 2363 3339 ὡς
2428 3276 2635 3348 πατρὸς
2681 3275 3062 3346 φιλοστόργου,
3095 3276 3189 3330 καὶ
3235 3277 3301 3329 οὐ
3350 3276 3626 3348 βασιλέως
3652 3273 3731 3337 ἐξ·

2139 3367 2429 3424 ουσιαστοῢ
2465 3366 2839 3441 στερηθέντες.
2872 3367 3214 3422 Καταλαὸὼν
3252 3368 3312 3422 δὲ
3348 3367 3725 3425 Κωνστάντιος

2139 3463 2279 3533 ὁτῆς
2311 3462 2481 3535 Ἐᾠας
2502 3461 2780 3533 βασιλεὺς,
2804 3462 2897 3514 καλ⁵
2913 3460 3207 3532 βασιλικῶς
3231 3460 3519 3531 κηδεύσας
3534 3460 3622 3512 τὸν
3639 3475 3726 3509 πα-

2138 3555 2273 3626 τέρα
2284 3597 2299 3622 ,
2312 3555 2399 3624 ἐφ’
2416 3553 2622 3625 ὑψηλοῦ
2641 3552 2875 3607 ἀπέθετο
2890 3554 2948 3606 ὲν
2960 3555 3027 3621 τῇ
3045 3551 3152 3606 τῶν
3164 3551 3500 3607 ἀποστόλων
3517 3549 3719 3614 Ἐκκλη-

2144 3648 2235 3719 σία
2246 3648 2306 3701 ὲν
2334 3638 2744 3701 Κωνσταντίνου
2765 3646 2936 3712 πόλει,
2960 3645 3090 3699 ἔνθα
3106 3645 3360 3717 ἀπετέθη
3383 3648 3419 3716 ἡ
3441 3647 3625 3715 μήτηρ
3639 3640 3724 3695 αὒ-

2139 3740 2236 3793 τοῦ
2254 3739 2460 3810 Ἑλένη.
2490 3740 2586 3802 Είς
2609 3738 2769 3793 τοῦτο
2805 3737 2914 3810 γὰρ
2947 3739 2976 3790 ὁ
3019 3739 3289 3809 μακάριος
3317 3736 3728 3794 Κωνσταντῖνος

2141 3831 2493 3905 ᾠκοδόμησεν
2530 3831 2745 3902 εκείνην
2770 3826 2869 3901 τὴν
2890 3829 3206 3901 ἐκκλησίαν,
3230 3832 3311 3894 είς
3334 3830 3402 3885 τὸ
3436 3825 3728 3883 θάπτεσθαι

2142 3925 2464 3987 ὲκεῖσετοὺς
2493 3923 2733 3995 βασιλεῖς
2776 3923 2869 3978 καὶ
2896 3924 3082 3994 ἱερεῖς,
3108 3924 3258 3987 ὅπως
3284 3924 3366 3994 μὴ
3384 3917 3488 3977 ὦσι
3522 3917 3729 3991 μακρὰν

2142 4016 2254 4070 τῶν
2282 4016 2656 4071 ἀποστολικῶν
2682 4015 2971 4086 λειψάνων.
2991 4016 3241 4083 Ἐγένετο
3290 4015 3353 4069 δὲ
3411 4018 3596 4087 ἡμέρα
3640 4010 3729 4076 τῆς

2144 4115 2459 4181 κοιμήσεως
2489 4108 2655 4165 αὐτοῦ
2682 4108 2860 4167 εἰκάδι
2883 4107 3080 4179 πρώτῃ
3116 4107 3294 4161 Μαίου
3317 4107 3492 4179 μηνὸς
3517 4107 3582 4173 τῇ
3628 4098 3727 4168 πρὸ

2144 4199 2414 4272 δεκαμιᾶς
2451 4200 2733 4257 καλανδῶν
2770 4200 3027 4266 Ἰουνίων,
3061 4201 3119 4252 ἐν
3150 4200 3359 4271 ὑπατίᾳ
3407 4190 3727 4268 Φηλικιανοῦ

2146 4294 2242 4348 καὶ⁵
2275 4293 2563 4349 Τατιανοῧ.

2218 4389 2603 4443 Κωνσταντίου
2636 4389 2694 4441 δὲ
2721 4389 2849 4459 ἄρτι
2895 4390 3271 4460 κρατήσαντος
3298 4387 3400 4454 τῆς
3429 4374 3722 4453 βασιλείας.

2149 4479 2456 4550 προσῆλθον
2480 4480 2633 4551 αὐτῷ
2687 4481 2736 4533 οἱ
2789 4483 2890 4550 τῆς
2925 4480 3138 4551 Ἀρείου
3184 4480 3339 4532 νόσου
3403 4467 3721 4546 προστάται,

2146 4571 2595 4641 παρακαλοῦντες
2628 4573 2792 4626 αὐτὸν
2818 4572 2914 4625 τοῦ
2946 4571 3237 4642 ὁμοουσίου
3263 4571 3325 4624 τὸ
3349 4568 3639 4641 πρόσρημα
3663 4559 3724 4608 ὲκ

2145 4660 2242 4714 τοῦ
2262 4679 2326 4714 συ
2334 4661 2536 4733 μϐόλου
2558 4664 2658 4735 τῆς
2673 4664 2911 4729 πίστεως
2933 4664 3229 4735 περιελεῖν.
3248 4664 3429 4717 Αἴτιον
3452 4658 3560 4727 γὰρ
3576 4650 3725 4706 τοῦτο

2001 4817 2239 4874 NOTAE.

523 4932 633 5001 (70)
659 4930 808 5005 idem
831 4932 1095 5005 θοὰ-Καὶ
1120 4928 1188 5005 ἦν
1215 4933 1343 4985 ἰδεῖν
1369 4932 1785 5005 ὑποτασσόμενα
1797 4935 1864 5005 τῇ
1898 4932 2037 5005 Ῥωέ

502 5008 634 5059 αίων
660 5002 928 5076 βασιλείᾳ.
952 5002 1120 5076 Paulo
1138 5002 1257 5076 post
1276 5022 1289 5057 :
1310 5002 1941 5076 Περιέπεσενάρρωστίᾳ
1963 5004 2034 5058 δι’

502 5023 634 5059 αιων
660 5022 928 5074 ρασιλειᾳ.
952 5022 1120 5058 rauto
1138 5022 1257 5073 pust
1276 5022 1289 5057 :
1310 5022 1639 5072 ιιεριεπεσεν
1658 5022 1941 5076 ἀρρωστιᾳ
1963 5022 2031 5058 οι·

453 5022 523 5150 ἐς
546 5077 638 5150 καὶ
664 5073 936 5150 ἀπέβανεν
965 5074 1060 5150 κα).
1099 5076 1156 5126 ὲν
1188 5073 1524 5150 ἷξίικομηδείᾳ
1555 5073 1757 5150 διάγων
1789 5076 1845 5150 ἐν
1863 5092 2039 5150 προα-

420 5160 431 5203 l
457 5143 619 5214 ἐτείῳ
632 5146 739 5198 τινὶ
763 5144 976 5214 δέχεται
999 5146 1059 5196 τὸ
1083 5144 1348 5212 πανάγιον
1374 5143 1681 5212 βάπτισμαο
1711 5143 2038 5200 ἀνεϐάλλετο

453 5217 513 5270 δὲ
532 5215 714 5275 τοῦτο.
749 5226 855 5270 etc.
918 5215 1115 5268 Incidit
1156 5218 1211 5268 in
1240 5215 1503 5274 morbum.
1536 5230 1636 5282 quo
1658 5226 1707 5269 et
1769 5215 1921 5269 obiit.
1960 5216 2024 5269 Et

458 5286 786 5342 Nicomedia:
819 5301 978 5355 agens
1013 5286 1069 5338 in
1119 5286 1372 5339 suburbio
1414 5286 1663 5356 quodam,
1691 5286 1915 5355 suscipit
1958 5305 2040 5340 sa-

456 5368 792 5412 crosanctum
839 5357 1120 5421 baptisma,
1152 5355 1434 5410 distulerat
1474 5372 1591 5410 vero
1644 5355 1761 5415 hoc.
1789 5369 1897 5411 etc.
1937 5358 2036 5412 Se-

456 5434 648 5495 quitur
699 5427 1007 5480 Alexander
1038 5428 1349 5493 opiniunem
1409 5426 1629 5481 Eusebii
1662 5429 1728 5480 de
1773 5428 2039 5495 baptismo

539 5498 799 5552 nstantini
835 5513 852 5561 ;
888 5499 983 5566 sed
1019 5496 1307 5553 Eusebium
1340 5499 1523 5566 plures
1564 5497 1839 5559 refellunt,
1868 5498 2034 5550 etiam

458 5582 525 5620 ex
582 5567 809 5622 Graecis.
860 5565 1019 5621 Hunc
1066 5565 1436 5624 Alexandrum
1479 5568 1803 5624 nominatim
1839 5568 2039 5622 refutat

457 5636 676 5705 Glycas,
709 5654 762 5693 ιν
794 5647 932 5706 part.
966 5638 1274 5693 Annalium.

532 5706 801 5782 (7j)_ilaec
830 5710 1036 5782 omnia,
1073 5724 1241 5782 usque
1265 5710 1331 5763 ad
1367 5709 1481 5773 illa,
1542 5711 1917 5782 κρατήσαντος
1934 5707 2035 5778 τῆς

461 5775 759 5847 βασιλείας,
794 5781 989 5847 partim
1022 5775 1295 5845 restituta,
1330 5781 1527 5849 partim
1576 5775 1786 5845 adiecta
1818 5789 1945 5835 sunt
1974 5775 2042 5836 ex

2139 4949 2387 4990 manusc.
2429 4936 2772 5003 cuderpr
2812 4931 2965 4986 Ferr.
3002 4929 3134 4985 Nam
3168 4929 3220 4985 in
3254 4927 3514 4981 Bavaricu
3552 4918 3717 5003 plera—

2140 5021 2246 5074 que
2280 5008 2527 5071 deerant,
2565 4997 2761 5073 et'q'uae
2798 5003 3046 5074 aderant,
3086 5012 3191 5074 tam
3231 5004 3521 5074 depravata
3554 4997 3717 5074 ενίιξητ

2142 5064 2309 5129 ιῖινίχ
2364 5078 2475 5130 veri
2514 5064 2720 5127 sensus
2773 5073 3010 5125 Scintilla
3065 5064 3350 5125 emicaret.
3548 5064 3718 5139 δροππεδ

2143 5146 2260 5212 ipsa
2293 5147 2456 5201 verba
2500 5163 2513 5198 :
2552 5145 2857 5198 Κατέλειπε
2892 5143 2949 5196 δὲ
2993 5142 3127 5213 τοὺς
3156 5142 3359 5213 αὐτοὺς
3397 5136 3542 5195 υἱοὺς
3576 5136 3717 5213 sopiti;

2144 5200 2317 5291 δντας
2340 5217 2713 5291 κληρονόμους
2732 5216 2831 5284 τῆς
2853 5200 3160 5291 βασιλείας
3193 5210 3286 5265 τὸν
3312 5200 3410 5291 μὲν
3432 5200 3715 5291 πρεσβύτε-

2494 5268 2990 5360 Ἕσπέριαξλτδνδὲ
3019 5268 3395 5360 δεύτερον-’ἐὴγ
3433 5268 3714 5360 δξρΧὴν.-ἐῗῖ

2142 5346 2518 5420 ἐτείλατο,τδν
2548 5346 2734 5428 τρίτον
2760 5356 2858 5423 τῆς
2886 5346 3193 5428 Εὐρώπης.⁷
3234 5346 3419 5428 Ουδεὶξ
3448 5346 3502 5427 ὄξ
3524 5346 3713 5428 τριξῖίξξν

2142 5429 2326 5498 παρῆν
2339 5407 2418 5490 εἰς
2434 5428 2531 5499 τὴν
2554 5407 2748 5499 situ-:05
2769 5407 3044 5499 τελευτὴν.
3063 5407 3301 5499 Τελευτᾷ
3315 5422 3371 5473 δὲ
3386 5418 3462 5499 ῶν
3480 5407 3713 5499 ὲτῷνΐξῖυ

2733 5492 2830 5571 λῢξ.
2853 5478 3178 5571 ’ᾼνεκόμισε
3208 5478 3288 5571 ,δέ
3309 5491 3495 5571 τούτου
3546 5478 3709 5571 λξέςξτξξ

2141 5549 2722 5628 ξιόᾁῖἰζῴζρσῖάντιὸς
2771 5569 2851 5629 είς
2904 5549 3317 5618 Κωνᾶταντίνου
3366 5559 3533 5613 πόλιν.
3580 5549 3715 5631 Ἐ’ςεή

2139 5642 2370 5712 λεύτησε
2409 5641 2465 5695 δὲ
2496 5638 2937 5712 είκάδιᾲδευτέρο.
2986 5634 3081 5689 τοῦ
3119 5633 3314 5707 μηνός.
3358 5630 3716 5685 Κωνσταντιου

2147 5709 2326 5767 τοίνυν
2353 5712 2453 5782 τῆς
2488 5709 2786 5781 βασιλείας,
2814 5719 2922 5764 etc.
