  <div class='ocr_page' id='page_1' title='image "/cluster/home/n/w/nwhite01/storage/ocr_20150623/87 pt.3 1965/mdp.39015012172931/680.png"; bbox 0 0 4036 6226; ppageno 0'>
   <div class='ocr_carea' id='block_1_1' title="bbox 296 362 1916 449">
    <p class='ocr_par' dir='ltr' id='par_1_1' title="bbox 296 362 1897 449">
     <span class='ocr_line' id='line_1_1' title="bbox 296 362 1897 449; baseline -0.011 -6"><span class='ocrx_word' id='word_1_1' title='bbox 296 380 442 449; x_wconf 75' lang='grc'>4069</span> <span class='ocrx_word' id='word_1_2' title='bbox 1301 369 1402 432; x_wconf 87' lang='lat' dir='ltr'><strong>DE</strong></span> <span class='ocrx_word' id='word_1_3' title='bbox 1425 362 1897 432; x_wconf 73' lang='lat' dir='ltr'><strong>INVENTIONE</strong></span> 
     </span>
    </p>
   </div>
   <div class='ocr_carea' id='block_1_2' title="bbox 2018 362 2567 449">
    <p class='ocr_par' dir='ltr' id='par_1_2' title="bbox 2018 364 2567 425">
     <span class='ocr_line' id='line_1_2' title="bbox 2018 364 2567 425; baseline 0 -2"><span class='ocrx_word' id='word_1_4' title='bbox 2018 364 2243 424; x_wconf 63' lang='lat' dir='ltr'><strong>NCTJE</strong></span> <span class='ocrx_word' id='word_1_5' title='bbox 2272 364 2567 425; x_wconf 72' lang='lat' dir='ltr'><strong>CRUCIS.</strong></span> 
     </span>
    </p>
   </div>
   <div class='ocr_carea' id='block_1_3' title="bbox 300 471 1916 567">
    <p class='ocr_par' dir='ltr' id='par_1_3' title="bbox 300 471 1900 567">
     <span class='ocr_line' id='line_1_3' title="bbox 300 471 1900 567; baseline -0.013 -16"><span class='ocrx_word' id='word_1_6' title='bbox 300 500 511 567; x_wconf 71' lang='grc' dir='ltr'>ἔφασαν</span> <span class='ocrx_word' id='word_1_7' title='bbox 536 491 819 563; x_wconf 80' lang='grc' dir='ltr'>γεγονέναι</span> <span class='ocrx_word' id='word_1_8' title='bbox 848 487 946 557; x_wconf 70' lang='grc' dir='ltr'>τῆς</span> <span class='ocrx_word' id='word_1_9' title='bbox 975 485 1083 540; x_wconf 81' lang='grc' dir='ltr'><strong>τῶν</strong></span> <span class='ocrx_word' id='word_1_10' title='bbox 1111 481 1451 553; x_wconf 78' lang='grc' dir='ltr'>Ἐκκλησιῶν</span> <span class='ocrx_word' id='word_1_11' title='bbox 1465 480 1805 551; x_wconf 81' lang='grc' dir='ltr'><strong>διαιρέσεως.</strong></span> <span class='ocrx_word' id='word_1_12' title='bbox 1823 471 1900 531; x_wconf 74' lang='grc' dir='ltr'><strong>Οὗ</strong></span> 
     </span>
    </p>
   </div>
   <div class='ocr_carea' id='block_1_4' title="bbox 2018 471 3581 567">
    <p class='ocr_par' dir='ltr' id='par_1_4' title="bbox 2018 473 3581 541">
     <span class='ocr_line' id='line_1_4' title="bbox 2018 473 3581 541; baseline 0.002 -13"><span class='ocrx_word' id='word_1_13' title='bbox 2018 490 2218 528; x_wconf 73' lang='lat' dir='ltr'><strong>minem</strong></span> <span class='ocrx_word' id='word_1_14' title='bbox 2288 474 2655 528; x_wconf 58' lang='lat' dir='ltr'><strong>Ecclesiarum</strong></span> <span class='ocrx_word' id='word_1_15' title='bbox 2720 473 3039 528; x_wconf 71' lang='lat' dir='ltr'><strong>divisionem</strong></span> <span class='ocrx_word' id='word_1_16' title='bbox 3089 485 3336 529; x_wconf 75' lang='lat' dir='ltr'><strong>exortam</strong></span> <span class='ocrx_word' id='word_1_17' title='bbox 3393 477 3581 541; x_wconf 82' lang='lat' dir='ltr'><strong>fuisse,</strong></span> 
     </span>
    </p>
   </div>
   <div class='ocr_carea' id='block_1_5' title="bbox 298 566 1916 662">
    <p class='ocr_par' dir='ltr' id='par_1_5' title="bbox 298 566 1890 662">
     <span class='ocr_line' id='line_1_5' title="bbox 298 566 1890 662; baseline -0.014 -18"><span class='ocrx_word' id='word_1_18' title='bbox 298 590 580 662; x_wconf 76' lang='grc' dir='ltr'><strong>ἀρθέντος,</strong></span> <span class='ocrx_word' id='word_1_19' title='bbox 615 585 713 639; x_wconf 79' lang='grc' dir='ltr'><strong>οὐκ</strong></span> <span class='ocrx_word' id='word_1_20' title='bbox 740 583 820 637; x_wconf 73' lang='grc' dir='ltr'>ἔτι</span> <span class='ocrx_word' id='word_1_21' title='bbox 852 582 1004 634; x_wconf 71' lang='grc' dir='ltr'>ἔσται</span> <span class='ocrx_word' id='word_1_22' title='bbox 1044 576 1457 649; x_wconf 74' lang='grc' dir='ltr'>ἀμφισϐήτησις</span> <span class='ocrx_word' id='word_1_23' title='bbox 1520 572 1651 642; x_wconf 72' lang='grc' dir='ltr'>περὶ</span> <span class='ocrx_word' id='word_1_24' title='bbox 1686 569 1890 640; x_wconf 84' lang='grc' dir='ltr'>δογμά-</span> 
     </span>
    </p>
   </div>
   <div class='ocr_carea' id='block_1_6' title="bbox 2018 566 3584 662">
    <p class='ocr_par' dir='ltr' id='par_1_6' title="bbox 2018 566 3584 637">
     <span class='ocr_line' id='line_1_6' title="bbox 2018 566 3584 637; baseline 0.003 -17"><span class='ocrx_word' id='word_1_25' title='bbox 2018 582 2097 634; x_wconf 72' lang='lat' dir='ltr'><strong>[ua</strong></span> <span class='ocrx_word' id='word_1_26' title='bbox 2129 566 2362 631; x_wconf 83' lang='lat' dir='ltr'><strong>sublata,</strong></span> <span class='ocrx_word' id='word_1_27' title='bbox 2394 566 2595 619; x_wconf 83' lang='lat' dir='ltr'><strong>nullam</strong></span> <span class='ocrx_word' id='word_1_28' title='bbox 2625 566 2854 634; x_wconf 51' lang='lat' dir='ltr'><strong>amplius</strong></span> <span class='ocrx_word' id='word_1_29' title='bbox 2875 567 2939 620; x_wconf 85' lang='lat' dir='ltr'><strong>de</strong></span> <span class='ocrx_word' id='word_1_30' title='bbox 2973 568 3317 637; x_wconf 73' lang='lat' dir='ltr'><strong>dogmatibus</strong></span> <span class='ocrx_word' id='word_1_31' title='bbox 3345 568 3584 625; x_wconf 81' lang='lat' dir='ltr'><strong>futuram</strong></span> 
     </span>
    </p>
   </div>
   <div class='ocr_carea' id='block_1_7' title="bbox 3439 365 3584 432">
    <p class='ocr_par' dir='ltr' id='par_1_7' title="bbox 3439 365 3584 432">
     <span class='ocr_line' id='line_1_7' title="bbox 3439 365 3584 432; baseline 0.034 -5"><span class='ocrx_word' id='word_1_32' title='bbox 3439 365 3584 432; x_wconf 72' lang='grc'><strong>4070</strong></span> 
     </span>
    </p>
   </div>
   <div class='ocr_carea' id='block_1_8' title="bbox 295 662 1888 745">
    <p class='ocr_par' dir='ltr' id='par_1_8' title="bbox 295 662 1888 745">
     <span class='ocr_line' id='line_1_8' title="bbox 295 662 1888 745; baseline -0.013 -9"><span class='ocrx_word' id='word_1_33' title='bbox 295 700 427 736; x_wconf 85' lang='grc' dir='ltr'>των.</span> <span class='ocrx_word' id='word_1_34' title='bbox 477 662 534 735; x_wconf 64' lang='grc'><strong>⁵0</strong></span> <span class='ocrx_word' id='word_1_35' title='bbox 560 679 616 732; x_wconf 83' lang='grc' dir='ltr'>δὲ</span> <span class='ocrx_word' id='word_1_36' title='bbox 646 675 940 745; x_wconf 70' lang='grc' dir='ltr'><strong>κουφότητι</strong></span> <span class='ocrx_word' id='word_1_37' title='bbox 972 671 1199 741; x_wconf 79' lang='grc' dir='ltr'><strong>γνώμης</strong></span> <span class='ocrx_word' id='word_1_38' title='bbox 1246 666 1623 730; x_wconf 77' lang='grc' dir='ltr'>ἀϐασανίστως</span> <span class='ocrx_word' id='word_1_39' title='bbox 1658 662 1888 735; x_wconf 76' lang='grc' dir='ltr'>δεξάμε-</span> 
     </span>
    </p>
   </div>
   <div class='ocr_carea' id='block_1_9' title="bbox 299 757 1888 839">
    <p class='ocr_par' dir='ltr' id='par_1_9' title="bbox 299 757 1888 839">
     <span class='ocr_line' id='line_1_9' title="bbox 299 757 1888 839; baseline -0.014 -11"><span class='ocrx_word' id='word_1_40' title='bbox 299 792 388 837; x_wconf 89' lang='grc' dir='ltr'><strong>νος</strong></span> <span class='ocrx_word' id='word_1_41' title='bbox 412 774 542 836; x_wconf 70' lang='grc' dir='ltr'>τοὺς</span> <span class='ocrx_word' id='word_1_42' title='bbox 597 770 791 839; x_wconf 79' lang='grc' dir='ltr'><strong>λόγους</strong></span> <span class='ocrx_word' id='word_1_43' title='bbox 851 764 1054 831; x_wconf 83' lang='grc' dir='ltr'>αὐτῶν,</span> <span class='ocrx_word' id='word_1_44' title='bbox 1104 761 1362 815; x_wconf 78' lang='grc' dir='ltr'><strong>συνέθετο</strong></span> <span class='ocrx_word' id='word_1_45' title='bbox 1406 757 1567 813; x_wconf 79' lang='grc' dir='ltr'>τοῦτο</span> <span class='ocrx_word' id='word_1_46' title='bbox 1622 757 1888 827; x_wconf 84' lang='grc' dir='ltr'>ποιῆσαι,</span> 
     </span>
    </p>
   </div>
   <div class='ocr_carea' id='block_1_10' title="bbox 301 850 1891 931">
    <p class='ocr_par' dir='ltr' id='par_1_10' title="bbox 301 850 1891 931">
     <span class='ocr_line' id='line_1_10' title="bbox 301 850 1891 931; baseline -0.011 -14"><span class='ocrx_word' id='word_1_47' title='bbox 301 866 395 917; x_wconf 64' lang='grc' dir='ltr'><strong>καὶ</strong></span> <span class='ocrx_word' id='word_1_48' title='bbox 428 864 590 916; x_wconf 88' lang='grc' dir='ltr'>πάλιν</span> <span class='ocrx_word' id='word_1_49' title='bbox 620 857 688 931; x_wconf 80' lang='grc' dir='ltr'>ἦν</span> <span class='ocrx_word' id='word_1_50' title='bbox 714 860 955 930; x_wconf 77' lang='grc' dir='ltr'><strong>τάραχος</strong></span> <span class='ocrx_word' id='word_1_51' title='bbox 1002 856 1106 909; x_wconf 75' lang='grc' dir='ltr'><strong>οὐκ</strong></span> <span class='ocrx_word' id='word_1_52' title='bbox 1150 852 1331 923; x_wconf 74' lang='grc' dir='ltr'>ὀλίγος</span> <span class='ocrx_word' id='word_1_53' title='bbox 1362 852 1422 905; x_wconf 81' lang='grc' dir='ltr'>ἐν</span> <span class='ocrx_word' id='word_1_54' title='bbox 1465 851 1561 922; x_wconf 81' lang='grc' dir='ltr'>ὅλῃ</span> <span class='ocrx_word' id='word_1_55' title='bbox 1608 851 1675 921; x_wconf 76' lang='grc' dir='ltr'>τῇ</span> <span class='ocrx_word' id='word_1_56' title='bbox 1708 850 1891 902; x_wconf 87' lang='grc' dir='ltr'>οἰκου-</span> 
     </span>
    </p>
   </div>
   <div class='ocr_carea' id='block_1_11' title="bbox 305 956 818 1027">
    <p class='ocr_par' dir='ltr' id='par_1_11' title="bbox 305 956 818 1027">
     <span class='ocr_line' id='line_1_11' title="bbox 305 956 818 1027; baseline -0.01 0"><span class='ocrx_word' id='word_1_57' title='bbox 305 956 465 1027; x_wconf 62' lang='grc' dir='ltr'>μέιῃ·</span> <span class='ocrx_word' id='word_1_58' title='bbox 812 996 818 1003; x_wconf 92' lang='grc'><strong>-</strong></span> 
     </span>
    </p>
   </div>
   <div class='ocr_carea' id='block_1_12' title="bbox 378 1034 1897 1112">
    <p class='ocr_par' dir='ltr' id='par_1_12' title="bbox 378 1034 1897 1112">
     <span class='ocr_line' id='line_1_12' title="bbox 378 1034 1897 1112; baseline -0.01 -11"><span class='ocrx_word' id='word_1_59' title='bbox 378 1047 517 1102; x_wconf 82' lang='grc' dir='ltr'>Κατ’</span> <span class='ocrx_word' id='word_1_60' title='bbox 543 1046 750 1099; x_wconf 79' lang='grc' dir='ltr'>ἐκεῖνον</span> <span class='ocrx_word' id='word_1_61' title='bbox 771 1044 828 1098; x_wconf 83' lang='grc' dir='ltr'><strong>δὲ</strong></span> <span class='ocrx_word' id='word_1_62' title='bbox 856 1042 949 1097; x_wconf 88' lang='grc' dir='ltr'><strong>τὸν</strong></span> <span class='ocrx_word' id='word_1_63' title='bbox 985 1041 1181 1112; x_wconf 88' lang='grc' dir='ltr'>καιρὸν</span> <span class='ocrx_word' id='word_1_64' title='bbox 1228 1037 1412 1109; x_wconf 79' lang='grc' dir='ltr'>θαῦμα</span> <span class='ocrx_word' id='word_1_65' title='bbox 1442 1036 1668 1105; x_wconf 82' lang='grc' dir='ltr'>γέγονεν</span> <span class='ocrx_word' id='word_1_66' title='bbox 1698 1036 1755 1088; x_wconf 86' lang='grc' dir='ltr'>ὲν</span> <span class='ocrx_word' id='word_1_67' title='bbox 1800 1034 1897 1087; x_wconf 83' lang='grc' dir='ltr'><strong>Ἱε-</strong></span> 
     </span>
    </p>
   </div>
   <div class='ocr_carea' id='block_1_13' title="bbox 308 1124 1895 1211">
    <p class='ocr_par' dir='ltr' id='par_1_13' title="bbox 308 1124 1895 1211">
     <span class='ocr_line' id='line_1_13' title="bbox 308 1124 1895 1211; baseline -0.009 -20"><span class='ocrx_word' id='word_1_68' title='bbox 308 1136 631 1211; x_wconf 86' lang='grc' dir='ltr'>ροσολύμοις</span> <span class='ocrx_word' id='word_1_69' title='bbox 662 1135 842 1188; x_wconf 88' lang='grc' dir='ltr'>πάντα</span> <span class='ocrx_word' id='word_1_70' title='bbox 865 1132 1025 1202; x_wconf 81' lang='grc' dir='ltr'>λόγον</span> <span class='ocrx_word' id='word_1_71' title='bbox 1069 1130 1415 1203; x_wconf 78' lang='grc' dir='ltr'>ὑπερϐαῖνον.</span> <span class='ocrx_word' id='word_1_72' title='bbox 1456 1125 1678 1197; x_wconf 81' lang='grc' dir='ltr'><strong>Ἐπειδὴ</strong></span> <span class='ocrx_word' id='word_1_73' title='bbox 1706 1124 1814 1195; x_wconf 75' lang='grc' dir='ltr'>γὰρ</span> <span class='ocrx_word' id='word_1_74' title='bbox 1838 1124 1895 1177; x_wconf 76' lang='grc' dir='ltr'>ὲν</span> 
     </span>
    </p>
   </div>
   <div class='ocr_carea' id='block_1_14' title="bbox 305 1214 1897 1301">
    <p class='ocr_par' dir='ltr' id='par_1_14' title="bbox 305 1214 1897 1301">
     <span class='ocr_line' id='line_1_14' title="bbox 305 1214 1897 1301; baseline -0.011 -18"><span class='ocrx_word' id='word_1_75' title='bbox 305 1232 371 1301; x_wconf 83' lang='grc' dir='ltr'>τῇ</span> <span class='ocrx_word' id='word_1_76' title='bbox 392 1227 501 1281; x_wconf 86' lang='grc' dir='ltr'><strong>τῶν</strong></span> <span class='ocrx_word' id='word_1_77' title='bbox 517 1226 806 1297; x_wconf 75' lang='grc' dir='ltr'><strong>δογμάτων</strong></span> <span class='ocrx_word' id='word_1_78' title='bbox 825 1222 1127 1294; x_wconf 81' lang='grc' dir='ltr'>φιλονεικίᾳ</span> <span class='ocrx_word' id='word_1_79' title='bbox 1143 1220 1355 1289; x_wconf 80' lang='grc' dir='ltr'>ὲκκοπὴ</span> <span class='ocrx_word' id='word_1_80' title='bbox 1381 1214 1574 1288; x_wconf 86' lang='grc' dir='ltr'>γέγονε</span> <span class='ocrx_word' id='word_1_81' title='bbox 1592 1215 1703 1269; x_wconf 80' lang='grc' dir='ltr'><strong>τῶν</strong></span> <span class='ocrx_word' id='word_1_82' title='bbox 1725 1232 1897 1286; x_wconf 87' lang='grc' dir='ltr'>προσ-</span> 
     </span>
    </p>
   </div>
   <div class='ocr_carea' id='block_1_15' title="bbox 306 1305 1898 1393">
    <p class='ocr_par' dir='ltr' id='par_1_15' title="bbox 306 1305 1898 1393">
     <span class='ocr_line' id='line_1_15' title="bbox 306 1305 1898 1393; baseline -0.01 -19"><span class='ocrx_word' id='word_1_83' title='bbox 306 1318 619 1393; x_wconf 78' lang='grc' dir='ltr'>ερχομένων</span> <span class='ocrx_word' id='word_1_84' title='bbox 649 1319 715 1389; x_wconf 83' lang='grc' dir='ltr'>τῇ</span> <span class='ocrx_word' id='word_1_85' title='bbox 756 1316 958 1381; x_wconf 84' lang='grc' dir='ltr'>πίστει,</span> <span class='ocrx_word' id='word_1_86' title='bbox 1009 1310 1511 1381; x_wconf 85' lang='grc' dir='ltr'>σκανδαλιζομένων</span> <span class='ocrx_word' id='word_1_87' title='bbox 1557 1309 1650 1360; x_wconf 79' lang='grc' dir='ltr'>ἐπὶ</span> <span class='ocrx_word' id='word_1_88' title='bbox 1691 1308 1757 1378; x_wconf 76' lang='grc' dir='ltr'>τῇ</span> <span class='ocrx_word' id='word_1_89' title='bbox 1787 1305 1898 1359; x_wconf 85' lang='grc' dir='ltr'><strong>τῶν</strong></span> 
     </span>
    </p>
   </div>
   <div class='ocr_carea' id='block_1_16' title="bbox 310 1397 1897 1483">
    <p class='ocr_par' dir='ltr' id='par_1_16' title="bbox 310 1397 1897 1483">
     <span class='ocr_line' id='line_1_16' title="bbox 310 1397 1897 1483; baseline -0.01 -16"><span class='ocrx_word' id='word_1_90' title='bbox 310 1412 626 1483; x_wconf 77' lang='grc' dir='ltr'>ἱερωμένων</span> <span class='ocrx_word' id='word_1_91' title='bbox 655 1409 945 1480; x_wconf 77' lang='grc' dir='ltr'>διαφωνία,</span> <span class='ocrx_word' id='word_1_92' title='bbox 974 1406 1272 1476; x_wconf 80' lang='grc' dir='ltr'>οὐρανόθεν</span> <span class='ocrx_word' id='word_1_93' title='bbox 1316 1401 1519 1468; x_wconf 78' lang='grc' dir='ltr'>ἔδειξεν</span> <span class='ocrx_word' id='word_1_94' title='bbox 1554 1403 1582 1455; x_wconf 98' lang='lat'><strong>6</strong></span> <span class='ocrx_word' id='word_1_95' title='bbox 1623 1397 1732 1453; x_wconf 84' lang='grc' dir='ltr'>τῶν</span> <span class='ocrx_word' id='word_1_96' title='bbox 1763 1399 1897 1452; x_wconf 77' lang='grc' dir='ltr'>θαυο</span> 
     </span>
    </p>
   </div>
   <div class='ocr_carea' id='block_1_17' title="bbox 315 1491 1902 1577">
    <p class='ocr_par' dir='ltr' id='par_1_17' title="bbox 315 1491 1902 1577">
     <span class='ocr_line' id='line_1_17' title="bbox 315 1491 1902 1577; baseline -0.012 -16"><span class='ocrx_word' id='word_1_97' title='bbox 315 1505 526 1577; x_wconf 85' lang='grc' dir='ltr'>μασίων</span> <span class='ocrx_word' id='word_1_98' title='bbox 550 1502 701 1569; x_wconf 85' lang='grc' dir='ltr'>Θεὸς,</span> <span class='ocrx_word' id='word_1_99' title='bbox 729 1502 812 1557; x_wconf 86' lang='grc' dir='ltr'><strong>ὄτι</strong></span> <span class='ocrx_word' id='word_1_100' title='bbox 836 1502 935 1572; x_wconf 83' lang='grc' dir='ltr'>οὐχ</span> <span class='ocrx_word' id='word_1_101' title='bbox 963 1502 991 1554; x_wconf 91' lang='lat'><strong>6</strong></span> <span class='ocrx_word' id='word_1_102' title='bbox 1011 1499 1169 1568; x_wconf 82' lang='grc' dir='ltr'>λόγος</span> <span class='ocrx_word' id='word_1_103' title='bbox 1194 1497 1292 1566; x_wconf 82' lang='grc' dir='ltr'>τῆς</span> <span class='ocrx_word' id='word_1_104' title='bbox 1341 1496 1422 1558; x_wconf 85' lang='grc' dir='ltr'><strong>είς</strong></span> <span class='ocrx_word' id='word_1_105' title='bbox 1447 1492 1612 1548; x_wconf 78' lang='grc' dir='ltr'>αὑτὸν</span> <span class='ocrx_word' id='word_1_106' title='bbox 1663 1491 1902 1552; x_wconf 87' lang='grc' dir='ltr'>πίστεως</span> 
     </span>
    </p>
   </div>
   <div class='ocr_carea' id='block_1_18' title="bbox 312 1578 1901 1661">
    <p class='ocr_par' dir='ltr' id='par_1_18' title="bbox 312 1578 1901 1661">
     <span class='ocr_line' id='line_1_18' title="bbox 312 1578 1901 1661; baseline -0.013 -7"><span class='ocrx_word' id='word_1_107' title='bbox 312 1598 487 1661; x_wconf 77' lang='grc' dir='ltr'>αἴτιος</span> <span class='ocrx_word' id='word_1_108' title='bbox 524 1597 634 1652; x_wconf 80' lang='grc' dir='ltr'><strong>τῶν</strong></span> <span class='ocrx_word' id='word_1_109' title='bbox 672 1578 1008 1657; x_wconf 78' lang='grc' dir='ltr'>σκανδάλων,</span> <span class='ocrx_word' id='word_1_110' title='bbox 1045 1589 1181 1646; x_wconf 85' lang='grc' dir='ltr'><strong>άλλά</strong></span> <span class='ocrx_word' id='word_1_111' title='bbox 1200 1584 1308 1642; x_wconf 84' lang='grc' dir='ltr'>τῶν</span> <span class='ocrx_word' id='word_1_112' title='bbox 1346 1586 1625 1657; x_wconf 78' lang='grc' dir='ltr'>ἀδοκίμων</span> <span class='ocrx_word' id='word_1_113' title='bbox 1651 1582 1840 1654; x_wconf 84' lang='grc' dir='ltr'>ἱερέων</span> <span class='ocrx_word' id='word_1_114' title='bbox 1867 1582 1901 1651; x_wconf 84' lang='grc' dir='ltr'><strong>ἡ</strong></span> 
     </span>
    </p>
   </div>
   <div class='ocr_carea' id='block_1_19' title="bbox 315 1673 1903 1761">
    <p class='ocr_par' dir='ltr' id='par_1_19' title="bbox 315 1673 1903 1761">
     <span class='ocr_line' id='line_1_19' title="bbox 315 1673 1903 1761; baseline -0.013 -16"><span class='ocrx_word' id='word_1_115' title='bbox 315 1691 578 1761; x_wconf 83' lang='grc' dir='ltr'>σκαιότης</span> <span class='ocrx_word' id='word_1_116' title='bbox 631 1674 727 1743; x_wconf 58' lang='grc' dir='ltr'><strong>καὶ</strong></span> <span class='ocrx_word' id='word_1_117' title='bbox 769 1688 870 1758; x_wconf 81' lang='grc' dir='ltr'><strong>τῆς</strong></span> <span class='ocrx_word' id='word_1_118' title='bbox 922 1683 1192 1754; x_wconf 80' lang='grc' dir='ltr'>κακίστης</span> <span class='ocrx_word' id='word_1_119' title='bbox 1228 1679 1410 1735; x_wconf 82' lang='grc' dir='ltr'>αὐτῶν</span> <span class='ocrx_word' id='word_1_120' title='bbox 1433 1676 1663 1749; x_wconf 84' lang='grc' dir='ltr'>γνώμης</span> <span class='ocrx_word' id='word_1_121' title='bbox 1691 1676 1725 1744; x_wconf 84' lang='grc' dir='ltr'>ἡ</span> <span class='ocrx_word' id='word_1_122' title='bbox 1753 1673 1903 1727; x_wconf 78' lang='grc' dir='ltr'><strong>όιδια⁶</strong></span> 
     </span>
    </p>
   </div>
   <div class='ocr_carea' id='block_1_20' title="bbox 314 1766 1901 1854">
    <p class='ocr_par' dir='ltr' id='par_1_20' title="bbox 314 1766 1901 1854">
     <span class='ocr_line' id='line_1_20' title="bbox 314 1766 1901 1854; baseline -0.012 -17"><span class='ocrx_word' id='word_1_123' title='bbox 314 1782 540 1854; x_wconf 88' lang='grc' dir='ltr'>κρασία.</span> <span class='ocrx_word' id='word_1_124' title='bbox 563 1778 867 1851; x_wconf 82' lang='grc' dir='ltr'>Τοιγαροῦν</span> <span class='ocrx_word' id='word_1_125' title='bbox 912 1776 1068 1847; x_wconf 77' lang='grc' dir='ltr'>ἄφνω</span> <span class='ocrx_word' id='word_1_126' title='bbox 1101 1775 1357 1845; x_wconf 85' lang='grc' dir='ltr'>φαίνεται</span> <span class='ocrx_word' id='word_1_127' title='bbox 1390 1771 1577 1825; x_wconf 74' lang='grc' dir='ltr'>ἐπάνω</span> <span class='ocrx_word' id='word_1_128' title='bbox 1615 1766 1712 1822; x_wconf 82' lang='grc' dir='ltr'>τοῦ</span> <span class='ocrx_word' id='word_1_129' title='bbox 1744 1766 1901 1836; x_wconf 81' lang='grc' dir='ltr'>ἁγίου</span> 
     </span>
    </p>
   </div>
   <div class='ocr_carea' id='block_1_21' title="bbox 314 1829 1976 1943">
    <p class='ocr_par' dir='ltr' id='par_1_21' title="bbox 314 1829 1976 1943">
     <span class='ocr_line' id='line_1_21' title="bbox 314 1829 1976 1943; baseline -0.011 -17"><span class='ocrx_word' id='word_1_130' title='bbox 574 1829 1126 1943; x_wconf 26' lang='lat' dir='ltr'><strong>{pepigit-1.666.661};</strong></span> <span class='ocrx_word' id='word_1_131' title='bbox 1156 1863 1622 1935; x_wconf 85' lang='grc' dir='ltr'>παμμεγέστατος</span> <span class='ocrx_word' id='word_1_132' title='bbox 1670 1829 1903 1927; x_wconf 80' lang='grc' dir='ltr'>σταυρὸς</span> <span class='ocrx_word' id='word_1_133' title='bbox 1933 1829 1976 1884; x_wconf 73' lang='grc' dir='ltr'><strong>Β</strong></span> 
     </span>
    </p>
   </div>
   <div class='ocr_carea' id='block_1_22' title="bbox 315 1950 1908 2035">
    <p class='ocr_par' dir='ltr' id='par_1_22' title="bbox 315 1950 1908 2035">
     <span class='ocr_line' id='line_1_22' title="bbox 315 1950 1908 2035; baseline -0.011 -16"><span class='ocrx_word' id='word_1_134' title='bbox 315 1968 380 2021; x_wconf 83' lang='grc' dir='ltr'>ὲκ</span> <span class='ocrx_word' id='word_1_135' title='bbox 408 1966 586 2035; x_wconf 88' lang='grc' dir='ltr'>φωτὸς</span> <span class='ocrx_word' id='word_1_136' title='bbox 645 1960 1182 2031; x_wconf 83' lang='grc' dir='ltr'>κατεσκευασμένος,</span> <span class='ocrx_word' id='word_1_137' title='bbox 1212 1955 1506 2012; x_wconf 86' lang='grc' dir='ltr'>καλύπτων</span> <span class='ocrx_word' id='word_1_138' title='bbox 1529 1952 1625 2024; x_wconf 81' lang='grc' dir='ltr'>τὴν</span> <span class='ocrx_word' id='word_1_139' title='bbox 1647 1950 1741 2005; x_wconf 83' lang='grc' dir='ltr'><strong>τοῦ</strong></span> <span class='ocrx_word' id='word_1_140' title='bbox 1769 1952 1908 2021; x_wconf 80' lang='grc' dir='ltr'>ἡμε-</span> 
     </span>
    </p>
   </div>
   <div class='ocr_carea' id='block_1_23' title="bbox 302 2041 1906 2128">
    <p class='ocr_par' dir='ltr' id='par_1_23' title="bbox 302 2041 1906 2128">
     <span class='ocr_line' id='line_1_23' title="bbox 302 2041 1906 2128; baseline -0.012 -15"><span class='ocrx_word' id='word_1_141' title='bbox 302 2059 474 2128; x_wconf 82' lang='grc' dir='ltr'>’τέρου</span> <span class='ocrx_word' id='word_1_142' title='bbox 505 2057 663 2128; x_wconf 77' lang='grc' dir='ltr'>ἡλίου</span> <span class='ocrx_word' id='word_1_143' title='bbox 700 2053 1066 2125; x_wconf 83' lang='grc' dir='ltr'>λαμπρότητα</span> <span class='ocrx_word' id='word_1_144' title='bbox 1117 2051 1185 2119; x_wconf 80' lang='grc' dir='ltr'>τῇ</span> <span class='ocrx_word' id='word_1_145' title='bbox 1243 2045 1520 2117; x_wconf 77' lang='grc' dir='ltr'>ὑπερϐολῇ</span> <span class='ocrx_word' id='word_1_146' title='bbox 1561 2042 1659 2098; x_wconf 82' lang='grc' dir='ltr'>τοῦ</span> <span class='ocrx_word' id='word_1_147' title='bbox 1706 2041 1906 2113; x_wconf 82' lang='grc' dir='ltr'>φωτὸς,</span> 
     </span>
    </p>
   </div>
   <div class='ocr_carea' id='block_1_24' title="bbox 316 2134 1907 2214">
    <p class='ocr_par' dir='ltr' id='par_1_24' title="bbox 316 2134 1907 2214">
     <span class='ocr_line' id='line_1_24' title="bbox 316 2134 1907 2214; baseline -0.011 -10"><span class='ocrx_word' id='word_1_148' title='bbox 316 2150 550 2204; x_wconf 70' lang='grc' dir='ltr'>ἐνώπιον</span> <span class='ocrx_word' id='word_1_149' title='bbox 578 2149 799 2201; x_wconf 88' lang='grc' dir='ltr'>πάντων</span> <span class='ocrx_word' id='word_1_150' title='bbox 823 2144 931 2198; x_wconf 84' lang='grc' dir='ltr'>τῶν</span> <span class='ocrx_word' id='word_1_151' title='bbox 954 2144 1053 2214; x_wconf 84' lang='grc' dir='ltr'><strong>τὴν</strong></span> <span class='ocrx_word' id='word_1_152' title='bbox 1088 2140 1242 2195; x_wconf 88' lang='grc' dir='ltr'>πόλιν</span> <span class='ocrx_word' id='word_1_153' title='bbox 1260 2138 1575 2200; x_wconf 78' lang='grc' dir='ltr'>οἰκούντων,</span> <span class='ocrx_word' id='word_1_154' title='bbox 1613 2134 1825 2206; x_wconf 85' lang='grc' dir='ltr'>μικρῶν</span> <span class='ocrx_word' id='word_1_155' title='bbox 1846 2150 1907 2187; x_wconf 86' lang='grc' dir='ltr'><strong>τε</strong></span> 
     </span>
    </p>
   </div>
   <div class='ocr_carea' id='block_1_25' title="bbox 322 2224 1909 2311">
    <p class='ocr_par' dir='ltr' id='par_1_25' title="bbox 322 2224 1909 2311">
     <span class='ocr_line' id='line_1_25' title="bbox 322 2224 1909 2311; baseline -0.009 -17"><span class='ocrx_word' id='word_1_156' title='bbox 322 2243 413 2296; x_wconf 69' lang='grc' dir='ltr'><strong>καὶ</strong></span> <span class='ocrx_word' id='word_1_157' title='bbox 438 2240 711 2311; x_wconf 77' lang='grc' dir='ltr'>μεγάλων,</span> <span class='ocrx_word' id='word_1_158' title='bbox 738 2235 949 2289; x_wconf 85' lang='grc' dir='ltr'>πιστῶν</span> <span class='ocrx_word' id='word_1_159' title='bbox 971 2251 1031 2287; x_wconf 90' lang='grc' dir='ltr'><strong>τε</strong></span> <span class='ocrx_word' id='word_1_160' title='bbox 1062 2233 1156 2287; x_wconf 73' lang='grc' dir='ltr'><strong>καὶ</strong></span> <span class='ocrx_word' id='word_1_161' title='bbox 1179 2231 1446 2285; x_wconf 82' lang='grc' dir='ltr'>ἀπίστων.</span> <span class='ocrx_word' id='word_1_162' title='bbox 1471 2227 1739 2300; x_wconf 83' lang='grc' dir='ltr'>Κύριλλος</span> <span class='ocrx_word' id='word_1_163' title='bbox 1758 2226 1815 2280; x_wconf 80' lang='grc' dir='ltr'>δὲ</span> <span class='ocrx_word' id='word_1_164' title='bbox 1838 2224 1909 2300; x_wconf 82' lang='grc' dir='ltr'>ἦν</span> 
     </span>
    </p>
   </div>
   <div class='ocr_carea' id='block_1_26' title="bbox 318 2319 1910 2402">
    <p class='ocr_par' dir='ltr' id='par_1_26' title="bbox 318 2319 1910 2402">
     <span class='ocr_line' id='line_1_26' title="bbox 318 2319 1910 2402; baseline -0.009 -15"><span class='ocrx_word' id='word_1_165' title='bbox 318 2334 438 2387; x_wconf 85' lang='grc' dir='ltr'>τότε</span> <span class='ocrx_word' id='word_1_166' title='bbox 459 2334 487 2385; x_wconf 87' lang='grc' dir='ltr'><strong>ό</strong></span> <span class='ocrx_word' id='word_1_167' title='bbox 511 2332 619 2386; x_wconf 84' lang='grc' dir='ltr'><strong>τῶν</strong></span> <span class='ocrx_word' id='word_1_168' title='bbox 656 2328 1048 2402; x_wconf 81' lang='grc' dir='ltr'>Ἱεροσολύμων</span> <span class='ocrx_word' id='word_1_169' title='bbox 1087 2324 1405 2389; x_wconf 83' lang='grc' dir='ltr'>ἐπίσκοπος,</span> <span class='ocrx_word' id='word_1_170' title='bbox 1440 2321 1533 2376; x_wconf 86' lang='grc' dir='ltr'><strong>τὸν</strong></span> <span class='ocrx_word' id='word_1_171' title='bbox 1569 2319 1910 2391; x_wconf 82' lang='grc' dir='ltr'>ὁμολογητὴν</span> 
     </span>
    </p>
   </div>
   <div class='ocr_carea' id='block_1_27' title="bbox 264 2413 1911 2493">
    <p class='ocr_par' dir='ltr' id='par_1_27' title="bbox 264 2413 1911 2493">
     <span class='ocr_line' id='line_1_27' title="bbox 264 2413 1911 2493; baseline 0.007 -36"><span class='ocrx_word' id='word_1_172' title='bbox 264 2454 265 2457; x_wconf 44' lang='grc' dir='ltr'><strong>η</strong></span> <span class='ocrx_word' id='word_1_173' title='bbox 320 2424 662 2493; x_wconf 59' lang='grc' dir='ltr'>Μαξεμωνᾶν</span> <span class='ocrx_word' id='word_1_174' title='bbox 697 2420 1101 2490; x_wconf 75' lang='grc' dir='ltr'>διαδεξάμενος.</span> <span class='ocrx_word' id='word_1_175' title='bbox 1136 2417 1342 2471; x_wconf 86' lang='grc' dir='ltr'>Τούτου</span> <span class='ocrx_word' id='word_1_176' title='bbox 1379 2413 1645 2479; x_wconf 76' lang='grc' dir='ltr'>σώζονται</span> <span class='ocrx_word' id='word_1_177' title='bbox 1673 2413 1911 2484; x_wconf 84' lang='grc' dir='ltr'>κατηχή-</span> 
     </span>
    </p>
   </div>
   <div class='ocr_carea' id='block_1_28' title="bbox 324 2498 1910 2581">
    <p class='ocr_par' dir='ltr' id='par_1_28' title="bbox 324 2498 1910 2581">
     <span class='ocr_line' id='line_1_28' title="bbox 324 2498 1910 2581; baseline -0.007 -13"><span class='ocrx_word' id='word_1_178' title='bbox 324 2533 436 2579; x_wconf 74' lang='lat' dir='ltr'><strong>est;</strong></span> <span class='ocrx_word' id='word_1_179' title='bbox 464 2512 768 2577; x_wconf 85' lang='grc' dir='ltr'>δεκαοκτὼ,</span> <span class='ocrx_word' id='word_1_180' title='bbox 819 2511 1122 2581; x_wconf 81' lang='grc' dir='ltr'>εύδοκίμως</span> <span class='ocrx_word' id='word_1_181' title='bbox 1175 2506 1692 2579; x_wconf 86' lang='grc' dir='ltr'>συγγεγραμμέναι,</span> <span class='ocrx_word' id='word_1_182' title='bbox 1734 2508 1793 2558; x_wconf 83' lang='grc' dir='ltr'>ὲν</span> <span class='ocrx_word' id='word_1_183' title='bbox 1818 2498 1910 2568; x_wconf 73' lang='grc' dir='ltr'>αἶς</span> 
     </span>
    </p>
   </div>
   <div class='ocr_carea' id='block_1_29' title="bbox 322 2592 1909 2675">
    <p class='ocr_par' dir='ltr' id='par_1_29' title="bbox 322 2592 1909 2675">
     <span class='ocr_line' id='line_1_29' title="bbox 322 2592 1909 2675; baseline -0.009 -16"><span class='ocrx_word' id='word_1_184' title='bbox 322 2606 391 2675; x_wconf 86' lang='grc' dir='ltr'><strong>τὸ</strong></span> <span class='ocrx_word' id='word_1_185' title='bbox 449 2605 606 2673; x_wconf 82' lang='grc' dir='ltr'>άγιον</span> <span class='ocrx_word' id='word_1_186' title='bbox 672 2602 951 2674; x_wconf 72' lang='grc' dir='ltr'>Σύμϐολον</span> <span class='ocrx_word' id='word_1_187' title='bbox 994 2597 1345 2671; x_wconf 80' lang='grc' dir='ltr'>ἑρμηνεύσας</span> <span class='ocrx_word' id='word_1_188' title='bbox 1400 2596 1622 2667; x_wconf 84' lang='grc' dir='ltr'>μνήμην</span> <span class='ocrx_word' id='word_1_189' title='bbox 1667 2594 1768 2663; x_wconf 78' lang='grc' dir='ltr'>τῆς</span> <span class='ocrx_word' id='word_1_190' title='bbox 1814 2592 1909 2646; x_wconf 81' lang='grc' dir='ltr'>τοῦ</span> 
     </span>
    </p>
   </div>
   <div class='ocr_carea' id='block_1_30' title="bbox 324 2687 1911 2766">
    <p class='ocr_par' dir='ltr' id='par_1_30' title="bbox 324 2687 1911 2766">
     <span class='ocr_line' id='line_1_30' title="bbox 324 2687 1911 2766; baseline -0.006 -17"><span class='ocrx_word' id='word_1_191' title='bbox 324 2695 611 2766; x_wconf 86' lang='grc' dir='ltr'>όμοουσίου</span> <span class='ocrx_word' id='word_1_192' title='bbox 661 2693 858 2758; x_wconf 78' lang='grc' dir='ltr'>λέξεως</span> <span class='ocrx_word' id='word_1_193' title='bbox 892 2695 994 2746; x_wconf 76' lang='grc' dir='ltr'>οὐκ</span> <span class='ocrx_word' id='word_1_194' title='bbox 1052 2694 1370 2762; x_wconf 76' lang='grc' dir='ltr'>ἐποιήσατο,</span> <span class='ocrx_word' id='word_1_195' title='bbox 1437 2688 1545 2742; x_wconf 82' lang='grc' dir='ltr'><strong>τῶν</strong></span> <span class='ocrx_word' id='word_1_196' title='bbox 1605 2687 1911 2740; x_wconf 84' lang='grc' dir='ltr'>καταδυνα-</span> 
     </span>
    </p>
   </div>
   <div class='ocr_carea' id='block_1_31' title="bbox 326 2780 1912 2853">
    <p class='ocr_par' dir='ltr' id='par_1_31' title="bbox 326 2780 1912 2853">
     <span class='ocr_line' id='line_1_31' title="bbox 326 2780 1912 2853; baseline -0.007 -9"><span class='ocrx_word' id='word_1_197' title='bbox 326 2790 626 2844; x_wconf 85' lang='grc' dir='ltr'>στευόντων</span> <span class='ocrx_word' id='word_1_198' title='bbox 658 2789 779 2841; x_wconf 88' lang='grc' dir='ltr'>τότε</span> <span class='ocrx_word' id='word_1_199' title='bbox 808 2788 908 2849; x_wconf 80' lang='grc' dir='ltr'><strong>τάς</strong></span> <span class='ocrx_word' id='word_1_200' title='bbox 939 2784 1212 2848; x_wconf 84' lang='grc' dir='ltr'>συσκευὰς</span> <span class='ocrx_word' id='word_1_201' title='bbox 1270 2780 1644 2853; x_wconf 85' lang='grc' dir='ltr'>ὑφορώμενος.</span> <span class='ocrx_word' id='word_1_202' title='bbox 1686 2781 1912 2851; x_wconf 83' lang='grc' dir='ltr'>Ἔμεινε</span> 
     </span>
    </p>
   </div>
   <div class='ocr_carea' id='block_1_32' title="bbox 324 2874 1913 2952">
    <p class='ocr_par' dir='ltr' id='par_1_32' title="bbox 324 2874 1913 2952">
     <span class='ocr_line' id='line_1_32' title="bbox 324 2874 1913 2952; baseline -0.006 -15"><span class='ocrx_word' id='word_1_203' title='bbox 324 2883 381 2937; x_wconf 80' lang='grc' dir='ltr'><strong>δὲ</strong></span> <span class='ocrx_word' id='word_1_204' title='bbox 419 2883 568 2952; x_wconf 87' lang='grc' dir='ltr'>ὅμως</span> <span class='ocrx_word' id='word_1_205' title='bbox 603 2881 698 2933; x_wconf 78' lang='grc' dir='ltr'><strong>σὺν</strong></span> <span class='ocrx_word' id='word_1_206' title='bbox 723 2882 835 2943; x_wconf 86' lang='grc' dir='ltr'>τοῖς</span> <span class='ocrx_word' id='word_1_207' title='bbox 869 2879 1047 2948; x_wconf 86' lang='grc' dir='ltr'>ἁγίοις</span> <span class='ocrx_word' id='word_1_208' title='bbox 1095 2877 1369 2948; x_wconf 88' lang='grc' dir='ltr'>Πατράσι,</span> <span class='ocrx_word' id='word_1_209' title='bbox 1399 2875 1717 2948; x_wconf 82' lang='grc' dir='ltr'>συνηγορῶν</span> <span class='ocrx_word' id='word_1_210' title='bbox 1740 2874 1913 2944; x_wconf 83' lang='grc' dir='ltr'>ἀγρά-</span> 
     </span>
    </p>
   </div>
   <div class='ocr_carea' id='block_1_33' title="bbox 328 2964 1914 3045">
    <p class='ocr_par' dir='ltr' id='par_1_33' title="bbox 328 2964 1914 3045">
     <span class='ocr_line' id='line_1_33' title="bbox 328 2964 1914 3045; baseline -0.005 -15"><span class='ocrx_word' id='word_1_211' title='bbox 328 2992 442 3044; x_wconf 88' lang='grc' dir='ltr'><strong>φως</strong></span> <span class='ocrx_word' id='word_1_212' title='bbox 463 2977 528 3045; x_wconf 77' lang='grc' dir='ltr'>τῇ</span> <span class='ocrx_word' id='word_1_213' title='bbox 577 2972 897 3044; x_wconf 72' lang='grc' dir='ltr'>Ἐκκλησία.</span> <span class='ocrx_word' id='word_1_214' title='bbox 941 2964 1107 3034; x_wconf 74' lang='grc' dir='ltr'>Οὗτος</span> <span class='ocrx_word' id='word_1_215' title='bbox 1166 2971 1374 3043; x_wconf 76' lang='grc' dir='ltr'>ἔγραψε</span> <span class='ocrx_word' id='word_1_216' title='bbox 1415 2970 1493 3041; x_wconf 79' lang='grc' dir='ltr'>τῷ</span> <span class='ocrx_word' id='word_1_217' title='bbox 1521 2970 1729 3041; x_wconf 86' lang='grc' dir='ltr'>βασιλεῖ</span> <span class='ocrx_word' id='word_1_218' title='bbox 1758 2970 1914 3022; x_wconf 86' lang='grc' dir='ltr'>Κων-</span> 
     </span>
    </p>
   </div>
   <div class='ocr_carea' id='block_1_34' title="bbox 330 3058 1914 3136">
    <p class='ocr_par' dir='ltr' id='par_1_34' title="bbox 330 3058 1914 3136">
     <span class='ocr_line' id='line_1_34' title="bbox 330 3058 1914 3136; baseline -0.006 -15"><span class='ocrx_word' id='word_1_219' title='bbox 330 3069 562 3135; x_wconf 84' lang='grc' dir='ltr'>σταντίῳ</span> <span class='ocrx_word' id='word_1_220' title='bbox 596 3064 841 3136; x_wconf 71' lang='grc' dir='ltr'>περὶτοῦ</span> <span class='ocrx_word' id='word_1_221' title='bbox 879 3065 1172 3136; x_wconf 78' lang='grc' dir='ltr'>γενομένου</span> <span class='ocrx_word' id='word_1_222' title='bbox 1201 3063 1453 3135; x_wconf 76' lang='grc' dir='ltr'>σημείου.</span> <span class='ocrx_word' id='word_1_223' title='bbox 1478 3062 1736 3133; x_wconf 73' lang='grc' dir='ltr'>Ἄμεινον</span> <span class='ocrx_word' id='word_1_224' title='bbox 1763 3060 1819 3112; x_wconf 82' lang='grc' dir='ltr'><strong>δὲ</strong></span> <span class='ocrx_word' id='word_1_225' title='bbox 1845 3058 1914 3112; x_wconf 85' lang='grc' dir='ltr'><strong>τά</strong></span> 
     </span>
    </p>
   </div>
   <div class='ocr_carea' id='block_1_35' title="bbox 1989 658 3585 728">
    <p class='ocr_par' dir='ltr' id='par_1_35' title="bbox 1989 658 3585 728">
     <span class='ocr_line' id='line_1_35' title="bbox 1989 658 3585 728; baseline 0.004 -16"><span class='ocrx_word' id='word_1_226' title='bbox 1989 658 2458 724; x_wconf 81' lang='lat' dir='ltr'><strong>controversiam;</strong></span> <span class='ocrx_word' id='word_1_227' title='bbox 2498 674 2659 728; x_wconf 86' lang='lat' dir='ltr'><strong>quem</strong></span> <span class='ocrx_word' id='word_1_228' title='bbox 2716 658 2929 712; x_wconf 87' lang='lat' dir='ltr'><strong>illorum</strong></span> <span class='ocrx_word' id='word_1_229' title='bbox 2988 675 3295 716; x_wconf 80' lang='lat' dir='ltr'><strong>sermonem</strong></span> <span class='ocrx_word' id='word_1_230' title='bbox 3349 662 3441 717; x_wconf 85' lang='lat' dir='ltr'><strong>ille</strong></span> <span class='ocrx_word' id='word_1_231' title='bbox 3501 674 3585 719; x_wconf 89' lang='lat' dir='ltr'><strong>te-</strong></span> 
     </span>
    </p>
   </div>
   <div class='ocr_carea' id='block_1_36' title="bbox 1996 748 3585 817">
    <p class='ocr_par' dir='ltr' id='par_1_36' title="bbox 1996 748 3585 817">
     <span class='ocr_line' id='line_1_36' title="bbox 1996 748 3585 817; baseline 0.004 -16"><span class='ocrx_word' id='word_1_232' title='bbox 1996 764 2166 813; x_wconf 84' lang='lat' dir='ltr'><strong>mere,</strong></span> <span class='ocrx_word' id='word_1_233' title='bbox 2197 748 2265 801; x_wconf 86' lang='lat' dir='ltr'><strong>ob</strong></span> <span class='ocrx_word' id='word_1_234' title='bbox 2301 748 2498 803; x_wconf 88' lang='lat' dir='ltr'><strong>mentis</strong></span> <span class='ocrx_word' id='word_1_235' title='bbox 2521 748 2744 802; x_wconf 86' lang='lat' dir='ltr'><strong>nimiam</strong></span> <span class='ocrx_word' id='word_1_236' title='bbox 2776 748 3051 804; x_wconf 72' lang='lat' dir='ltr'><strong>levitatem</strong></span> <span class='ocrx_word' id='word_1_237' title='bbox 3089 750 3406 817; x_wconf 73' lang='lat' dir='ltr'><strong>admittens,</strong></span> <span class='ocrx_word' id='word_1_238' title='bbox 3450 769 3585 810; x_wconf 90' lang='lat' dir='ltr'><strong>con-</strong></span> 
     </span>
    </p>
   </div>
   <div class='ocr_carea' id='block_1_37' title="bbox 1995 838 3584 910">
    <p class='ocr_par' dir='ltr' id='par_1_37' title="bbox 1995 838 3584 910">
     <span class='ocr_line' id='line_1_37' title="bbox 1995 838 3584 910; baseline 0.003 -15"><span class='ocrx_word' id='word_1_239' title='bbox 1995 842 2163 895; x_wconf 81' lang='lat' dir='ltr'><strong>cessit</strong></span> <span class='ocrx_word' id='word_1_240' title='bbox 2206 839 2256 893; x_wconf 88' lang='lat' dir='ltr'><strong>id</strong></span> <span class='ocrx_word' id='word_1_241' title='bbox 2312 838 2455 906; x_wconf 78' lang='lat' dir='ltr'><strong>fieri,</strong></span> <span class='ocrx_word' id='word_1_242' title='bbox 2517 847 2778 908; x_wconf 85' lang='lat' dir='ltr'><strong>ortusque</strong></span> <span class='ocrx_word' id='word_1_243' title='bbox 2828 839 2955 894; x_wconf 92' lang='lat' dir='ltr'><strong>hinc</strong></span> <span class='ocrx_word' id='word_1_244' title='bbox 2982 850 3065 894; x_wconf 92' lang='lat' dir='ltr'><strong>est</strong></span> <span class='ocrx_word' id='word_1_245' title='bbox 3116 857 3213 910; x_wconf 90' lang='lat' dir='ltr'><strong>per</strong></span> <span class='ocrx_word' id='word_1_246' title='bbox 3273 843 3584 899; x_wconf 83' lang='lat' dir='ltr'><strong>universum</strong></span> 
     </span>
    </p>
   </div>
   <div class='ocr_carea' id='block_1_38' title="bbox 1994 931 3007 986">
    <p class='ocr_par' dir='ltr' id='par_1_38' title="bbox 1994 931 3007 986">
     <span class='ocr_line' id='line_1_38' title="bbox 1994 931 3007 986; baseline 0 0"><span class='ocrx_word' id='word_1_247' title='bbox 1994 934 2258 986; x_wconf 83' lang='lat' dir='ltr'><strong>mundum</strong></span> <span class='ocrx_word' id='word_1_248' title='bbox 2296 932 2558 986; x_wconf 89' lang='lat' dir='ltr'><strong>tumultus</strong></span> <span class='ocrx_word' id='word_1_249' title='bbox 2584 946 2689 986; x_wconf 90' lang='lat' dir='ltr'><strong>non</strong></span> <span class='ocrx_word' id='word_1_250' title='bbox 2730 931 3007 986; x_wconf 86' lang='lat' dir='ltr'><strong>minimus.</strong></span> 
     </span>
    </p>
   </div>
   <div class='ocr_carea' id='block_1_39' title="bbox 2067 1025 3590 1098">
    <p class='ocr_par' dir='ltr' id='par_1_39' title="bbox 2067 1025 3590 1098">
     <span class='ocr_line' id='line_1_39' title="bbox 2067 1025 3590 1098; baseline -0.001 -18"><span class='ocrx_word' id='word_1_251' title='bbox 2067 1025 2226 1080; x_wconf 86' lang='lat' dir='ltr'><strong>Circa</strong></span> <span class='ocrx_word' id='word_1_252' title='bbox 2269 1025 2413 1079; x_wconf 81' lang='lat' dir='ltr'><strong>idem</strong></span> <span class='ocrx_word' id='word_1_253' title='bbox 2444 1039 2575 1078; x_wconf 89' lang='lat' dir='ltr'><strong>vero</strong></span> <span class='ocrx_word' id='word_1_254' title='bbox 2604 1034 2820 1094; x_wconf 87' lang='lat' dir='ltr'><strong>tempus</strong></span> <span class='ocrx_word' id='word_1_255' title='bbox 2862 1040 2950 1081; x_wconf 91' lang='lat' dir='ltr'><strong>res</strong></span> <span class='ocrx_word' id='word_1_256' title='bbox 2983 1026 3227 1081; x_wconf 89' lang='lat' dir='ltr'><strong>miranda</strong></span> <span class='ocrx_word' id='word_1_257' title='bbox 3269 1026 3590 1098; x_wconf 83' lang='lat' dir='ltr'><strong>Hierosoly-</strong></span> 
     </span>
    </p>
   </div>
   <div class='ocr_carea' id='block_1_40' title="bbox 1997 1115 3586 1185">
    <p class='ocr_par' dir='ltr' id='par_1_40' title="bbox 1997 1115 3586 1185">
     <span class='ocr_line' id='line_1_40' title="bbox 1997 1115 3586 1185; baseline 0.001 -14"><span class='ocrx_word' id='word_1_258' title='bbox 1997 1115 2101 1172; x_wconf 88' lang='lat' dir='ltr'><strong>mis</strong></span> <span class='ocrx_word' id='word_1_259' title='bbox 2136 1115 2354 1180; x_wconf 88' lang='lat' dir='ltr'><strong>accidit,</strong></span> <span class='ocrx_word' id='word_1_260' title='bbox 2390 1131 2512 1185; x_wconf 78' lang='lat' dir='ltr'><strong>qua:</strong></span> <span class='ocrx_word' id='word_1_261' title='bbox 2548 1129 2769 1169; x_wconf 91' lang='lat' dir='ltr'><strong>omnem</strong></span> <span class='ocrx_word' id='word_1_262' title='bbox 2797 1116 3100 1170; x_wconf 86' lang='lat' dir='ltr'><strong>orationem</strong></span> <span class='ocrx_word' id='word_1_263' title='bbox 3154 1127 3396 1185; x_wconf 86' lang='lat' dir='ltr'><strong>superat.</strong></span> <span class='ocrx_word' id='word_1_264' title='bbox 3450 1118 3586 1172; x_wconf 90' lang='lat' dir='ltr'><strong>Cum</strong></span> 
     </span>
    </p>
   </div>
   <div class='ocr_carea' id='block_1_41' title="bbox 1999 1204 3586 1271">
    <p class='ocr_par' dir='ltr' id='par_1_41' title="bbox 1999 1204 3586 1271">
     <span class='ocr_line' id='line_1_41' title="bbox 1999 1204 3586 1271; baseline 0.001 -10"><span class='ocrx_word' id='word_1_265' title='bbox 1999 1207 2146 1262; x_wconf 91' lang='lat' dir='ltr'><strong>enim</strong></span> <span class='ocrx_word' id='word_1_266' title='bbox 2175 1204 2246 1260; x_wconf 87' lang='lat' dir='ltr'><strong>ob</strong></span> <span class='ocrx_word' id='word_1_267' title='bbox 2275 1206 2414 1258; x_wconf 88' lang='lat' dir='ltr'><strong>hanc</strong></span> <span class='ocrx_word' id='word_1_268' title='bbox 2446 1204 2844 1258; x_wconf 85' lang='lat' dir='ltr'><strong>sententiarum</strong></span> <span class='ocrx_word' id='word_1_269' title='bbox 2906 1206 3308 1271; x_wconf 84' lang='lat' dir='ltr'><strong>diversitatem,</strong></span> <span class='ocrx_word' id='word_1_270' title='bbox 3347 1208 3586 1262; x_wconf 86' lang='lat' dir='ltr'><strong>variam-</strong></span> 
     </span>
    </p>
   </div>
   <div class='ocr_carea' id='block_1_42' title="bbox 2000 1296 3584 1368">
    <p class='ocr_par' dir='ltr' id='par_1_42' title="bbox 2000 1296 3584 1368">
     <span class='ocr_line' id='line_1_42' title="bbox 2000 1296 3584 1368; baseline -0.001 -15"><span class='ocrx_word' id='word_1_271' title='bbox 2000 1313 2104 1368; x_wconf 92' lang='lat' dir='ltr'><strong>que</strong></span> <span class='ocrx_word' id='word_1_272' title='bbox 2137 1296 2603 1368; x_wconf 85' lang='lat' dir='ltr'><strong>digladiationem,</strong></span> <span class='ocrx_word' id='word_1_273' title='bbox 2640 1312 2834 1367; x_wconf 77' lang='lat' dir='ltr'><strong>magna</strong></span> <span class='ocrx_word' id='word_1_274' title='bbox 2882 1296 3038 1352; x_wconf 80' lang='lat' dir='ltr'><strong>ﬁeret</strong></span> <span class='ocrx_word' id='word_1_275' title='bbox 3083 1297 3320 1353; x_wconf 83' lang='lat' dir='ltr'><strong>divulsio</strong></span> <span class='ocrx_word' id='word_1_276' title='bbox 3371 1314 3584 1367; x_wconf 87' lang='lat' dir='ltr'><strong>eorum,</strong></span> 
     </span>
    </p>
   </div>
   <div class='ocr_carea' id='block_1_43' title="bbox 1998 1386 3591 1460">
    <p class='ocr_par' dir='ltr' id='par_1_43' title="bbox 1998 1386 3591 1460">
     <span class='ocr_line' id='line_1_43' title="bbox 1998 1386 3591 1460; baseline 0.005 -20"><span class='ocrx_word' id='word_1_277' title='bbox 1998 1389 2092 1460; x_wconf 89' lang='lat' dir='ltr'><strong>qui</strong></span> <span class='ocrx_word' id='word_1_278' title='bbox 2121 1403 2310 1443; x_wconf 88' lang='lat' dir='ltr'><strong>recens</strong></span> <span class='ocrx_word' id='word_1_279' title='bbox 2359 1388 2424 1441; x_wconf 85' lang='lat' dir='ltr'><strong>ad</strong></span> <span class='ocrx_word' id='word_1_280' title='bbox 2458 1386 2618 1441; x_wconf 85' lang='lat' dir='ltr'><strong>ﬁdem</strong></span> <span class='ocrx_word' id='word_1_281' title='bbox 2652 1398 2937 1451; x_wconf 83' lang='lat' dir='ltr'><strong>venerant,</strong></span> <span class='ocrx_word' id='word_1_282' title='bbox 2986 1389 3128 1457; x_wconf 91' lang='lat' dir='ltr'><strong>quod</strong></span> <span class='ocrx_word' id='word_1_283' title='bbox 3179 1388 3591 1448; x_wconf 83' lang='lat' dir='ltr'><strong>oﬂ&#39;enderentur</strong></span> 
     </span>
    </p>
   </div>
   <div class='ocr_carea' id='block_1_44' title="bbox 2001 1479 3590 1545">
    <p class='ocr_par' dir='ltr' id='par_1_44' title="bbox 2001 1479 3590 1545">
     <span class='ocr_line' id='line_1_44' title="bbox 2001 1479 3590 1545; baseline 0.002 -10"><span class='ocrx_word' id='word_1_284' title='bbox 2001 1484 2103 1536; x_wconf 86' lang='lat' dir='ltr'><strong>hac</strong></span> <span class='ocrx_word' id='word_1_285' title='bbox 2134 1481 2480 1535; x_wconf 82' lang='lat' dir='ltr'><strong>sacerdotum</strong></span> <span class='ocrx_word' id='word_1_286' title='bbox 2516 1479 2883 1545; x_wconf 86' lang='lat' dir='ltr'><strong>dissensione,</strong></span> <span class='ocrx_word' id='word_1_287' title='bbox 2917 1480 3160 1535; x_wconf 83' lang='lat' dir='ltr'><strong>ostendit</strong></span> <span class='ocrx_word' id='word_1_288' title='bbox 3213 1483 3432 1537; x_wconf 84' lang='lat' dir='ltr'><strong>caelitus</strong></span> <span class='ocrx_word' id='word_1_289' title='bbox 3482 1485 3590 1538; x_wconf 87' lang='lat' dir='ltr'><strong>mi-</strong></span> 
     </span>
    </p>
   </div>
   <div class='ocr_carea' id='block_1_45' title="bbox 2005 1565 3590 1641">
    <p class='ocr_par' dir='ltr' id='par_1_45' title="bbox 2005 1565 3590 1641">
     <span class='ocr_line' id='line_1_45' title="bbox 2005 1565 3590 1641; baseline 0.004 -16"><span class='ocrx_word' id='word_1_290' title='bbox 2005 1570 2257 1625; x_wconf 80' lang='lat' dir='ltr'><strong>rabilinm</strong></span> <span class='ocrx_word' id='word_1_291' title='bbox 2308 1570 2397 1624; x_wconf 91' lang='lat' dir='ltr'><strong>ille</strong></span> <span class='ocrx_word' id='word_1_292' title='bbox 2427 1582 2683 1639; x_wconf 84' lang='lat' dir='ltr'><strong>operator</strong></span> <span class='ocrx_word' id='word_1_293' title='bbox 2726 1570 2905 1636; x_wconf 87' lang='lat' dir='ltr'><strong>Deus,</strong></span> <span class='ocrx_word' id='word_1_294' title='bbox 2965 1565 3310 1641; x_wconf 83' lang='lat' dir='ltr'><strong>nequaquam</strong></span> <span class='ocrx_word' id='word_1_295' title='bbox 3363 1575 3590 1631; x_wconf 86' lang='lat' dir='ltr'><strong>verbum</strong></span> 
     </span>
    </p>
   </div>
   <div class='ocr_carea' id='block_1_46' title="bbox 2005 1663 3592 1737">
    <p class='ocr_par' dir='ltr' id='par_1_46' title="bbox 2005 1663 3592 1737">
     <span class='ocr_line' id='line_1_46' title="bbox 2005 1663 3592 1737; baseline 0.002 -18"><span class='ocrx_word' id='word_1_296' title='bbox 2005 1675 2208 1719; x_wconf 60' lang='lat' dir='ltr'><strong>nostra;</strong></span> <span class='ocrx_word' id='word_1_297' title='bbox 2265 1663 2385 1718; x_wconf 82' lang='lat' dir='ltr'><strong>ﬁdei</strong></span> <span class='ocrx_word' id='word_1_298' title='bbox 2431 1679 2619 1718; x_wconf 87' lang='lat' dir='ltr'><strong>ansam</strong></span> <span class='ocrx_word' id='word_1_299' title='bbox 2682 1665 3067 1729; x_wconf 88' lang='lat' dir='ltr'><strong>scandalorum</strong></span> <span class='ocrx_word' id='word_1_300' title='bbox 3118 1668 3440 1737; x_wconf 67' lang='lat' dir='ltr'><strong>praebuisse,</strong></span> <span class='ocrx_word' id='word_1_301' title='bbox 3497 1667 3592 1722; x_wconf 86' lang='lat' dir='ltr'><strong>sed</strong></span> 
     </span>
    </p>
   </div>
   <div class='ocr_carea' id='block_1_47' title="bbox 2008 1752 3594 1823">
    <p class='ocr_par' dir='ltr' id='par_1_47' title="bbox 2008 1752 3594 1823">
     <span class='ocr_line' id='line_1_47' title="bbox 2008 1752 3594 1823; baseline 0.001 -14"><span class='ocrx_word' id='word_1_302' title='bbox 2008 1754 2182 1809; x_wconf 89' lang='lat' dir='ltr'><strong>solum</strong></span> <span class='ocrx_word' id='word_1_303' title='bbox 2221 1752 2624 1823; x_wconf 85' lang='lat' dir='ltr'><strong>improbitatem</strong></span> <span class='ocrx_word' id='word_1_304' title='bbox 2653 1753 2793 1806; x_wconf 85' lang='lat' dir='ltr'><strong>male</strong></span> <span class='ocrx_word' id='word_1_305' title='bbox 2830 1752 3183 1821; x_wconf 77' lang='lat' dir='ltr'><strong>probatorum</strong></span> <span class='ocrx_word' id='word_1_306' title='bbox 3240 1756 3594 1818; x_wconf 73' lang='lat' dir='ltr'><strong>sacerdomm</strong></span> 
     </span>
    </p>
   </div>
   <div class='ocr_carea' id='block_1_48' title="bbox 2008 1845 3595 1915">
    <p class='ocr_par' dir='ltr' id='par_1_48' title="bbox 2008 1845 3595 1915">
     <span class='ocr_line' id='line_1_48' title="bbox 2008 1845 3595 1915; baseline -0.001 -12"><span class='ocrx_word' id='word_1_307' title='bbox 2008 1847 2370 1914; x_wconf 81' lang='lat' dir='ltr'><strong>stolidamque</strong></span> <span class='ocrx_word' id='word_1_308' title='bbox 2430 1845 2626 1899; x_wconf 91' lang='lat' dir='ltr'><strong>mentis</strong></span> <span class='ocrx_word' id='word_1_309' title='bbox 2659 1859 2934 1914; x_wconf 69' lang='lat' dir='ltr'><strong>perversae</strong></span> <span class='ocrx_word' id='word_1_310' title='bbox 2990 1846 3391 1915; x_wconf 86' lang='lat' dir='ltr'><strong>intemperiem.</strong></span> <span class='ocrx_word' id='word_1_311' title='bbox 3454 1847 3595 1902; x_wconf 86' lang='lat' dir='ltr'><strong>Ecce</strong></span> 
     </span>
    </p>
   </div>
   <div class='ocr_carea' id='block_1_49' title="bbox 2006 1936 3594 2007">
    <p class='ocr_par' dir='ltr' id='par_1_49' title="bbox 2006 1936 3594 2007">
     <span class='ocr_line' id='line_1_49' title="bbox 2006 1936 3594 2007; baseline -0.002 -14"><span class='ocrx_word' id='word_1_312' title='bbox 2006 1937 2153 1993; x_wconf 88' lang='lat' dir='ltr'><strong>enim</strong></span> <span class='ocrx_word' id='word_1_313' title='bbox 2190 1938 2483 2005; x_wconf 90' lang='lat' dir='ltr'><strong>derepente</strong></span> <span class='ocrx_word' id='word_1_314' title='bbox 2531 1949 2693 2003; x_wconf 88' lang='lat' dir='ltr'><strong>supra</strong></span> <span class='ocrx_word' id='word_1_315' title='bbox 2722 1944 2972 1989; x_wconf 90' lang='lat' dir='ltr'><strong>sanctum</strong></span> <span class='ocrx_word' id='word_1_316' title='bbox 3018 1946 3262 1990; x_wconf 88' lang='lat' dir='ltr'><strong>montem</strong></span> <span class='ocrx_word' id='word_1_317' title='bbox 3296 1936 3594 2007; x_wconf 79' lang='lat' dir='ltr'><strong>Golgotha,</strong></span> 
     </span>
    </p>
   </div>
   <div class='ocr_carea' id='block_1_50' title="bbox 2009 2026 3596 2097">
    <p class='ocr_par' dir='ltr' id='par_1_50' title="bbox 2009 2026 3596 2097">
     <span class='ocr_line' id='line_1_50' title="bbox 2009 2026 3596 2097; baseline -0.001 -14"><span class='ocrx_word' id='word_1_318' title='bbox 2009 2029 2324 2095; x_wconf 84' lang='lat' dir='ltr'><strong>mediojam</strong></span> <span class='ocrx_word' id='word_1_319' title='bbox 2354 2026 2461 2090; x_wconf 91' lang='lat' dir='ltr'><strong>die,</strong></span> <span class='ocrx_word' id='word_1_320' title='bbox 2497 2027 2894 2097; x_wconf 84' lang='lat' dir='ltr'><strong>pretiosissima</strong></span> <span class='ocrx_word' id='word_1_321' title='bbox 2943 2041 3079 2082; x_wconf 78' lang='lat' dir='ltr'><strong>crux</strong></span> <span class='ocrx_word' id='word_1_322' title='bbox 3109 2043 3175 2082; x_wconf 86' lang='lat' dir='ltr'><strong>ex</strong></span> <span class='ocrx_word' id='word_1_323' title='bbox 3230 2030 3472 2085; x_wconf 83' lang='lat' dir='ltr'><strong>coruscis</strong></span> <span class='ocrx_word' id='word_1_324' title='bbox 3503 2044 3596 2083; x_wconf 89' lang='lat' dir='ltr'><strong>ra-</strong></span> 
     </span>
    </p>
   </div>
   <div class='ocr_carea' id='block_1_51' title="bbox 2011 2120 3597 2198">
    <p class='ocr_par' dir='ltr' id='par_1_51' title="bbox 2011 2120 3597 2198">
     <span class='ocr_line' id='line_1_51' title="bbox 2011 2120 3597 2198; baseline 0.001 -22"><span class='ocrx_word' id='word_1_325' title='bbox 2011 2122 2117 2176; x_wconf 89' lang='lat' dir='ltr'><strong>diis</strong></span> <span class='ocrx_word' id='word_1_326' title='bbox 2145 2120 2395 2198; x_wconf 77' lang='lat' dir='ltr'><strong>confecta</strong></span> <span class='ocrx_word' id='word_1_327' title='bbox 2430 2122 2700 2190; x_wconf 87' lang='lat' dir='ltr'><strong>apparuit,</strong></span> <span class='ocrx_word' id='word_1_328' title='bbox 2730 2120 2867 2175; x_wconf 90' lang='lat' dir='ltr'><strong>solis</strong></span> <span class='ocrx_word' id='word_1_329' title='bbox 2900 2120 3077 2176; x_wconf 88' lang='lat' dir='ltr'><strong>nostri</strong></span> <span class='ocrx_word' id='word_1_330' title='bbox 3133 2121 3438 2175; x_wconf 83' lang='lat' dir='ltr'><strong>claritatem</strong></span> <span class='ocrx_word' id='word_1_331' title='bbox 3493 2136 3597 2177; x_wconf 81' lang='lat' dir='ltr'><strong>suo</strong></span> 
     </span>
    </p>
   </div>
   <div class='ocr_carea' id='block_1_52' title="bbox 2011 2210 3594 2283">
    <p class='ocr_par' dir='ltr' id='par_1_52' title="bbox 2011 2210 3594 2283">
     <span class='ocr_line' id='line_1_52' title="bbox 2011 2210 3594 2283; baseline -0.001 -14"><span class='ocrx_word' id='word_1_332' title='bbox 2011 2212 2302 2283; x_wconf 86' lang='lat' dir='ltr'><strong>splendore</strong></span> <span class='ocrx_word' id='word_1_333' title='bbox 2354 2211 2677 2275; x_wconf 88' lang='lat' dir='ltr'><strong>obscurans,</strong></span> <span class='ocrx_word' id='word_1_334' title='bbox 2736 2210 2901 2280; x_wconf 87' lang='lat' dir='ltr'><strong>idque</strong></span> <span class='ocrx_word' id='word_1_335' title='bbox 2955 2212 3266 2266; x_wconf 83' lang='lat' dir='ltr'><strong>videntibus</strong></span> <span class='ocrx_word' id='word_1_336' title='bbox 3322 2213 3594 2279; x_wconf 87' lang='lat' dir='ltr'><strong>omnibus,</strong></span> 
     </span>
    </p>
   </div>
   <div class='ocr_carea' id='block_1_53' title="bbox 2012 2300 3601 2373">
    <p class='ocr_par' dir='ltr' id='par_1_53' title="bbox 2012 2300 3601 2373">
     <span class='ocr_line' id='line_1_53' title="bbox 2012 2300 3601 2373; baseline -0.002 -15"><span class='ocrx_word' id='word_1_337' title='bbox 2012 2303 2103 2373; x_wconf 87' lang='lat' dir='ltr'><strong>qui</strong></span> <span class='ocrx_word' id='word_1_338' title='bbox 2129 2303 2403 2357; x_wconf 87' lang='lat' dir='ltr'><strong>civitatem</strong></span> <span class='ocrx_word' id='word_1_339' title='bbox 2436 2300 2767 2366; x_wconf 83' lang='lat' dir='ltr'><strong>incolebant,</strong></span> <span class='ocrx_word' id='word_1_340' title='bbox 2802 2300 3013 2367; x_wconf 86' lang='lat' dir='ltr'><strong>pusillis</strong></span> <span class='ocrx_word' id='word_1_341' title='bbox 3036 2308 3092 2353; x_wconf 88' lang='lat' dir='ltr'><strong>et</strong></span> <span class='ocrx_word' id='word_1_342' title='bbox 3133 2300 3364 2371; x_wconf 78' lang='lat' dir='ltr'><strong>magnis,</strong></span> <span class='ocrx_word' id='word_1_343' title='bbox 3426 2300 3601 2355; x_wconf 83' lang='lat' dir='ltr'><strong>tideli-</strong></span> 
     </span>
    </p>
   </div>
   <div class='ocr_carea' id='block_1_54' title="bbox 2011 2395 3600 2466">
    <p class='ocr_par' dir='ltr' id='par_1_54' title="bbox 2011 2395 3600 2466">
     <span class='ocr_line' id='line_1_54' title="bbox 2011 2395 3600 2466; baseline -0.004 -12"><span class='ocrx_word' id='word_1_344' title='bbox 2011 2400 2114 2454; x_wconf 85' lang='lat' dir='ltr'><strong>bus</strong></span> <span class='ocrx_word' id='word_1_345' title='bbox 2137 2409 2193 2454; x_wconf 90' lang='lat' dir='ltr'><strong>et</strong></span> <span class='ocrx_word' id='word_1_346' title='bbox 2225 2397 2551 2452; x_wconf 79' lang='lat' dir='ltr'><strong>inﬁdelibus.</strong></span> <span class='ocrx_word' id='word_1_347' title='bbox 2610 2395 2846 2466; x_wconf 83' lang='lat' dir='ltr'><strong>Fuitque</strong></span> <span class='ocrx_word' id='word_1_348' title='bbox 2886 2397 2989 2451; x_wconf 86' lang='lat' dir='ltr'><strong>hoc</strong></span> <span class='ocrx_word' id='word_1_349' title='bbox 3024 2406 3276 2465; x_wconf 90' lang='lat' dir='ltr'><strong>tempore</strong></span> <span class='ocrx_word' id='word_1_350' title='bbox 3308 2395 3600 2463; x_wconf 87' lang='lat' dir='ltr'><strong>episcopus</strong></span> 
     </span>
    </p>
   </div>
   <div class='ocr_carea' id='block_1_55' title="bbox 2012 2486 3597 2560">
    <p class='ocr_par' dir='ltr' id='par_1_55' title="bbox 2012 2486 3597 2560">
     <span class='ocr_line' id='line_1_55' title="bbox 2012 2486 3597 2560; baseline -0.001 -15"><span class='ocrx_word' id='word_1_351' title='bbox 2012 2490 2543 2560; x_wconf 79' lang='lat' dir='ltr'><strong>Hierosolymitanus</strong></span> <span class='ocrx_word' id='word_1_352' title='bbox 2596 2488 2859 2560; x_wconf 85' lang='lat' dir='ltr'><strong>Cyrillus,</strong></span> <span class='ocrx_word' id='word_1_353' title='bbox 2919 2503 3205 2544; x_wconf 84' lang='lat' dir='ltr'><strong>successor</strong></span> <span class='ocrx_word' id='word_1_354' title='bbox 3258 2486 3597 2544; x_wconf 78' lang='lat' dir='ltr'><strong>confessoris</strong></span> 
     </span>
    </p>
   </div>
   <div class='ocr_carea' id='block_1_56' title="bbox 2011 2577 3602 2647">
    <p class='ocr_par' dir='ltr' id='par_1_56' title="bbox 2011 2577 3602 2647">
     <span class='ocr_line' id='line_1_56' title="bbox 2011 2577 3602 2647; baseline -0.003 -10"><span class='ocrx_word' id='word_1_355' title='bbox 2011 2577 2355 2647; x_wconf 68' lang='lat' dir='ltr'><strong>Maiimonaz,</strong></span> <span class='ocrx_word' id='word_1_356' title='bbox 2386 2579 2542 2647; x_wconf 83' lang='lat' dir='ltr'><strong>cujus</strong></span> <span class='ocrx_word' id='word_1_357' title='bbox 2574 2580 2875 2633; x_wconf 85' lang='lat' dir='ltr'><strong>etiamnum</strong></span> <span class='ocrx_word' id='word_1_358' title='bbox 2912 2579 3096 2632; x_wconf 85' lang='lat' dir='ltr'><strong>decent</strong></span> <span class='ocrx_word' id='word_1_359' title='bbox 3121 2584 3176 2631; x_wconf 90' lang='lat' dir='ltr'><strong>et</strong></span> <span class='ocrx_word' id='word_1_360' title='bbox 3198 2586 3321 2632; x_wconf 81' lang='lat' dir='ltr'><strong>octo</strong></span> <span class='ocrx_word' id='word_1_361' title='bbox 3347 2577 3602 2632; x_wconf 86' lang='lat' dir='ltr'><strong>Cateche-</strong></span> 
     </span>
    </p>
   </div>
   <div class='ocr_carea' id='block_1_57' title="bbox 2014 2669 3600 2742">
    <p class='ocr_par' dir='ltr' id='par_1_57' title="bbox 2014 2669 3600 2742">
     <span class='ocr_line' id='line_1_57' title="bbox 2014 2669 3600 2742; baseline -0.003 -14"><span class='ocrx_word' id='word_1_362' title='bbox 2014 2690 2100 2728; x_wconf 87' lang='lat' dir='ltr'><strong>ses</strong></span> <span class='ocrx_word' id='word_1_363' title='bbox 2132 2684 2425 2727; x_wconf 79' lang='lat' dir='ltr'><strong>servantur</strong></span> <span class='ocrx_word' id='word_1_364' title='bbox 2450 2671 2693 2742; x_wconf 81' lang='lat' dir='ltr'><strong>legitime</strong></span> <span class='ocrx_word' id='word_1_365' title='bbox 2741 2669 3090 2739; x_wconf 56' lang='lat' dir='ltr'><strong>conscripta,</strong></span> <span class='ocrx_word' id='word_1_366' title='bbox 3137 2669 3191 2724; x_wconf 91' lang='lat' dir='ltr'><strong>iu</strong></span> <span class='ocrx_word' id='word_1_367' title='bbox 3252 2669 3449 2738; x_wconf 71' lang='lat' dir='ltr'><strong>quibus</strong></span> <span class='ocrx_word' id='word_1_368' title='bbox 3498 2684 3600 2724; x_wconf 84' lang='lat' dir='ltr'><strong>sa-</strong></span> 
     </span>
    </p>
   </div>
   <div class='ocr_carea' id='block_1_58' title="bbox 2015 2760 3599 2833">
    <p class='ocr_par' dir='ltr' id='par_1_58' title="bbox 2015 2760 3599 2833">
     <span class='ocr_line' id='line_1_58' title="bbox 2015 2760 3599 2833; baseline 0.001 -18"><span class='ocrx_word' id='word_1_369' title='bbox 2015 2778 2166 2816; x_wconf 86' lang='lat' dir='ltr'><strong>crum</strong></span> <span class='ocrx_word' id='word_1_370' title='bbox 2193 2762 2474 2831; x_wconf 83' lang='lat' dir='ltr'><strong>explicans</strong></span> <span class='ocrx_word' id='word_1_371' title='bbox 2521 2760 2863 2833; x_wconf 88' lang='lat' dir='ltr'><strong>Symbolum,</strong></span> <span class='ocrx_word' id='word_1_372' title='bbox 2917 2762 3069 2817; x_wconf 81' lang='lat' dir='ltr'><strong>verbi</strong></span> <span class='ocrx_word' id='word_1_373' title='bbox 3129 2762 3599 2819; x_wconf 76' lang='lat' dir='ltr'><strong>cansubstantialis</strong></span> 
     </span>
    </p>
   </div>
   <div class='ocr_carea' id='block_1_59' title="bbox 2014 2854 3687 2924">
    <p class='ocr_par' dir='ltr' id='par_1_59' title="bbox 2014 2854 3687 2924">
     <span class='ocr_line' id='line_1_59' title="bbox 2014 2854 3687 2924; baseline 0.001 -15"><span class='ocrx_word' id='word_1_374' title='bbox 2014 2854 2346 2909; x_wconf 82' lang='lat' dir='ltr'><strong>mentionem</strong></span> <span class='ocrx_word' id='word_1_375' title='bbox 2382 2854 2587 2916; x_wconf 85' lang='lat' dir='ltr'><strong>omisit,</strong></span> <span class='ocrx_word' id='word_1_376' title='bbox 2621 2855 2925 2924; x_wconf 90' lang='lat' dir='ltr'><strong>principum</strong></span> <span class='ocrx_word' id='word_1_377' title='bbox 2968 2855 3022 2908; x_wconf 92' lang='lat' dir='ltr'><strong>in</strong></span> <span class='ocrx_word' id='word_1_378' title='bbox 3073 2869 3154 2920; x_wconf 87' lang='lat' dir='ltr'><strong>se,</strong></span> <span class='ocrx_word' id='word_1_379' title='bbox 3187 2855 3290 2909; x_wconf 83' lang='lat' dir='ltr'><strong>nisi</strong></span> <span class='ocrx_word' id='word_1_380' title='bbox 3327 2854 3381 2909; x_wconf 87' lang='lat' dir='ltr'><strong>id</strong></span> <span class='ocrx_word' id='word_1_381' title='bbox 3420 2855 3588 2910; x_wconf 75' lang='lat' dir='ltr'><strong>fecis-</strong></span> <span class='ocrx_word' id='word_1_382' title='bbox 3683 2896 3687 2901; x_wconf 88' lang='grc'><strong><em>-</em></strong></span> 
     </span>
    </p>
   </div>
   <div class='ocr_carea' id='block_1_60' title="bbox 2017 2946 3603 3016">
    <p class='ocr_par' dir='ltr' id='par_1_60' title="bbox 2017 2946 3603 3016">
     <span class='ocr_line' id='line_1_60' title="bbox 2017 2946 3603 3016; baseline -0.001 -15"><span class='ocrx_word' id='word_1_383' title='bbox 2017 2958 2120 3013; x_wconf 85' lang='lat' dir='ltr'><strong>set,</strong></span> <span class='ocrx_word' id='word_1_384' title='bbox 2154 2947 2381 3001; x_wconf 86' lang='lat' dir='ltr'><strong>insidias</strong></span> <span class='ocrx_word' id='word_1_385' title='bbox 2404 2955 2622 3016; x_wconf 89' lang='lat' dir='ltr'><strong>paratas</strong></span> <span class='ocrx_word' id='word_1_386' title='bbox 2645 2946 2856 3012; x_wconf 84' lang='lat' dir='ltr'><strong>videns,</strong></span> <span class='ocrx_word' id='word_1_387' title='bbox 2886 2947 3086 3001; x_wconf 87' lang='lat' dir='ltr'><strong>mansit</strong></span> <span class='ocrx_word' id='word_1_388' title='bbox 3119 2957 3296 3002; x_wconf 88' lang='lat' dir='ltr'><strong>tamen</strong></span> <span class='ocrx_word' id='word_1_389' title='bbox 3333 2962 3456 3001; x_wconf 90' lang='lat' dir='ltr'><strong>cum</strong></span> <span class='ocrx_word' id='word_1_390' title='bbox 3483 2961 3603 3000; x_wconf 83' lang='lat' dir='ltr'><strong>san-</strong></span> 
     </span>
    </p>
   </div>
   <div class='ocr_carea' id='block_1_61' title="bbox 2017 3035 3602 3108">
    <p class='ocr_par' dir='ltr' id='par_1_61' title="bbox 2017 3035 3602 3108">
     <span class='ocr_line' id='line_1_61' title="bbox 2017 3035 3602 3108; baseline 0.001 -17"><span class='ocrx_word' id='word_1_391' title='bbox 2017 3038 2118 3092; x_wconf 87' lang='lat' dir='ltr'><strong>ctis</strong></span> <span class='ocrx_word' id='word_1_392' title='bbox 2164 3035 2439 3104; x_wconf 85' lang='lat' dir='ltr'><strong>Patribus,</strong></span> <span class='ocrx_word' id='word_1_393' title='bbox 2474 3036 2773 3093; x_wconf 85' lang='lat' dir='ltr'><strong>Ecclesiam</strong></span> <span class='ocrx_word' id='word_1_394' title='bbox 2821 3051 2980 3104; x_wconf 86' lang='lat' dir='ltr'><strong>voce,</strong></span> <span class='ocrx_word' id='word_1_395' title='bbox 3014 3053 3121 3093; x_wconf 90' lang='lat' dir='ltr'><strong>non</strong></span> <span class='ocrx_word' id='word_1_396' title='bbox 3158 3038 3378 3108; x_wconf 88' lang='lat' dir='ltr'><strong>scriptis</strong></span> <span class='ocrx_word' id='word_1_397' title='bbox 3407 3037 3602 3094; x_wconf 85' lang='lat' dir='ltr'><strong>defen-</strong></span> 
     </span>
    </p>
   </div>
   <div class='ocr_carea' id='block_1_62' title="bbox 332 3129 1916 3229">
    <p class='ocr_par' dir='ltr' id='par_1_62' title="bbox 332 3129 1914 3229">
     <span class='ocr_line' id='line_1_62' title="bbox 332 3129 1914 3229; baseline -0.005 -15"><span class='ocrx_word' id='word_1_398' title='bbox 332 3160 458 3229; x_wconf 77' lang='grc' dir='ltr'>περὶ</span> <span class='ocrx_word' id='word_1_399' title='bbox 484 3129 686 3213; x_wconf 42' lang='grc' dir='ltr'>τούτου.</span> <span class='ocrx_word' id='word_1_400' title='bbox 707 3129 910 3221; x_wconf 79' lang='grc' dir='ltr'>διδάξει</span> <span class='ocrx_word' id='word_1_401' title='bbox 955 3129 1096 3215; x_wconf 74' lang='grc' dir='ltr'>αύτά</span> <span class='ocrx_word' id='word_1_402' title='bbox 1145 3129 1592 3210; x_wconf 39' lang='grc' dir='ltr'>τοῦ-’ἐπισκόπου</span> <span class='ocrx_word' id='word_1_403' title='bbox 1626 3151 1697 3207; x_wconf 84' lang='grc' dir='ltr'><strong>τά</strong></span> <span class='ocrx_word' id='word_1_404' title='bbox 1729 3151 1914 3224; x_wconf 83' lang='grc' dir='ltr'>γράμ-</span> 
     </span>
    </p>
   </div>
   <div class='ocr_carea' id='block_1_63' title="bbox 2018 3129 3601 3229">
    <p class='ocr_par' dir='ltr' id='par_1_63' title="bbox 2018 3129 3601 3201">
     <span class='ocr_line' id='line_1_63' title="bbox 2018 3129 3601 3201; baseline 0.001 -16"><span class='ocrx_word' id='word_1_405' title='bbox 2018 3131 2171 3185; x_wconf 87' lang='lat' dir='ltr'><strong>dens.</strong></span> <span class='ocrx_word' id='word_1_406' title='bbox 2209 3130 2309 3185; x_wconf 81' lang='lat' dir='ltr'><strong>llic</strong></span> <span class='ocrx_word' id='word_1_407' title='bbox 2340 3131 2407 3185; x_wconf 89' lang='lat' dir='ltr'><strong>ad</strong></span> <span class='ocrx_word' id='word_1_408' title='bbox 2436 3129 2820 3200; x_wconf 85' lang='lat' dir='ltr'><strong>imperatorem</strong></span> <span class='ocrx_word' id='word_1_409' title='bbox 2853 3130 2919 3185; x_wconf 88' lang='lat' dir='ltr'><strong>de</strong></span> <span class='ocrx_word' id='word_1_410' title='bbox 2945 3144 3032 3196; x_wconf 91' lang='lat' dir='ltr'><strong>eo,</strong></span> <span class='ocrx_word' id='word_1_411' title='bbox 3087 3133 3233 3201; x_wconf 89' lang='lat' dir='ltr'><strong>quod</strong></span> <span class='ocrx_word' id='word_1_412' title='bbox 3300 3132 3601 3199; x_wconf 87' lang='lat' dir='ltr'><strong>acciderat,</strong></span> 
     </span>
    </p>
   </div>
   <div class='ocr_carea' id='block_1_64' title="bbox 333 3246 930 3321">
    <p class='ocr_par' dir='ltr' id='par_1_64' title="bbox 333 3246 930 3321">
     <span class='ocr_line' id='line_1_64' title="bbox 333 3246 930 3321; baseline -0.008 -17"><span class='ocrx_word' id='word_1_413' title='bbox 333 3267 501 3321; x_wconf 82' lang='grc' dir='ltr'>ματα,</span> <span class='ocrx_word' id='word_1_414' title='bbox 529 3248 724 3320; x_wconf 80' lang='grc' dir='ltr'>ἔχοντα</span> <span class='ocrx_word' id='word_1_415' title='bbox 757 3246 884 3302; x_wconf 89' lang='grc' dir='ltr'>τάδε</span> <span class='ocrx_word' id='word_1_416' title='bbox 917 3262 930 3276; x_wconf 70' lang='grc' dir='ltr'><strong>ο</strong></span> 
     </span>
    </p>
   </div>
   <div class='ocr_carea' id='block_1_65' title="bbox 407 3407 1913 3499">
    <p class='ocr_par' dir='ltr' id='par_1_65' title="bbox 407 3407 1913 3499">
     <span class='ocr_line' id='line_1_65' title="bbox 407 3407 1913 3499; baseline -0.003 -18"><span class='ocrx_word' id='word_1_417' title='bbox 407 3448 426 3481; x_wconf 75' lang='grc' dir='ltr'><strong>ι</strong></span> <span class='ocrx_word' id='word_1_418' title='bbox 466 3407 588 3483; x_wconf 80' lang='grc' dir='ltr'><strong>Ἐπὶ</strong></span> <span class='ocrx_word' id='word_1_419' title='bbox 620 3426 720 3499; x_wconf 80' lang='grc' dir='ltr'>μὲν</span> <span class='ocrx_word' id='word_1_420' title='bbox 752 3426 847 3480; x_wconf 78' lang='grc' dir='ltr'>τοῦ</span> <span class='ocrx_word' id='word_1_421' title='bbox 880 3425 1157 3497; x_wconf 85' lang='grc' dir='ltr'>μακαρίου</span> <span class='ocrx_word' id='word_1_422' title='bbox 1189 3427 1281 3481; x_wconf 75' lang='grc' dir='ltr'><strong>καὶ</strong></span> <span class='ocrx_word' id='word_1_423' title='bbox 1310 3425 1560 3498; x_wconf 85' lang='grc' dir='ltr'>ἀοιδίμου</span> <span class='ocrx_word' id='word_1_424' title='bbox 1587 3424 1793 3497; x_wconf 88' lang='grc' dir='ltr'>πατρός</span> <span class='ocrx_word' id='word_1_425' title='bbox 1819 3441 1913 3477; x_wconf 90' lang='grc' dir='ltr'><strong>σου</strong></span> 
     </span>
    </p>
   </div>
   <div class='ocr_carea' id='block_1_66' title="bbox 330 3515 1920 3593">
    <p class='ocr_par' dir='ltr' id='par_1_66' title="bbox 330 3515 1920 3593">
     <span class='ocr_line' id='line_1_66' title="bbox 330 3515 1920 3593; baseline -0.004 -18"><span class='ocrx_word' id='word_1_426' title='bbox 330 3521 393 3576; x_wconf 86' lang='grc' dir='ltr'><strong>τὸ</strong></span> <span class='ocrx_word' id='word_1_427' title='bbox 428 3522 695 3593; x_wconf 78' lang='grc' dir='ltr'>σωτήριον</span> <span class='ocrx_word' id='word_1_428' title='bbox 726 3518 954 3591; x_wconf 76' lang='grc' dir='ltr'>εὓρηται</span> <span class='ocrx_word' id='word_1_429' title='bbox 987 3517 1097 3572; x_wconf 77' lang='grc' dir='ltr'>τοῦ.</span> <span class='ocrx_word' id='word_1_430' title='bbox 1140 3515 1410 3581; x_wconf 81' lang='grc' dir='ltr'>ζωοποιοῦ</span> <span class='ocrx_word' id='word_1_431' title='bbox 1469 3516 1706 3589; x_wconf 82' lang='grc' dir='ltr'>σταυροῦ</span> <span class='ocrx_word' id='word_1_432' title='bbox 1737 3515 1920 3581; x_wconf 82' lang='grc' dir='ltr'>ξύλον⁶</span> 
     </span>
    </p>
   </div>
   <div class='ocr_carea' id='block_1_67' title="bbox 334 3612 1919 3685">
    <p class='ocr_par' dir='ltr' id='par_1_67' title="bbox 334 3612 1919 3685">
     <span class='ocr_line' id='line_1_67' title="bbox 334 3612 1919 3685; baseline -0.002 -16"><span class='ocrx_word' id='word_1_433' title='bbox 334 3616 429 3669; x_wconf 73' lang='grc' dir='ltr'><strong>ἐπὶ</strong></span> <span class='ocrx_word' id='word_1_434' title='bbox 460 3615 519 3668; x_wconf 78' lang='grc' dir='ltr'>δὲ</span> <span class='ocrx_word' id='word_1_435' title='bbox 545 3615 665 3681; x_wconf 79' lang='grc' dir='ltr'>σοῦ,</span> <span class='ocrx_word' id='word_1_436' title='bbox 697 3613 1056 3667; x_wconf 78' lang='grc' dir='ltr'>εὐσεϐέστατε</span> <span class='ocrx_word' id='word_1_437' title='bbox 1113 3613 1359 3682; x_wconf 80' lang='grc' dir='ltr'>βασιλεῦ,</span> <span class='ocrx_word' id='word_1_438' title='bbox 1387 3614 1721 3685; x_wconf 82' lang='grc' dir='ltr'>προγονικὴν</span> <span class='ocrx_word' id='word_1_439' title='bbox 1761 3612 1919 3666; x_wconf 84' lang='grc' dir='ltr'>εὐσέ-</span> 
     </span>
    </p>
   </div>
   <div class='ocr_carea' id='block_1_68' title="bbox 332 3703 1917 3773">
    <p class='ocr_par' dir='ltr' id='par_1_68' title="bbox 332 3703 1917 3773">
     <span class='ocr_line' id='line_1_68' title="bbox 332 3703 1917 3773; baseline -0.002 -15"><span class='ocrx_word' id='word_1_440' title='bbox 332 3704 488 3758; x_wconf 79' lang='grc' dir='ltr'>ϐειαν</span> <span class='ocrx_word' id='word_1_441' title='bbox 518 3706 908 3771; x_wconf 72' lang='grc' dir='ltr'>ἐπανάγοντος,</span> <span class='ocrx_word' id='word_1_442' title='bbox 950 3705 1176 3766; x_wconf 77' lang='grc' dir='ltr'>εἰκότως</span> <span class='ocrx_word' id='word_1_443' title='bbox 1213 3706 1314 3757; x_wconf 87' lang='grc' dir='ltr'><strong>ούκ</strong></span> <span class='ocrx_word' id='word_1_444' title='bbox 1354 3705 1421 3756; x_wconf 83' lang='grc' dir='ltr'>ὲκ</span> <span class='ocrx_word' id='word_1_445' title='bbox 1453 3705 1578 3773; x_wconf 78' lang='grc' dir='ltr'>γῆς,</span> <span class='ocrx_word' id='word_1_446' title='bbox 1600 3704 1714 3756; x_wconf 80' lang='grc' dir='ltr'>ἀλλ’</span> <span class='ocrx_word' id='word_1_447' title='bbox 1735 3703 1792 3770; x_wconf 76' lang='grc' dir='ltr'>ἐξ</span> <span class='ocrx_word' id='word_1_448' title='bbox 1826 3704 1917 3755; x_wconf 89' lang='grc' dir='ltr'>ού-</span> 
     </span>
    </p>
   </div>
   <div class='ocr_carea' id='block_1_69' title="bbox 336 3794 1922 3869">
    <p class='ocr_par' dir='ltr' id='par_1_69' title="bbox 336 3794 1922 3869">
     <span class='ocr_line' id='line_1_69' title="bbox 336 3794 1922 3869; baseline -0.001 -20"><span class='ocrx_word' id='word_1_449' title='bbox 336 3794 503 3869; x_wconf 80' lang='grc' dir='ltr'>ρανοῦ</span> <span class='ocrx_word' id='word_1_450' title='bbox 554 3796 622 3849; x_wconf 83' lang='grc' dir='ltr'><strong>τά</strong></span> <span class='ocrx_word' id='word_1_451' title='bbox 679 3795 1251 3864; x_wconf 84' lang='grc' dir='ltr'>θαυματουργήματα.</span> <span class='ocrx_word' id='word_1_452' title='bbox 1300 3795 1389 3847; x_wconf 87' lang='grc' dir='ltr'><strong>Ἐν</strong></span> <span class='ocrx_word' id='word_1_453' title='bbox 1437 3796 1546 3866; x_wconf 80' lang='grc' dir='ltr'>γὰρ</span> <span class='ocrx_word' id='word_1_454' title='bbox 1592 3798 1716 3857; x_wconf 85' lang='grc' dir='ltr'>ταῖς</span> <span class='ocrx_word' id='word_1_455' title='bbox 1739 3797 1922 3863; x_wconf 83' lang='grc' dir='ltr'>ἁγίαις</span> 
     </span>
    </p>
   </div>
   <div class='ocr_carea' id='block_1_70' title="bbox 335 3882 1924 3953">
    <p class='ocr_par' dir='ltr' id='par_1_70' title="bbox 335 3882 1924 3953">
     <span class='ocr_line' id='line_1_70' title="bbox 335 3882 1924 3953; baseline 0 -16"><span class='ocrx_word' id='word_1_456' title='bbox 335 3883 565 3946; x_wconf 79' lang='grc' dir='ltr'>ταύταις</span> <span class='ocrx_word' id='word_1_457' title='bbox 625 3882 859 3952; x_wconf 80' lang='grc' dir='ltr'>ἡμέραις</span> <span class='ocrx_word' id='word_1_458' title='bbox 916 3883 1017 3952; x_wconf 84' lang='grc' dir='ltr'>τῆς</span> <span class='ocrx_word' id='word_1_459' title='bbox 1065 3883 1467 3953; x_wconf 83' lang='grc' dir='ltr'>Πεντηκοστῆς,</span> <span class='ocrx_word' id='word_1_460' title='bbox 1506 3883 1686 3948; x_wconf 88' lang='grc' dir='ltr'>νόναις</span> <span class='ocrx_word' id='word_1_461' title='bbox 1714 3886 1924 3949; x_wconf 79' lang='grc' dir='ltr'>Μαΐαις</span> 
     </span>
    </p>
   </div>
   <div class='ocr_carea' id='block_1_71' title="bbox 338 3972 1924 4047">
    <p class='ocr_par' dir='ltr' id='par_1_71' title="bbox 338 3972 1924 4047">
     <span class='ocr_line' id='line_1_71' title="bbox 338 3972 1924 4047; baseline -0.001 -18"><span class='ocrx_word' id='word_1_462' title='bbox 338 3976 469 4045; x_wconf 71' lang='grc' dir='ltr'>περὶ</span> <span class='ocrx_word' id='word_1_463' title='bbox 496 3975 690 4047; x_wconf 83' lang='grc' dir='ltr'>τρίτην</span> <span class='ocrx_word' id='word_1_464' title='bbox 725 3972 876 4043; x_wconf 80' lang='grc' dir='ltr'>ὥραν</span> <span class='ocrx_word' id='word_1_465' title='bbox 901 3972 1367 4044; x_wconf 74' lang='grc' dir='ltr'>παμμεγέστατος</span> <span class='ocrx_word' id='word_1_466' title='bbox 1394 3974 1625 4047; x_wconf 80' lang='grc' dir='ltr'>σταυρὸς</span> <span class='ocrx_word' id='word_1_467' title='bbox 1664 3976 1730 4028; x_wconf 77' lang='grc' dir='ltr'>ἐκ</span> <span class='ocrx_word' id='word_1_468' title='bbox 1747 3975 1924 4044; x_wconf 89' lang='grc' dir='ltr'>φωτὸς</span> 
     </span>
    </p>
   </div>
   <div class='ocr_carea' id='block_1_72' title="bbox 339 4065 1925 4138">
    <p class='ocr_par' dir='ltr' id='par_1_72' title="bbox 339 4065 1925 4138">
     <span class='ocr_line' id='line_1_72' title="bbox 339 4065 1925 4138; baseline 0 -17"><span class='ocrx_word' id='word_1_469' title='bbox 339 4065 854 4135; x_wconf 80' lang='grc' dir='ltr'>κατεσκευασμένος</span> <span class='ocrx_word' id='word_1_470' title='bbox 874 4067 931 4119; x_wconf 78' lang='grc' dir='ltr'>ὲν</span> <span class='ocrx_word' id='word_1_471' title='bbox 951 4066 1166 4138; x_wconf 79' lang='grc' dir='ltr'>οὐρανῷ</span> <span class='ocrx_word' id='word_1_472' title='bbox 1188 4066 1442 4138; x_wconf 77' lang='grc' dir='ltr'>ὑπεράνω</span> <span class='ocrx_word' id='word_1_473' title='bbox 1483 4068 1577 4121; x_wconf 78' lang='grc' dir='ltr'>τοῦ</span> <span class='ocrx_word' id='word_1_474' title='bbox 1612 4068 1768 4136; x_wconf 87' lang='grc' dir='ltr'>ἁγίου</span> <span class='ocrx_word' id='word_1_475' title='bbox 1800 4068 1925 4121; x_wconf 82' lang='grc' dir='ltr'>Γολ-</span> 
     </span>
    </p>
   </div>
   <div class='ocr_carea' id='block_1_73' title="bbox 339 4155 1922 4230">
    <p class='ocr_par' dir='ltr' id='par_1_73' title="bbox 339 4155 1922 4230">
     <span class='ocr_line' id='line_1_73' title="bbox 339 4155 1922 4230; baseline 0 -17"><span class='ocrx_word' id='word_1_476' title='bbox 339 4158 479 4230; x_wconf 78' lang='grc' dir='ltr'>γοθᾶ</span> <span class='ocrx_word' id='word_1_477' title='bbox 507 4160 603 4212; x_wconf 73' lang='grc' dir='ltr'><strong>καὶ</strong></span> <span class='ocrx_word' id='word_1_478' title='bbox 625 4159 786 4229; x_wconf 82' lang='grc' dir='ltr'>μέχρι</span> <span class='ocrx_word' id='word_1_479' title='bbox 807 4155 900 4210; x_wconf 80' lang='grc' dir='ltr'>τοῦ</span> <span class='ocrx_word' id='word_1_480' title='bbox 926 4158 1081 4225; x_wconf 86' lang='grc' dir='ltr'>ἁγίου</span> <span class='ocrx_word' id='word_1_481' title='bbox 1104 4158 1265 4228; x_wconf 78' lang='grc' dir='ltr'>ὅρους</span> <span class='ocrx_word' id='word_1_482' title='bbox 1292 4159 1399 4211; x_wconf 85' lang='grc' dir='ltr'><strong>τῶν</strong></span> <span class='ocrx_word' id='word_1_483' title='bbox 1430 4158 1657 4212; x_wconf 82' lang='grc' dir='ltr'>Ἐλαιῶν</span> <span class='ocrx_word' id='word_1_484' title='bbox 1682 4159 1922 4213; x_wconf 78' lang='grc' dir='ltr'>ἐκτεινό-</span> 
     </span>
    </p>
   </div>
   <div class='ocr_carea' id='block_1_74' title="bbox 346 4250 1924 4323">
    <p class='ocr_par' dir='ltr' id='par_1_74' title="bbox 346 4250 1924 4323">
     <span class='ocr_line' id='line_1_74' title="bbox 346 4250 1924 4323; baseline 0.001 -19"><span class='ocrx_word' id='word_1_485' title='bbox 346 4268 507 4323; x_wconf 82' lang='grc' dir='ltr'>μενος</span> <span class='ocrx_word' id='word_1_486' title='bbox 538 4251 814 4319; x_wconf 74' lang='grc' dir='ltr'>ἐφαίνετο,</span> <span class='ocrx_word' id='word_1_487' title='bbox 842 4250 942 4319; x_wconf 77' lang='grc' dir='ltr'><strong>οὐχ</strong></span> <span class='ocrx_word' id='word_1_488' title='bbox 994 4251 1076 4303; x_wconf 71' lang='grc' dir='ltr'><strong>ἑνὶ</strong></span> <span class='ocrx_word' id='word_1_489' title='bbox 1114 4252 1206 4303; x_wconf 73' lang='grc' dir='ltr'><strong>καὶ</strong></span> <span class='ocrx_word' id='word_1_490' title='bbox 1251 4251 1488 4323; x_wconf 82' lang='grc' dir='ltr'>δευτέρῳ</span> <span class='ocrx_word' id='word_1_491' title='bbox 1523 4252 1682 4323; x_wconf 89' lang='grc' dir='ltr'>μόνον</span> <span class='ocrx_word' id='word_1_492' title='bbox 1714 4253 1924 4322; x_wconf 78' lang='grc' dir='ltr'>φανεὶς,</span> 
     </span>
    </p>
   </div>
   <div class='ocr_carea' id='block_1_75' title="bbox 347 4339 1928 4415">
    <p class='ocr_par' dir='ltr' id='par_1_75' title="bbox 347 4339 1928 4415">
     <span class='ocr_line' id='line_1_75' title="bbox 347 4339 1928 4415; baseline 0.001 -19"><span class='ocrx_word' id='word_1_493' title='bbox 347 4342 484 4396; x_wconf 84' lang='grc' dir='ltr'>ἀλλὰ</span> <span class='ocrx_word' id='word_1_494' title='bbox 516 4340 679 4394; x_wconf 79' lang='grc' dir='ltr'>παντὶ</span> <span class='ocrx_word' id='word_1_495' title='bbox 706 4339 785 4411; x_wconf 83' lang='grc' dir='ltr'>τῷ</span> <span class='ocrx_word' id='word_1_496' title='bbox 812 4341 912 4411; x_wconf 85' lang='grc' dir='ltr'>τῆς</span> <span class='ocrx_word' id='word_1_497' title='bbox 942 4341 1149 4402; x_wconf 82' lang='grc' dir='ltr'>πόλεως</span> <span class='ocrx_word' id='word_1_498' title='bbox 1201 4341 1393 4412; x_wconf 80' lang='grc' dir='ltr'>πλήθει</span> <span class='ocrx_word' id='word_1_499' title='bbox 1432 4342 1791 4415; x_wconf 79' lang='grc' dir='ltr'>φανερώτατα</span> <span class='ocrx_word' id='word_1_500' title='bbox 1819 4344 1928 4397; x_wconf 80' lang='grc' dir='ltr'>δει-</span> 
     </span>
    </p>
   </div>
   <div class='ocr_carea' id='block_1_76' title="bbox 342 4432 1928 4506">
    <p class='ocr_par' dir='ltr' id='par_1_76' title="bbox 342 4432 1928 4506">
     <span class='ocr_line' id='line_1_76' title="bbox 342 4432 1928 4506; baseline 0.002 -19"><span class='ocrx_word' id='word_1_501' title='bbox 342 4433 516 4506; x_wconf 79' lang='grc' dir='ltr'>χθεὶς,</span> <span class='ocrx_word' id='word_1_502' title='bbox 550 4433 661 4487; x_wconf 86' lang='grc' dir='ltr'>οὐδ’</span> <span class='ocrx_word' id='word_1_503' title='bbox 695 4434 771 4496; x_wconf 87' lang='grc' dir='ltr'><strong>ὡς</strong></span> <span class='ocrx_word' id='word_1_504' title='bbox 805 4433 871 4487; x_wconf 78' lang='grc' dir='ltr'>ἄν</span> <span class='ocrx_word' id='word_1_505' title='bbox 921 4450 1006 4496; x_wconf 86' lang='grc' dir='ltr'><strong>τις</strong></span> <span class='ocrx_word' id='word_1_506' title='bbox 1057 4432 1301 4503; x_wconf 84' lang='grc' dir='ltr'>νομίσαι,</span> <span class='ocrx_word' id='word_1_507' title='bbox 1359 4432 1525 4499; x_wconf 77' lang='grc' dir='ltr'>ὀξέως</span> <span class='ocrx_word' id='word_1_508' title='bbox 1568 4435 1601 4505; x_wconf 79' lang='grc' dir='ltr'><strong>ἢ</strong></span> <span class='ocrx_word' id='word_1_509' title='bbox 1660 4436 1928 4491; x_wconf 73' lang='grc' dir='ltr'>καὶκατὰ</span> 
     </span>
    </p>
   </div>
   <div class='ocr_carea' id='block_1_77' title="bbox 2016 3218 3603 3290">
    <p class='ocr_par' dir='ltr' id='par_1_77' title="bbox 2016 3218 3603 3290">
     <span class='ocr_line' id='line_1_77' title="bbox 2016 3218 3603 3290; baseline 0.003 -17"><span class='ocrx_word' id='word_1_510' title='bbox 2016 3219 2255 3287; x_wconf 88' lang='lat' dir='ltr'><strong>scripsit.</strong></span> <span class='ocrx_word' id='word_1_511' title='bbox 2310 3218 2527 3273; x_wconf 84' lang='lat' dir='ltr'><strong>Clarius</strong></span> <span class='ocrx_word' id='word_1_512' title='bbox 2564 3228 2746 3273; x_wconf 88' lang='lat' dir='ltr'><strong>autem</strong></span> <span class='ocrx_word' id='word_1_513' title='bbox 2799 3219 3040 3289; x_wconf 86' lang='lat' dir='ltr'><strong>episcopi</strong></span> <span class='ocrx_word' id='word_1_514' title='bbox 3082 3219 3256 3290; x_wconf 87' lang='lat' dir='ltr'><strong>ipsius</strong></span> <span class='ocrx_word' id='word_1_515' title='bbox 3305 3221 3504 3277; x_wconf 72' lang='lat' dir='ltr'><strong>littera:</strong></span> <span class='ocrx_word' id='word_1_516' title='bbox 3547 3222 3603 3277; x_wconf 87' lang='lat' dir='ltr'><strong>id</strong></span> 
     </span>
    </p>
   </div>
   <div class='ocr_carea' id='block_1_78' title="bbox 2016 3312 2948 3368">
    <p class='ocr_par' dir='ltr' id='par_1_78' title="bbox 2016 3312 2948 3368">
     <span class='ocr_line' id='line_1_78' title="bbox 2016 3312 2948 3368; baseline 0 0"><span class='ocrx_word' id='word_1_517' title='bbox 2016 3312 2321 3368; x_wconf 84' lang='lat' dir='ltr'><strong>edocebunt</strong></span> <span class='ocrx_word' id='word_1_518' title='bbox 2348 3330 2363 3367; x_wconf 88' lang='lat'><strong>:</strong></span> <span class='ocrx_word' id='word_1_519' title='bbox 2393 3328 2474 3368; x_wconf 63' lang='lat' dir='ltr'><strong>ea</strong></span> <span class='ocrx_word' id='word_1_520' title='bbox 2505 3314 2580 3368; x_wconf 89' lang='lat' dir='ltr'><strong>ita</strong></span> <span class='ocrx_word' id='word_1_521' title='bbox 2611 3328 2672 3368; x_wconf 89' lang='lat' dir='ltr'><strong>se</strong></span> <span class='ocrx_word' id='word_1_522' title='bbox 2699 3313 2900 3368; x_wconf 90' lang='lat' dir='ltr'><strong>habent</strong></span> <span class='ocrx_word' id='word_1_523' title='bbox 2932 3329 2948 3368; x_wconf 88' lang='lat'><strong>:</strong></span> 
     </span>
    </p>
   </div>
   <div class='ocr_carea' id='block_1_79' title="bbox 2093 3406 3606 3480">
    <p class='ocr_par' dir='ltr' id='par_1_79' title="bbox 2093 3406 3606 3480">
     <span class='ocr_line' id='line_1_79' title="bbox 2093 3406 3606 3480; baseline 0.004 -22"><span class='ocrx_word' id='word_1_524' title='bbox 2093 3425 2113 3458; x_wconf 83' lang='grc'><strong><em>‹</em></strong></span> <span class='ocrx_word' id='word_1_525' title='bbox 2157 3406 2424 3475; x_wconf 88' lang='lat' dir='ltr'><strong>Tempore</strong></span> <span class='ocrx_word' id='word_1_526' title='bbox 2445 3407 2890 3476; x_wconf 74' lang='lat' dir='ltr'><strong>praestantissimi</strong></span> <span class='ocrx_word' id='word_1_527' title='bbox 2936 3422 3003 3463; x_wconf 87' lang='lat' dir='ltr'><strong>ac</strong></span> <span class='ocrx_word' id='word_1_528' title='bbox 3048 3407 3149 3477; x_wconf 76' lang='lat' dir='ltr'><strong>piae</strong></span> <span class='ocrx_word' id='word_1_529' title='bbox 3192 3409 3470 3464; x_wconf 69' lang='lat' dir='ltr'><strong>memoriae</strong></span> <span class='ocrx_word' id='word_1_530' title='bbox 3505 3424 3606 3480; x_wconf 85' lang='lat' dir='ltr'><strong>pa-</strong></span> 
     </span>
    </p>
   </div>
   <div class='ocr_carea' id='block_1_80' title="bbox 2019 3499 3606 3570">
    <p class='ocr_par' dir='ltr' id='par_1_80' title="bbox 2019 3499 3606 3570">
     <span class='ocr_line' id='line_1_80' title="bbox 2019 3499 3606 3570; baseline 0.004 -20"><span class='ocrx_word' id='word_1_531' title='bbox 2019 3499 2117 3555; x_wconf 91' lang='lat' dir='ltr'><strong>tris</strong></span> <span class='ocrx_word' id='word_1_532' title='bbox 2146 3500 2245 3566; x_wconf 78' lang='lat' dir='ltr'><strong>tui,</strong></span> <span class='ocrx_word' id='word_1_533' title='bbox 2310 3500 2552 3555; x_wconf 90' lang='lat' dir='ltr'><strong>salutare</strong></span> <span class='ocrx_word' id='word_1_534' title='bbox 2577 3500 2807 3555; x_wconf 80' lang='lat' dir='ltr'><strong>viviﬁcae</strong></span> <span class='ocrx_word' id='word_1_535' title='bbox 2846 3500 3033 3556; x_wconf 84' lang='lat' dir='ltr'><strong>crucis</strong></span> <span class='ocrx_word' id='word_1_536' title='bbox 3071 3500 3275 3570; x_wconf 76' lang='lat' dir='ltr'><strong>lignum</strong></span> <span class='ocrx_word' id='word_1_537' title='bbox 3324 3501 3606 3556; x_wconf 87' lang='lat' dir='ltr'><strong>inventum</strong></span> 
     </span>
    </p>
   </div>
   <div class='ocr_carea' id='block_1_81' title="bbox 2019 3591 3606 3663">
    <p class='ocr_par' dir='ltr' id='par_1_81' title="bbox 2019 3591 3606 3663">
     <span class='ocr_line' id='line_1_81' title="bbox 2019 3591 3606 3663; baseline 0.001 -17"><span class='ocrx_word' id='word_1_538' title='bbox 2019 3601 2121 3646; x_wconf 86' lang='lat' dir='ltr'><strong>est.</strong></span> <span class='ocrx_word' id='word_1_539' title='bbox 2176 3591 2292 3646; x_wconf 93' lang='lat' dir='ltr'><strong>Tuo</strong></span> <span class='ocrx_word' id='word_1_540' title='bbox 2352 3606 2484 3646; x_wconf 83' lang='lat' dir='ltr'><strong>vero</strong></span> <span class='ocrx_word' id='word_1_541' title='bbox 2530 3602 2798 3662; x_wconf 86' lang='lat' dir='ltr'><strong>tempore,</strong></span> <span class='ocrx_word' id='word_1_542' title='bbox 2848 3592 3097 3662; x_wconf 86' lang='lat' dir='ltr'><strong>piissime</strong></span> <span class='ocrx_word' id='word_1_543' title='bbox 3138 3592 3458 3663; x_wconf 86' lang='lat' dir='ltr'><strong>imperator,</strong></span> <span class='ocrx_word' id='word_1_544' title='bbox 3508 3591 3606 3648; x_wconf 82' lang='lat' dir='ltr'><strong>tibi</strong></span> 
     </span>
    </p>
   </div>
   <div class='ocr_carea' id='block_1_82' title="bbox 2021 3683 3604 3753">
    <p class='ocr_par' dir='ltr' id='par_1_82' title="bbox 2021 3683 3604 3753">
     <span class='ocr_line' id='line_1_82' title="bbox 2021 3683 3604 3753; baseline 0.002 -18"><span class='ocrx_word' id='word_1_545' title='bbox 2021 3687 2221 3736; x_wconf 86' lang='lat' dir='ltr'><strong>avitam</strong></span> <span class='ocrx_word' id='word_1_546' title='bbox 2254 3685 2514 3738; x_wconf 81' lang='lat' dir='ltr'><strong>virtutem</strong></span> <span class='ocrx_word' id='word_1_547' title='bbox 2560 3683 2848 3743; x_wconf 83' lang='lat' dir='ltr'><strong>referenti.</strong></span> <span class='ocrx_word' id='word_1_548' title='bbox 2885 3684 3086 3738; x_wconf 91' lang='lat' dir='ltr'><strong>merito</strong></span> <span class='ocrx_word' id='word_1_549' title='bbox 3145 3699 3252 3738; x_wconf 92' lang='lat' dir='ltr'><strong>non</strong></span> <span class='ocrx_word' id='word_1_550' title='bbox 3318 3699 3385 3738; x_wconf 79' lang='lat' dir='ltr'><strong>ex</strong></span> <span class='ocrx_word' id='word_1_551' title='bbox 3435 3692 3604 3753; x_wconf 86' lang='lat' dir='ltr'><strong>terra,</strong></span> 
     </span>
    </p>
   </div>
   <div class='ocr_carea' id='block_1_83' title="bbox 2022 3773 3609 3843">
    <p class='ocr_par' dir='ltr' id='par_1_83' title="bbox 2022 3773 3609 3843">
     <span class='ocr_line' id='line_1_83' title="bbox 2022 3773 3609 3843; baseline 0.004 -16"><span class='ocrx_word' id='word_1_552' title='bbox 2022 3773 2117 3828; x_wconf 83' lang='lat' dir='ltr'><strong>sed</strong></span> <span class='ocrx_word' id='word_1_553' title='bbox 2152 3787 2220 3827; x_wconf 77' lang='lat' dir='ltr'><strong>ex</strong></span> <span class='ocrx_word' id='word_1_554' title='bbox 2271 3774 2410 3828; x_wconf 77' lang='lat' dir='ltr'><strong>ctelo</strong></span> <span class='ocrx_word' id='word_1_555' title='bbox 2440 3777 2597 3843; x_wconf 77' lang='lat' dir='ltr'><strong>signa</strong></span> <span class='ocrx_word' id='word_1_556' title='bbox 2629 3784 3028 3829; x_wconf 74' lang='lat' dir='ltr'><strong>monstrantur.</strong></span> <span class='ocrx_word' id='word_1_557' title='bbox 3063 3774 3248 3831; x_wconf 84' lang='lat' dir='ltr'><strong>Sacris</strong></span> <span class='ocrx_word' id='word_1_558' title='bbox 3269 3776 3413 3831; x_wconf 91' lang='lat' dir='ltr'><strong>enim</strong></span> <span class='ocrx_word' id='word_1_559' title='bbox 3456 3775 3609 3833; x_wconf 86' lang='lat' dir='ltr'><strong>hisce</strong></span> 
     </span>
    </p>
   </div>
   <div class='ocr_carea' id='block_1_84' title="bbox 2023 3865 3611 3934">
    <p class='ocr_par' dir='ltr' id='par_1_84' title="bbox 2023 3865 3611 3934">
     <span class='ocr_line' id='line_1_84' title="bbox 2023 3865 3611 3934; baseline 0.004 -15"><span class='ocrx_word' id='word_1_560' title='bbox 2023 3865 2377 3921; x_wconf 84' lang='lat' dir='ltr'><strong>Pentecostes</strong></span> <span class='ocrx_word' id='word_1_561' title='bbox 2404 3867 2635 3934; x_wconf 82' lang='lat' dir='ltr'><strong>diebus,</strong></span> <span class='ocrx_word' id='word_1_562' title='bbox 2682 3866 2855 3922; x_wconf 86' lang='lat' dir='ltr'><strong>Nonis</strong></span> <span class='ocrx_word' id='word_1_563' title='bbox 2888 3867 3037 3934; x_wconf 80' lang='lat' dir='ltr'><strong>Maii,</strong></span> <span class='ocrx_word' id='word_1_564' title='bbox 3080 3868 3229 3924; x_wconf 89' lang='lat' dir='ltr'><strong>circa</strong></span> <span class='ocrx_word' id='word_1_565' title='bbox 3271 3870 3463 3925; x_wconf 89' lang='lat' dir='ltr'><strong>horam</strong></span> <span class='ocrx_word' id='word_1_566' title='bbox 3507 3879 3611 3926; x_wconf 66' lang='lat' dir='ltr'><strong>ten-</strong></span> 
     </span>
    </p>
   </div>
   <div class='ocr_carea' id='block_1_85' title="bbox 2026 3958 3612 4033">
    <p class='ocr_par' dir='ltr' id='par_1_85' title="bbox 2026 3958 3612 4033">
     <span class='ocr_line' id='line_1_85' title="bbox 2026 3958 3612 4033; baseline 0.005 -23"><span class='ocrx_word' id='word_1_567' title='bbox 2026 3958 2178 4024; x_wconf 88' lang='lat' dir='ltr'><strong>tiam,</strong></span> <span class='ocrx_word' id='word_1_568' title='bbox 2229 3958 2464 4013; x_wconf 81' lang='lat' dir='ltr'><strong>maxima</strong></span> <span class='ocrx_word' id='word_1_569' title='bbox 2490 3973 2625 4012; x_wconf 86' lang='lat' dir='ltr'><strong>crux</strong></span> <span class='ocrx_word' id='word_1_570' title='bbox 2663 3973 2732 4013; x_wconf 81' lang='lat' dir='ltr'><strong>ex</strong></span> <span class='ocrx_word' id='word_1_571' title='bbox 2773 3960 2895 4014; x_wconf 89' lang='lat' dir='ltr'><strong>luce</strong></span> <span class='ocrx_word' id='word_1_572' title='bbox 2924 3959 3088 4025; x_wconf 83' lang='lat' dir='ltr'><strong>facta,</strong></span> <span class='ocrx_word' id='word_1_573' title='bbox 3123 3960 3191 4015; x_wconf 90' lang='lat' dir='ltr'><strong>de</strong></span> <span class='ocrx_word' id='word_1_574' title='bbox 3227 3962 3388 4029; x_wconf 67' lang='lat' dir='ltr'><strong>caelo,</strong></span> <span class='ocrx_word' id='word_1_575' title='bbox 3444 3977 3612 4033; x_wconf 82' lang='lat' dir='ltr'><strong>super</strong></span> 
     </span>
    </p>
   </div>
   <div class='ocr_carea' id='block_1_86' title="bbox 2025 4050 3614 4122">
    <p class='ocr_par' dir='ltr' id='par_1_86' title="bbox 2025 4050 3614 4122">
     <span class='ocr_line' id='line_1_86' title="bbox 2025 4050 3614 4122; baseline 0.004 -17"><span class='ocrx_word' id='word_1_576' title='bbox 2025 4065 2243 4107; x_wconf 87' lang='lat' dir='ltr'><strong>sacrum</strong></span> <span class='ocrx_word' id='word_1_577' title='bbox 2274 4061 2513 4106; x_wconf 90' lang='lat' dir='ltr'><strong>montem</strong></span> <span class='ocrx_word' id='word_1_578' title='bbox 2546 4050 2838 4121; x_wconf 81' lang='lat' dir='ltr'><strong>Golgotha,</strong></span> <span class='ocrx_word' id='word_1_579' title='bbox 2865 4067 3038 4122; x_wconf 86' lang='lat' dir='ltr'><strong>usque</strong></span> <span class='ocrx_word' id='word_1_580' title='bbox 3076 4053 3147 4109; x_wconf 88' lang='lat' dir='ltr'><strong>ad</strong></span> <span class='ocrx_word' id='word_1_581' title='bbox 3177 4067 3428 4110; x_wconf 90' lang='lat' dir='ltr'><strong>sanctum</strong></span> <span class='ocrx_word' id='word_1_582' title='bbox 3463 4071 3614 4111; x_wconf 90' lang='lat' dir='ltr'><strong>mon-</strong></span> 
     </span>
    </p>
   </div>
   <div class='ocr_carea' id='block_1_87' title="bbox 2028 4139 3610 4214">
    <p class='ocr_par' dir='ltr' id='par_1_87' title="bbox 2028 4139 3610 4214">
     <span class='ocr_line' id='line_1_87' title="bbox 2028 4139 3610 4214; baseline 0.004 -20"><span class='ocrx_word' id='word_1_583' title='bbox 2028 4150 2132 4196; x_wconf 90' lang='lat' dir='ltr'><strong>tem</strong></span> <span class='ocrx_word' id='word_1_584' title='bbox 2172 4139 2454 4197; x_wconf 85' lang='lat' dir='ltr'><strong>Olivarum</strong></span> <span class='ocrx_word' id='word_1_585' title='bbox 2489 4153 2711 4198; x_wconf 74' lang='lat' dir='ltr'><strong>extenta</strong></span> <span class='ocrx_word' id='word_1_586' title='bbox 2755 4145 3049 4213; x_wconf 86' lang='lat' dir='ltr'><strong>apparuit;</strong></span> <span class='ocrx_word' id='word_1_587' title='bbox 3102 4161 3208 4199; x_wconf 90' lang='lat' dir='ltr'><strong>non</strong></span> <span class='ocrx_word' id='word_1_588' title='bbox 3250 4147 3343 4200; x_wconf 88' lang='lat' dir='ltr'><strong>uni</strong></span> <span class='ocrx_word' id='word_1_589' title='bbox 3376 4155 3610 4214; x_wconf 84' lang='lat' dir='ltr'><strong>tantum,</strong></span> 
     </span>
    </p>
   </div>
   <div class='ocr_carea' id='block_1_88' title="bbox 2027 4218 3609 4302">
    <p class='ocr_par' dir='ltr' id='par_1_88' title="bbox 2027 4218 3609 4302">
     <span class='ocr_line' id='line_1_88' title="bbox 2027 4218 3609 4302; baseline 0.007 -19"><span class='ocrx_word' id='word_1_590' title='bbox 2027 4240 2124 4286; x_wconf 87' lang='lat' dir='ltr'><strong>aut</strong></span> <span class='ocrx_word' id='word_1_591' title='bbox 2161 4232 2315 4287; x_wconf 89' lang='lat' dir='ltr'><strong>alteri</strong></span> <span class='ocrx_word' id='word_1_592' title='bbox 2347 4233 2484 4302; x_wconf 85' lang='lat' dir='ltr'><strong>visa’,</strong></span> <span class='ocrx_word' id='word_1_593' title='bbox 2539 4238 2634 4290; x_wconf 88' lang='lat' dir='ltr'><strong>sed</strong></span> <span class='ocrx_word' id='word_1_594' title='bbox 2666 4235 2936 4290; x_wconf 70' lang='lat' dir='ltr'><strong>universae</strong></span> <span class='ocrx_word' id='word_1_595' title='bbox 2963 4236 3206 4291; x_wconf 85' lang='lat' dir='ltr'><strong>civitatis</strong></span> <span class='ocrx_word' id='word_1_596' title='bbox 3270 4218 3609 4294; x_wconf 84' lang='lat' dir='ltr'><strong>multitudini</strong></span> 
     </span>
    </p>
   </div>
   <div class='ocr_carea' id='block_1_89' title="bbox 2027 4324 3614 4397">
    <p class='ocr_par' dir='ltr' id='par_1_89' title="bbox 2027 4324 3614 4397">
     <span class='ocr_line' id='line_1_89' title="bbox 2027 4324 3614 4397; baseline 0.002 -19"><span class='ocrx_word' id='word_1_597' title='bbox 2027 4324 2375 4394; x_wconf 87' lang='lat' dir='ltr'><strong>apertissime</strong></span> <span class='ocrx_word' id='word_1_598' title='bbox 2431 4334 2675 4381; x_wconf 88' lang='lat' dir='ltr'><strong>ostensa.</strong></span> <span class='ocrx_word' id='word_1_599' title='bbox 2729 4324 2918 4397; x_wconf 84' lang='lat' dir='ltr'><strong>Neque</strong></span> <span class='ocrx_word' id='word_1_600' title='bbox 2949 4335 3006 4381; x_wconf 79' lang='lat' dir='ltr'><strong>ut</strong></span> <span class='ocrx_word' id='word_1_601' title='bbox 3054 4326 3253 4397; x_wconf 81' lang='lat' dir='ltr'><strong>aliquis</strong></span> <span class='ocrx_word' id='word_1_602' title='bbox 3305 4325 3448 4382; x_wconf 79' lang='lat' dir='ltr'><strong>forte</strong></span> <span class='ocrx_word' id='word_1_603' title='bbox 3493 4329 3614 4383; x_wconf 80' lang='lat' dir='ltr'><strong>exi-</strong></span> 
     </span>
    </p>
   </div>
   <div class='ocr_carea' id='block_1_90' title="bbox 2028 4417 3612 4488">
    <p class='ocr_par' dir='ltr' id='par_1_90' title="bbox 2028 4417 3612 4488">
     <span class='ocr_line' id='line_1_90' title="bbox 2028 4417 3612 4488; baseline 0.002 -18"><span class='ocrx_word' id='word_1_604' title='bbox 2028 4417 2252 4471; x_wconf 78' lang='lat' dir='ltr'><strong>stimare</strong></span> <span class='ocrx_word' id='word_1_605' title='bbox 2312 4429 2517 4487; x_wconf 80' lang='lat' dir='ltr'><strong>posset,</strong></span> <span class='ocrx_word' id='word_1_606' title='bbox 2580 4417 2835 4474; x_wconf 86' lang='lat' dir='ltr'><strong>celeriter</strong></span> <span class='ocrx_word' id='word_1_607' title='bbox 2909 4419 3211 4474; x_wconf 81' lang='lat' dir='ltr'><strong>secundum</strong></span> <span class='ocrx_word' id='word_1_608' title='bbox 3269 4420 3612 4488; x_wconf 84' lang='lat' dir='ltr'><strong>phantasiam</strong></span> 
     </span>
    </p>
   </div>
   <div class='ocr_carea' id='block_1_91' title="bbox 344 4510 1916 4599">
    <p class='ocr_par' dir='ltr' id='par_1_91' title="bbox 344 4522 1916 4599">
     <span class='ocr_line' id='line_1_91' title="bbox 344 4522 1916 4599; baseline 0.001 -19"><span class='ocrx_word' id='word_1_609' title='bbox 344 4526 648 4597; x_wconf 82' lang='grc' dir='ltr'>φαντασίαν</span> <span class='ocrx_word' id='word_1_610' title='bbox 702 4522 1101 4596; x_wconf 86' lang='grc' dir='ltr'>παραδραμὼν,</span> <span class='ocrx_word' id='word_1_611' title='bbox 1160 4525 1275 4578; x_wconf 86' lang='grc' dir='ltr'>ἀλλ’</span> <span class='ocrx_word' id='word_1_612' title='bbox 1332 4528 1425 4579; x_wconf 72' lang='grc' dir='ltr'><strong>ἐπὶ</strong></span> <span class='ocrx_word' id='word_1_613' title='bbox 1473 4527 1716 4581; x_wconf 86' lang='grc' dir='ltr'>πλείοσιν</span> <span class='ocrx_word' id='word_1_614' title='bbox 1758 4527 1916 4599; x_wconf 76' lang='grc' dir='ltr'>ὥραις</span> 
     </span>
    </p>
   </div>
   <div class='ocr_carea' id='block_1_92' title="bbox 2018 4510 3615 4599">
    <p class='ocr_par' dir='ltr' id='par_1_92' title="bbox 2035 4510 3615 4580">
     <span class='ocr_line' id='line_1_92' title="bbox 2035 4510 3615 4580; baseline 0.001 -15"><span class='ocrx_word' id='word_1_615' title='bbox 2035 4523 2384 4578; x_wconf 81' lang='lat' dir='ltr'><strong>percurrens,</strong></span> <span class='ocrx_word' id='word_1_616' title='bbox 2418 4512 2515 4566; x_wconf 84' lang='lat' dir='ltr'><strong>sed</strong></span> <span class='ocrx_word' id='word_1_617' title='bbox 2548 4510 2733 4565; x_wconf 90' lang='lat' dir='ltr'><strong>multis</strong></span> <span class='ocrx_word' id='word_1_618' title='bbox 2782 4510 2932 4567; x_wconf 86' lang='lat' dir='ltr'><strong>horis</strong></span> <span class='ocrx_word' id='word_1_619' title='bbox 2968 4525 3133 4580; x_wconf 82' lang='lat' dir='ltr'><strong>supra</strong></span> <span class='ocrx_word' id='word_1_620' title='bbox 3185 4522 3386 4567; x_wconf 85' lang='lat' dir='ltr'><strong>terram</strong></span> <span class='ocrx_word' id='word_1_621' title='bbox 3434 4511 3615 4567; x_wconf 83' lang='lat' dir='ltr'><strong>mani-</strong></span> 
     </span>
    </p>
   </div>
   <div class='ocr_carea' id='block_1_93' title="bbox 344 4617 1928 4688">
    <p class='ocr_par' dir='ltr' id='par_1_93' title="bbox 344 4617 1928 4688">
     <span class='ocr_line' id='line_1_93' title="bbox 344 4617 1928 4688; baseline 0.001 -16"><span class='ocrx_word' id='word_1_622' title='bbox 344 4620 485 4688; x_wconf 80' lang='grc' dir='ltr'>ύπὲρ</span> <span class='ocrx_word' id='word_1_623' title='bbox 536 4619 639 4688; x_wconf 83' lang='grc' dir='ltr'>γῆν</span> <span class='ocrx_word' id='word_1_624' title='bbox 682 4617 1118 4688; x_wconf 82' lang='grc' dir='ltr'>όφθαλμοφανῶς</span> <span class='ocrx_word' id='word_1_625' title='bbox 1190 4617 1605 4688; x_wconf 85' lang='grc' dir='ltr'>θεωρούμενος,</span> <span class='ocrx_word' id='word_1_626' title='bbox 1663 4621 1759 4673; x_wconf 67' lang='grc' dir='ltr'>καὶ</span> <span class='ocrx_word' id='word_1_627' title='bbox 1806 4623 1928 4686; x_wconf 87' lang='grc' dir='ltr'>ταῖς</span> 
     </span>
    </p>
   </div>
   <div class='ocr_carea' id='block_1_94' title="bbox 346 4694 1930 4780">
    <p class='ocr_par' dir='ltr' id='par_1_94' title="bbox 346 4694 1930 4780">
     <span class='ocr_line' id='line_1_94' title="bbox 346 4694 1930 4780; baseline 0 -16"><span class='ocrx_word' id='word_1_628' title='bbox 346 4694 865 4780; x_wconf 69' lang='grc' dir='ltr'>άτέαστραπτούσαις</span> <span class='ocrx_word' id='word_1_629' title='bbox 891 4711 1281 4779; x_wconf 87' lang='grc' dir='ltr'>μαρμαρυγαῖς</span> <span class='ocrx_word' id='word_1_630' title='bbox 1314 4710 1414 4772; x_wconf 81' lang='grc' dir='ltr'><strong>τὰς</strong></span> <span class='ocrx_word' id='word_1_631' title='bbox 1448 4708 1679 4780; x_wconf 79' lang='grc' dir='ltr'>ἡλιακὰς</span> <span class='ocrx_word' id='word_1_632' title='bbox 1707 4712 1930 4775; x_wconf 85' lang='grc' dir='ltr'>ἀκτῖνας</span> 
     </span>
    </p>
   </div>
   <div class='ocr_carea' id='block_1_95' title="bbox 347 4799 1928 4872">
    <p class='ocr_par' dir='ltr' id='par_1_95' title="bbox 347 4799 1928 4872">
     <span class='ocr_line' id='line_1_95' title="bbox 347 4799 1928 4872; baseline 0.001 -18"><span class='ocrx_word' id='word_1_633' title='bbox 347 4802 675 4872; x_wconf 85' lang='grc' dir='ltr'>νικήσας.Ἢ</span> <span class='ocrx_word' id='word_1_634' title='bbox 704 4802 813 4869; x_wconf 77' lang='grc' dir='ltr'>γὰρ</span> <span class='ocrx_word' id='word_1_635' title='bbox 843 4799 907 4853; x_wconf 80' lang='grc' dir='ltr'><strong>ἂν</strong></span> <span class='ocrx_word' id='word_1_636' title='bbox 927 4802 1229 4872; x_wconf 84' lang='grc' dir='ltr'>νικώμενος</span> <span class='ocrx_word' id='word_1_637' title='bbox 1249 4801 1339 4853; x_wconf 84' lang='grc' dir='ltr'><strong>ὑπ’</strong></span> <span class='ocrx_word' id='word_1_638' title='bbox 1357 4801 1537 4854; x_wconf 83' lang='grc' dir='ltr'>αὐτῶν</span> <span class='ocrx_word' id='word_1_639' title='bbox 1569 4800 1928 4869; x_wconf 83' lang='grc' dir='ltr'>ἐκαλύπτετο,</span> 
     </span>
    </p>
   </div>
   <div class='ocr_carea' id='block_1_96' title="bbox 348 4895 1932 4968">
    <p class='ocr_par' dir='ltr' id='par_1_96' title="bbox 348 4895 1932 4968">
     <span class='ocr_line' id='line_1_96' title="bbox 348 4895 1932 4968; baseline -0.002 -17"><span class='ocrx_word' id='word_1_640' title='bbox 348 4898 506 4968; x_wconf 84' lang='grc' dir='ltr'>εἰμὴ</span> <span class='ocrx_word' id='word_1_641' title='bbox 542 4895 922 4966; x_wconf 82' lang='grc' dir='ltr'>δυνατωτέρας</span> <span class='ocrx_word' id='word_1_642' title='bbox 968 4895 1121 4965; x_wconf 76' lang='grc' dir='ltr'>ἡλίου</span> <span class='ocrx_word' id='word_1_643' title='bbox 1174 4899 1286 4958; x_wconf 81' lang='grc' dir='ltr'>τοῖς</span> <span class='ocrx_word' id='word_1_644' title='bbox 1335 4895 1504 4966; x_wconf 86' lang='grc' dir='ltr'>ὁρῶσι</span> <span class='ocrx_word' id='word_1_645' title='bbox 1564 4898 1792 4966; x_wconf 82' lang='grc' dir='ltr'>παρεῖχε</span> <span class='ocrx_word' id='word_1_646' title='bbox 1833 4896 1932 4959; x_wconf 76' lang='grc' dir='ltr'><strong>τὰς</strong></span> 
     </span>
    </p>
   </div>
   <div class='ocr_carea' id='block_1_97' title="bbox 349 4983 1930 5058">
    <p class='ocr_par' dir='ltr' id='par_1_97' title="bbox 349 4983 1930 5058">
     <span class='ocr_line' id='line_1_97' title="bbox 349 4983 1930 5058; baseline -0.003 -17"><span class='ocrx_word' id='word_1_647' title='bbox 349 4985 721 5058; x_wconf 83' lang='grc' dir='ltr'>λαμπηδόνας,</span> <span class='ocrx_word' id='word_1_648' title='bbox 749 4984 824 5046; x_wconf 85' lang='grc' dir='ltr'>ὼς</span> <span class='ocrx_word' id='word_1_649' title='bbox 849 4986 994 5038; x_wconf 73' lang='grc' dir='ltr'>ἅπαν</span> <span class='ocrx_word' id='word_1_650' title='bbox 1042 4983 1101 5048; x_wconf 73' lang='grc' dir='ltr'>ἐξ</span> <span class='ocrx_word' id='word_1_651' title='bbox 1138 4983 1308 5052; x_wconf 80' lang='grc' dir='ltr'>αὐτῆς</span> <span class='ocrx_word' id='word_1_652' title='bbox 1346 4984 1445 5053; x_wconf 85' lang='grc' dir='ltr'>τῆς</span> <span class='ocrx_word' id='word_1_653' title='bbox 1497 4983 1656 5050; x_wconf 85' lang='grc' dir='ltr'>ἁγίας</span> <span class='ocrx_word' id='word_1_654' title='bbox 1695 4984 1930 5055; x_wconf 80' lang='grc' dir='ltr'>Ἐκκλη-</span> 
     </span>
    </p>
   </div>
   <div class='ocr_carea' id='block_1_98' title="bbox 351 5074 1931 5149">
    <p class='ocr_par' dir='ltr' id='par_1_98' title="bbox 351 5074 1931 5149">
     <span class='ocr_line' id='line_1_98' title="bbox 351 5074 1931 5149; baseline -0.004 -15"><span class='ocrx_word' id='word_1_655' title='bbox 351 5081 475 5143; x_wconf 87' lang='grc' dir='ltr'>σίας</span> <span class='ocrx_word' id='word_1_656' title='bbox 498 5079 822 5149; x_wconf 81' lang='grc' dir='ltr'>συνδραμεῖν</span> <span class='ocrx_word' id='word_1_657' title='bbox 850 5075 911 5128; x_wconf 84' lang='grc' dir='ltr'><strong>τὸ</strong></span> <span class='ocrx_word' id='word_1_658' title='bbox 945 5076 1171 5145; x_wconf 76' lang='grc' dir='ltr'>πλῆθος,</span> <span class='ocrx_word' id='word_1_659' title='bbox 1218 5075 1298 5146; x_wconf 85' lang='grc' dir='ltr'>τῷ</span> <span class='ocrx_word' id='word_1_660' title='bbox 1334 5075 1433 5142; x_wconf 85' lang='grc' dir='ltr'><strong>τῆς</strong></span> <span class='ocrx_word' id='word_1_661' title='bbox 1475 5074 1732 5139; x_wconf 88' lang='grc' dir='ltr'>θεοπτίας</span> <span class='ocrx_word' id='word_1_662' title='bbox 1782 5075 1931 5147; x_wconf 77' lang='grc' dir='ltr'>φόϐῳ</span> 
     </span>
    </p>
   </div>
   <div class='ocr_carea' id='block_1_99' title="bbox 296 5164 1933 5241">
    <p class='ocr_par' dir='ltr' id='par_1_99' title="bbox 296 5164 1933 5241">
     <span class='ocr_line' id='line_1_99' title="bbox 296 5164 1933 5241; baseline -0.004 -17"><span class='ocrx_word' id='word_1_663' title='bbox 296 5176 299 5177; x_wconf 63' lang='grc'><strong><em>⁷</em></strong></span> <span class='ocrx_word' id='word_1_664' title='bbox 354 5169 615 5241; x_wconf 78' lang='grc' dir='ltr'>συσχεθὲν</span> <span class='ocrx_word' id='word_1_665' title='bbox 645 5167 704 5231; x_wconf 73' lang='grc' dir='ltr'><strong>ἐξ</strong></span> <span class='ocrx_word' id='word_1_666' title='bbox 724 5164 952 5237; x_wconf 81' lang='grc' dir='ltr'>ούρανοῦ</span> <span class='ocrx_word' id='word_1_667' title='bbox 971 5165 1153 5218; x_wconf 80' lang='grc' dir='ltr'>θεόθεν</span> <span class='ocrx_word' id='word_1_668' title='bbox 1174 5165 1602 5235; x_wconf 72' lang='grc' dir='ltr'>γεγενημένης.»</span> <span class='ocrx_word' id='word_1_669' title='bbox 1623 5166 1733 5220; x_wconf 76' lang='grc' dir='ltr'>Καὶ</span> <span class='ocrx_word' id='word_1_670' title='bbox 1759 5164 1933 5218; x_wconf 81' lang='grc' dir='ltr'>ταῦτα</span> 
     </span>
    </p>
   </div>
   <div class='ocr_carea' id='block_1_100' title="bbox 357 5260 880 5334">
    <p class='ocr_par' dir='ltr' id='par_1_100' title="bbox 357 5260 880 5334">
     <span class='ocr_line' id='line_1_100' title="bbox 357 5260 880 5334; baseline -0.006 -20"><span class='ocrx_word' id='word_1_671' title='bbox 357 5262 456 5334; x_wconf 75' lang='grc' dir='ltr'>μὲν</span> <span class='ocrx_word' id='word_1_672' title='bbox 500 5264 528 5313; x_wconf 91' lang='grc' dir='ltr'>ὁ</span> <span class='ocrx_word' id='word_1_673' title='bbox 561 5260 880 5321; x_wconf 77' lang='grc' dir='ltr'>ἐπίσκοπος.</span> 
     </span>
    </p>
   </div>
   <div class='ocr_carea' id='block_1_101' title="bbox 437 5348 1936 5422">
    <p class='ocr_par' dir='ltr' id='par_1_101' title="bbox 437 5348 1936 5422">
     <span class='ocr_line' id='line_1_101' title="bbox 437 5348 1936 5422; baseline -0.004 -14"><span class='ocrx_word' id='word_1_674' title='bbox 437 5355 532 5408; x_wconf 89' lang='grc' dir='ltr'>Ἐκ</span> <span class='ocrx_word' id='word_1_675' title='bbox 579 5353 785 5422; x_wconf 85' lang='grc' dir='ltr'>ταύτης</span> <span class='ocrx_word' id='word_1_676' title='bbox 838 5350 894 5402; x_wconf 83' lang='grc' dir='ltr'><strong>δὲ</strong></span> <span class='ocrx_word' id='word_1_677' title='bbox 935 5349 1397 5419; x_wconf 83' lang='grc' dir='ltr'>παραδοξοποιίας</span> <span class='ocrx_word' id='word_1_678' title='bbox 1450 5348 1644 5403; x_wconf 74' lang='grc' dir='ltr'>πολλαὶ</span> <span class='ocrx_word' id='word_1_679' title='bbox 1701 5348 1936 5420; x_wconf 82' lang='grc' dir='ltr'>χιλιάδες</span> 
     </span>
    </p>
   </div>
   <div class='ocr_carea' id='block_1_102' title="bbox 354 5433 1934 5517">
    <p class='ocr_par' dir='ltr' id='par_1_102' title="bbox 354 5433 1934 5517">
     <span class='ocr_line' id='line_1_102' title="bbox 354 5433 1934 5517; baseline -0.006 -17"><span class='ocrx_word' id='word_1_680' title='bbox 354 5441 763 5517; x_wconf 85' lang='grc' dir='ltr'>προσετέθησαν</span> <span class='ocrx_word' id='word_1_681' title='bbox 813 5442 879 5511; x_wconf 77' lang='grc' dir='ltr'>τῇ</span> <span class='ocrx_word' id='word_1_682' title='bbox 928 5438 1128 5491; x_wconf 77' lang='grc' dir='ltr'>πίστει.</span> <span class='ocrx_word' id='word_1_683' title='bbox 1163 5439 1307 5495; x_wconf 75' lang='grc' dir='ltr'>Ἕως</span> <span class='ocrx_word' id='word_1_684' title='bbox 1339 5433 1443 5493; x_wconf 81' lang='grc' dir='ltr'>ὧδε</span> <span class='ocrx_word' id='word_1_685' title='bbox 1484 5439 1616 5510; x_wconf 72' lang='grc' dir='ltr'>περὶ</span> <span class='ocrx_word' id='word_1_686' title='bbox 1654 5440 1749 5509; x_wconf 83' lang='grc' dir='ltr'>τῆς</span> <span class='ocrx_word' id='word_1_687' title='bbox 1777 5439 1934 5509; x_wconf 81' lang='grc' dir='ltr'>εὑρέ-</span> 
     </span>
    </p>
   </div>
   <div class='ocr_carea' id='block_1_103' title="bbox 355 5529 1933 5607">
    <p class='ocr_par' dir='ltr' id='par_1_103' title="bbox 355 5529 1933 5607">
     <span class='ocr_line' id='line_1_103' title="bbox 355 5529 1933 5607; baseline 0.022 -14"><span class='ocrx_word' id='word_1_688' title='bbox 355 5554 497 5600; x_wconf 86' lang='grc' dir='ltr'>σεως</span> <span class='ocrx_word' id='word_1_689' title='bbox 555 5534 668 5607; x_wconf 70' lang='grc'>(72)</span> <span class='ocrx_word' id='word_1_690' title='bbox 719 5530 815 5586; x_wconf 76' lang='grc' dir='ltr'><strong>τοῧ</strong></span> <span class='ocrx_word' id='word_1_691' title='bbox 853 5529 1121 5596; x_wconf 66' lang='grc' dir='ltr'><strong>ζωοποιθῦ</strong></span> <span class='ocrx_word' id='word_1_692' title='bbox 1164 5532 1399 5602; x_wconf 58' lang='grc' dir='ltr'><strong>σταυροῦ</strong></span> <span class='ocrx_word' id='word_1_693' title='bbox 1445 5532 1478 5602; x_wconf 69' lang='grc' dir='ltr'>ἡ</span> <span class='ocrx_word' id='word_1_694' title='bbox 1523 5533 1734 5602; x_wconf 61' lang='grc' dir='ltr'><strong>ἱστορία</strong></span> <span class='ocrx_word' id='word_1_695' title='bbox 1769 5530 1933 5594; x_wconf 47' lang='grc' dir='ltr'><strong>ἔστιδ’</strong></span> 
     </span>
    </p>
   </div>
   <div class='ocr_carea' id='block_1_104' title="bbox 2032 4600 3617 4677">
    <p class='ocr_par' dir='ltr' id='par_1_104' title="bbox 2032 4600 3617 4677">
     <span class='ocr_line' id='line_1_104' title="bbox 2032 4600 3617 4677; baseline 0.004 -21"><span class='ocrx_word' id='word_1_696' title='bbox 2032 4600 2171 4657; x_wconf 86' lang='lat' dir='ltr'><strong>t&#39;este</strong></span> <span class='ocrx_word' id='word_1_697' title='bbox 2206 4610 2522 4671; x_wconf 87' lang='lat' dir='ltr'><strong>conspecta,</strong></span> <span class='ocrx_word' id='word_1_698' title='bbox 2553 4601 2839 4672; x_wconf 72' lang='lat' dir='ltr'><strong>splendore</strong></span> <span class='ocrx_word' id='word_1_699' title='bbox 2890 4618 2992 4657; x_wconf 85' lang='lat' dir='ltr'><strong>suo</strong></span> <span class='ocrx_word' id='word_1_700' title='bbox 3034 4603 3166 4658; x_wconf 88' lang='lat' dir='ltr'><strong>solis</strong></span> <span class='ocrx_word' id='word_1_701' title='bbox 3218 4605 3403 4659; x_wconf 85' lang='lat' dir='ltr'><strong>radios</strong></span> <span class='ocrx_word' id='word_1_702' title='bbox 3456 4606 3617 4677; x_wconf 76' lang='lat' dir='ltr'><strong>longe</strong></span> 
     </span>
    </p>
   </div>
   <div class='ocr_carea' id='block_1_105' title="bbox 2032 4693 3618 4768">
    <p class='ocr_par' dir='ltr' id='par_1_105' title="bbox 2032 4693 3618 4768">
     <span class='ocr_line' id='line_1_105' title="bbox 2032 4693 3618 4768; baseline 0.005 -20"><span class='ocrx_word' id='word_1_703' title='bbox 2032 4708 2322 4764; x_wconf 87' lang='lat' dir='ltr'><strong>superans.</strong></span> <span class='ocrx_word' id='word_1_704' title='bbox 2354 4693 2520 4768; x_wconf 78' lang='lat' dir='ltr'><strong>Certe</strong></span> <span class='ocrx_word' id='word_1_705' title='bbox 2542 4695 2689 4751; x_wconf 88' lang='lat' dir='ltr'><strong>enim</strong></span> <span class='ocrx_word' id='word_1_706' title='bbox 2722 4697 2791 4751; x_wconf 86' lang='lat' dir='ltr'><strong>ab</strong></span> <span class='ocrx_word' id='word_1_707' title='bbox 2820 4696 2929 4751; x_wconf 82' lang='lat' dir='ltr'><strong>illis</strong></span> <span class='ocrx_word' id='word_1_708' title='bbox 2958 4707 3235 4768; x_wconf 88' lang='lat' dir='ltr'><strong>superata,</strong></span> <span class='ocrx_word' id='word_1_709' title='bbox 3298 4699 3618 4756; x_wconf 83' lang='lat' dir='ltr'><strong>abscondita</strong></span> 
     </span>
    </p>
   </div>
   <div class='ocr_carea' id='block_1_106' title="bbox 2032 4788 3618 4858">
    <p class='ocr_par' dir='ltr' id='par_1_106' title="bbox 2032 4788 3618 4858">
     <span class='ocr_line' id='line_1_106' title="bbox 2032 4788 3618 4858; baseline 0.003 -15"><span class='ocrx_word' id='word_1_710' title='bbox 2032 4788 2249 4852; x_wconf 77' lang='lat' dir='ltr'><strong>fuisset,</strong></span> <span class='ocrx_word' id='word_1_711' title='bbox 2283 4788 2384 4843; x_wconf 85' lang='lat' dir='ltr'><strong>nisi</strong></span> <span class='ocrx_word' id='word_1_712' title='bbox 2416 4789 2758 4843; x_wconf 84' lang='lat' dir='ltr'><strong>intuentibus</strong></span> <span class='ocrx_word' id='word_1_713' title='bbox 2790 4790 2967 4858; x_wconf 87' lang='lat' dir='ltr'><strong>ipsam</strong></span> <span class='ocrx_word' id='word_1_714' title='bbox 2995 4790 3111 4845; x_wconf 88' lang='lat' dir='ltr'><strong>sole</strong></span> <span class='ocrx_word' id='word_1_715' title='bbox 3169 4790 3468 4846; x_wconf 89' lang='lat' dir='ltr'><strong>lucidiores</strong></span> <span class='ocrx_word' id='word_1_716' title='bbox 3527 4807 3618 4847; x_wconf 88' lang='lat' dir='ltr'><strong>ra-</strong></span> 
     </span>
    </p>
   </div>
   <div class='ocr_carea' id='block_1_107' title="bbox 2036 4881 3621 4944">
    <p class='ocr_par' dir='ltr' id='par_1_107' title="bbox 2036 4881 3621 4944">
     <span class='ocr_line' id='line_1_107' title="bbox 2036 4881 3621 4944; baseline 0.006 -10"><span class='ocrx_word' id='word_1_717' title='bbox 2036 4882 2155 4935; x_wconf 90' lang='lat' dir='ltr'><strong>dios</strong></span> <span class='ocrx_word' id='word_1_718' title='bbox 2184 4881 2525 4939; x_wconf 79' lang='lat' dir='ltr'><strong>exhibuisset</strong></span> <span class='ocrx_word' id='word_1_719' title='bbox 2558 4899 2572 4935; x_wconf 92' lang='lat'><strong>:</strong></span> <span class='ocrx_word' id='word_1_720' title='bbox 2609 4882 2743 4935; x_wconf 85' lang='lat' dir='ltr'><strong>adeo</strong></span> <span class='ocrx_word' id='word_1_721' title='bbox 2795 4890 2855 4936; x_wconf 85' lang='lat' dir='ltr'><strong>ut</strong></span> <span class='ocrx_word' id='word_1_722' title='bbox 2900 4882 3045 4936; x_wconf 89' lang='lat' dir='ltr'><strong>illico</strong></span> <span class='ocrx_word' id='word_1_723' title='bbox 3072 4884 3326 4939; x_wconf 87' lang='lat' dir='ltr'><strong>universa</strong></span> <span class='ocrx_word' id='word_1_724' title='bbox 3384 4887 3621 4944; x_wconf 88' lang='lat' dir='ltr'><strong>civitatis</strong></span> 
     </span>
    </p>
   </div>
   <div class='ocr_carea' id='block_1_108' title="bbox 2035 4972 3618 5043">
    <p class='ocr_par' dir='ltr' id='par_1_108' title="bbox 2035 4972 3618 5043">
     <span class='ocr_line' id='line_1_108' title="bbox 2035 4972 3618 5043; baseline 0.004 -16"><span class='ocrx_word' id='word_1_725' title='bbox 2035 4972 2330 5027; x_wconf 87' lang='lat' dir='ltr'><strong>multitudo</strong></span> <span class='ocrx_word' id='word_1_726' title='bbox 2359 4973 2426 5027; x_wconf 86' lang='lat' dir='ltr'><strong>ad</strong></span> <span class='ocrx_word' id='word_1_727' title='bbox 2453 4982 2699 5028; x_wconf 84' lang='lat' dir='ltr'><strong>sanctam</strong></span> <span class='ocrx_word' id='word_1_728' title='bbox 2730 4972 3029 5029; x_wconf 86' lang='lat' dir='ltr'><strong>Ecclesiam</strong></span> <span class='ocrx_word' id='word_1_729' title='bbox 3061 4985 3433 5043; x_wconf 88' lang='lat' dir='ltr'><strong>concurreret,</strong></span> <span class='ocrx_word' id='word_1_730' title='bbox 3474 4990 3618 5033; x_wconf 90' lang='lat' dir='ltr'><strong>metu</strong></span> 
     </span>
    </p>
   </div>
   <div class='ocr_carea' id='block_1_109' title="bbox 2036 5068 3622 5141">
    <p class='ocr_par' dir='ltr' id='par_1_109' title="bbox 2036 5068 3622 5141">
     <span class='ocr_line' id='line_1_109' title="bbox 2036 5068 3622 5141; baseline 0.001 -18"><span class='ocrx_word' id='word_1_731' title='bbox 2036 5068 2207 5124; x_wconf 84' lang='lat' dir='ltr'><strong>divini</strong></span> <span class='ocrx_word' id='word_1_732' title='bbox 2237 5068 2396 5124; x_wconf 90' lang='lat' dir='ltr'><strong>istius</strong></span> <span class='ocrx_word' id='word_1_733' title='bbox 2424 5069 2653 5139; x_wconf 76' lang='lat' dir='ltr'><strong>prodigii</strong></span> <span class='ocrx_word' id='word_1_734' title='bbox 2683 5070 2898 5125; x_wconf 73' lang='lat' dir='ltr'><strong>ctelitus</strong></span> <span class='ocrx_word' id='word_1_735' title='bbox 2919 5068 3045 5125; x_wconf 81' lang='lat' dir='ltr'><strong>facti</strong></span> <span class='ocrx_word' id='word_1_736' title='bbox 3069 5070 3361 5140; x_wconf 84' lang='lat' dir='ltr'><strong>perterriti.</strong></span> <span class='ocrx_word' id='word_1_737' title='bbox 3386 5087 3405 5120; x_wconf 74' lang='grc' dir='ltr'><strong>ι</strong></span> <span class='ocrx_word' id='word_1_738' title='bbox 3443 5070 3622 5141; x_wconf 80' lang='lat' dir='ltr'><strong>Atque</strong></span> 
     </span>
    </p>
   </div>
   <div class='ocr_carea' id='block_1_110' title="bbox 2038 5161 2894 5232">
    <p class='ocr_par' dir='ltr' id='par_1_110' title="bbox 2038 5161 2894 5232">
     <span class='ocr_line' id='line_1_110' title="bbox 2038 5161 2894 5232; baseline 0 -16"><span class='ocrx_word' id='word_1_739' title='bbox 2038 5161 2305 5217; x_wconf 80' lang='lat' dir='ltr'><strong>hactenus</strong></span> <span class='ocrx_word' id='word_1_740' title='bbox 2333 5163 2552 5232; x_wconf 90' lang='lat' dir='ltr'><strong>quidem</strong></span> <span class='ocrx_word' id='word_1_741' title='bbox 2582 5163 2894 5232; x_wconf 87' lang='lat' dir='ltr'><strong>episcopus.</strong></span> 
     </span>
    </p>
   </div>
   <div class='ocr_carea' id='block_1_111' title="bbox 2111 5340 3621 5410">
    <p class='ocr_par' dir='ltr' id='par_1_111' title="bbox 2111 5340 3621 5410">
     <span class='ocr_line' id='line_1_111' title="bbox 2111 5340 3621 5410; baseline 0.002 -16"><span class='ocrx_word' id='word_1_742' title='bbox 2111 5340 2194 5395; x_wconf 85' lang='lat' dir='ltr'><strong>Ex</strong></span> <span class='ocrx_word' id='word_1_743' title='bbox 2220 5355 2326 5410; x_wconf 91' lang='lat' dir='ltr'><strong>quo</strong></span> <span class='ocrx_word' id='word_1_744' title='bbox 2359 5348 2467 5397; x_wconf 64' lang='lat' dir='ltr'><strong>tam</strong></span> <span class='ocrx_word' id='word_1_745' title='bbox 2499 5342 2768 5409; x_wconf 87' lang='lat' dir='ltr'><strong>stupendo</strong></span> <span class='ocrx_word' id='word_1_746' title='bbox 2794 5341 3061 5395; x_wconf 88' lang='lat' dir='ltr'><strong>miraculo</strong></span> <span class='ocrx_word' id='word_1_747' title='bbox 3112 5340 3278 5395; x_wconf 86' lang='lat' dir='ltr'><strong>multa</strong></span> <span class='ocrx_word' id='word_1_748' title='bbox 3342 5341 3621 5397; x_wconf 81' lang='lat' dir='ltr'><strong>hominum</strong></span> 
     </span>
    </p>
   </div>
   <div class='ocr_carea' id='block_1_112' title="bbox 2043 5432 3625 5503">
    <p class='ocr_par' dir='ltr' id='par_1_112' title="bbox 2043 5432 3625 5503">
     <span class='ocr_line' id='line_1_112' title="bbox 2043 5432 3625 5503; baseline 0.003 -17"><span class='ocrx_word' id='word_1_749' title='bbox 2043 5433 2205 5487; x_wconf 88' lang='lat' dir='ltr'><strong>millia</strong></span> <span class='ocrx_word' id='word_1_750' title='bbox 2245 5435 2311 5488; x_wconf 89' lang='lat' dir='ltr'><strong>ad</strong></span> <span class='ocrx_word' id='word_1_751' title='bbox 2341 5433 2499 5489; x_wconf 78' lang='lat' dir='ltr'><strong>[idem</strong></span> <span class='ocrx_word' id='word_1_752' title='bbox 2536 5448 2595 5488; x_wconf 88' lang='lat' dir='ltr'><strong>se</strong></span> <span class='ocrx_word' id='word_1_753' title='bbox 2645 5432 3043 5503; x_wconf 89' lang='lat' dir='ltr'><strong>applicuerunt.</strong></span> <span class='ocrx_word' id='word_1_754' title='bbox 3103 5432 3227 5489; x_wconf 63' lang='lat' dir='ltr'><strong>llaec</strong></span> <span class='ocrx_word' id='word_1_755' title='bbox 3287 5434 3352 5489; x_wconf 89' lang='lat' dir='ltr'><strong>de</strong></span> <span class='ocrx_word' id='word_1_756' title='bbox 3398 5434 3625 5490; x_wconf 74' lang='lat' dir='ltr'><strong>viviﬁcae</strong></span> 
     </span>
    </p>
   </div>
   <div class='ocr_carea' id='block_1_113' title="bbox 2043 5524 3627 5594">
    <p class='ocr_par' dir='ltr' id='par_1_113' title="bbox 2043 5524 3627 5594">
     <span class='ocr_line' id='line_1_113' title="bbox 2043 5524 3627 5594; baseline 0.001 -13"><span class='ocrx_word' id='word_1_757' title='bbox 2043 5527 2222 5582; x_wconf 89' lang='lat' dir='ltr'><strong>crucis</strong></span> <span class='ocrx_word' id='word_1_758' title='bbox 2268 5524 2599 5591; x_wconf 89' lang='lat' dir='ltr'><strong>inventione,</strong></span> <span class='ocrx_word' id='word_1_759' title='bbox 2644 5535 2865 5594; x_wconf 81' lang='lat' dir='ltr'><strong>totaque</strong></span> <span class='ocrx_word' id='word_1_760' title='bbox 2916 5524 3147 5581; x_wconf 87' lang='lat' dir='ltr'><strong>historia</strong></span> <span class='ocrx_word' id='word_1_761' title='bbox 3203 5525 3348 5581; x_wconf 86' lang='lat' dir='ltr'><strong>dicta</strong></span> <span class='ocrx_word' id='word_1_762' title='bbox 3383 5524 3514 5591; x_wconf 85' lang='lat' dir='ltr'><strong>sint,</strong></span> <span class='ocrx_word' id='word_1_763' title='bbox 3569 5536 3627 5582; x_wconf 77' lang='lat' dir='ltr'><strong>et</strong></span> 
     </span>
    </p>
   </div>
   <div class='ocr_carea' id='block_1_114' title="bbox 1851 5663 2086 5721">
    <p class='ocr_par' dir='ltr' id='par_1_114' title="bbox 1851 5663 2086 5721">
     <span class='ocr_line' id='line_1_114' title="bbox 1851 5663 2086 5721; baseline 0.004 -1"><span class='ocrx_word' id='word_1_764' title='bbox 1851 5663 2086 5721; x_wconf 76' lang='lat' dir='ltr'><strong>NOT/E.</strong></span> 
     </span>
    </p>
   </div>
   <div class='ocr_carea' id='block_1_115' title="bbox 429 5748 1945 5836">
    <p class='ocr_par' dir='ltr' id='par_1_115' title="bbox 429 5748 1945 5836">
     <span class='ocr_line' id='line_1_115' title="bbox 429 5748 1945 5836; baseline -0.007 -16"><span class='ocrx_word' id='word_1_765' title='bbox 429 5766 540 5836; x_wconf 74' lang='lat'><strong>(72)</strong></span> <span class='ocrx_word' id='word_1_766' title='bbox 574 5765 768 5819; x_wconf 83' lang='lat' dir='ltr'><strong>Addita</strong></span> <span class='ocrx_word' id='word_1_767' title='bbox 802 5772 926 5819; x_wconf 90' lang='lat' dir='ltr'><strong>sunt</strong></span> <span class='ocrx_word' id='word_1_768' title='bbox 968 5779 1033 5818; x_wconf 79' lang='lat' dir='ltr'><strong>ex</strong></span> <span class='ocrx_word' id='word_1_769' title='bbox 1080 5762 1222 5836; x_wconf 81' lang='lat' dir='ltr'><strong>cod._</strong></span> <span class='ocrx_word' id='word_1_770' title='bbox 1252 5759 1442 5836; x_wconf 84' lang='lat' dir='ltr'><strong>Crypt.</strong></span> <span class='ocrx_word' id='word_1_771' title='bbox 1499 5748 1656 5836; x_wconf 67' lang='lat' dir='ltr'><strong>Ferr.</strong></span> <span class='ocrx_word' id='word_1_772' title='bbox 1718 5759 1945 5836; x_wconf 76' lang='lat' dir='ltr'><strong>scripta,</strong></span> 
     </span>
    </p>
   </div>
   <div class='ocr_carea' id='block_1_116' title="bbox 356 5832 1930 5909">
    <p class='ocr_par' dir='ltr' id='par_1_116' title="bbox 356 5832 1930 5909">
     <span class='ocr_line' id='line_1_116' title="bbox 356 5832 1930 5909; baseline -0.008 -15"><span class='ocrx_word' id='word_1_773' title='bbox 356 5848 417 5895; x_wconf 90' lang='lat' dir='ltr'><strong>ut</strong></span> <span class='ocrx_word' id='word_1_774' title='bbox 439 5832 691 5909; x_wconf 78' lang='lat' dir='ltr'><strong>apparet,</strong></span> <span class='ocrx_word' id='word_1_775' title='bbox 726 5836 777 5891; x_wconf 89' lang='lat' dir='ltr'><strong>in</strong></span> <span class='ocrx_word' id='word_1_776' title='bbox 816 5836 954 5904; x_wconf 89' lang='lat' dir='ltr'><strong>illos,</strong></span> <span class='ocrx_word' id='word_1_777' title='bbox 997 5836 1089 5905; x_wconf 90' lang='lat' dir='ltr'><strong>qui</strong></span> <span class='ocrx_word' id='word_1_778' title='bbox 1125 5833 1467 5900; x_wconf 80' lang='lat' dir='ltr'><strong>Quiriacum,</strong></span> <span class='ocrx_word' id='word_1_779' title='bbox 1498 5847 1593 5889; x_wconf 90' lang='lat' dir='ltr'><strong>seu</strong></span> <span class='ocrx_word' id='word_1_780' title='bbox 1618 5832 1930 5903; x_wconf 67' lang='lat' dir='ltr'><strong>(Syriacum,</strong></span> 
     </span>
    </p>
   </div>
   <div class='ocr_carea' id='block_1_117' title="bbox 2056 5749 3626 5826">
    <p class='ocr_par' dir='ltr' id='par_1_117' title="bbox 2056 5749 3626 5826">
     <span class='ocr_line' id='line_1_117' title="bbox 2056 5749 3626 5826; baseline -0.005 -14"><span class='ocrx_word' id='word_1_781' title='bbox 2056 5757 2207 5826; x_wconf 91' lang='lat' dir='ltr'><strong>prius</strong></span> <span class='ocrx_word' id='word_1_782' title='bbox 2240 5753 2434 5826; x_wconf 74' lang='lat' dir='ltr'><strong>ludam</strong></span> <span class='ocrx_word' id='word_1_783' title='bbox 2458 5750 2811 5826; x_wconf 80' lang='lat' dir='ltr'><strong>appellatum,</strong></span> <span class='ocrx_word' id='word_1_784' title='bbox 2835 5750 3387 5824; x_wconf 84' lang='lat' dir='ltr'><strong>Hierosolymitanum</strong></span> <span class='ocrx_word' id='word_1_785' title='bbox 3420 5749 3626 5826; x_wconf 82' lang='lat' dir='ltr'><strong>episco—</strong></span> 
     </span>
    </p>
   </div>
   <div class='ocr_carea' id='block_1_118' title="bbox 2044 5822 3633 5897">
    <p class='ocr_par' dir='ltr' id='par_1_118' title="bbox 2044 5822 3633 5897">
     <span class='ocr_line' id='line_1_118' title="bbox 2044 5822 3633 5897; baseline -0.003 -14"><span class='ocrx_word' id='word_1_786' title='bbox 2044 5822 2171 5897; x_wconf 81' lang='lat' dir='ltr'><strong>pum</strong></span> <span class='ocrx_word' id='word_1_787' title='bbox 2200 5825 2541 5882; x_wconf 86' lang='lat' dir='ltr'><strong>constituunt</strong></span> <span class='ocrx_word' id='word_1_788' title='bbox 2572 5839 2589 5892; x_wconf 86' lang='lat'><strong>;</strong></span> <span class='ocrx_word' id='word_1_789' title='bbox 2620 5822 2846 5892; x_wconf 85' lang='lat' dir='ltr'><strong>ejusque</strong></span> <span class='ocrx_word' id='word_1_790' title='bbox 2880 5822 3140 5896; x_wconf 81' lang='lat' dir='ltr'><strong>auspiciis</strong></span> <span class='ocrx_word' id='word_1_791' title='bbox 3188 5838 3405 5882; x_wconf 86' lang='lat' dir='ltr'><strong>crucem</strong></span> <span class='ocrx_word' id='word_1_792' title='bbox 3441 5824 3633 5879; x_wconf 80' lang='lat' dir='ltr'><strong>inven-</strong></span> 
     </span>
    </p>
   </div>
  </div>
