4036 6226
474 283 615 401 tori

1712 335 2150 397 ALEXANDRI
2189 335 2534 401 MONACllI

3601 336 3738 405 ιονιξ

468 465 631 507 nemo
664 448 903 518 seipsum
940 447 1175 517 decipiat
1203 462 1339 502 vana
1390 445 1698 516 referendo,
1757 448 2057 506 fabulosas-

2168 455 2261 506 καὶ
2283 453 2478 523 μηδεὶς
2504 452 2694 507 ἑαυτὸν
2721 451 2987 508 ἀπατάτω
3046 451 3419 523 ματαιολογῶν
3450 452 3741 526 ἀσύμφορα

464 558 572 613 que
601 542 941 597 narrationes
973 541 1274 611 peregrinis
1315 540 1628 596 nominibus
1656 553 1941 596 contextus
1972 557 2062 597 ar-

465 644 726 704 gumento
772 633 897 687 huic
946 632 1259 686 inserendo.
1318 629 1508 699 Neque
1539 631 1682 684 enim
1734 632 1877 686 nllus
1927 631 2065 686 alius

468 727 759 792 episcomis
814 735 1013 794 praeter
1052 723 1339 790 praedictos
1396 722 1516 786 fuit,
1542 735 1716 790 neque
1774 721 1914 775 alius
1945 720 2060 776 Ro-

463 827 746 868 manorum
793 812 1108 881 imperator,
1175 826 1346 878 neque
1377 810 1484 865 alio
1546 811 1705 865 modo
1756 812 2062 865 veneranda

465 919 600 959 crux
648 902 1014 971 depraadicata
1044 909 1207 955 estet
1258 900 1618 969 promulgata.
1673 900 1759 955 Ab
1816 903 2063 969 Augusto

465 995 608 1049 enim
643 995 989 1061 imperatore,
1016 994 1115 1046 sub
1164 1007 1272 1061 quo
1312 991 1565 1046 Christus
1594 992 1893 1047 secundum
1931 1006 2060 1046 car-

428 1120 441 1131 ~
466 1102 589 1141 nem
623 1099 779 1140 natus
813 1095 915 1152 est,
952 1099 1124 1153 usque
1159 1084 1223 1136 ad
1278 1083 1700 1137 Constantinum
1760 1083 2012 1151 Magnum
2035 1124 2051 1148 ,

469 1178 697 1247 triginta
731 1179 975 1246 quinque
1009 1178 1369 1245 imperatores
1401 1176 1849 1229 intercesserunt.
1885 1173 2049 1227 Sinti-

469 1269 596 1325 liter
624 1287 654 1325 a
677 1269 880 1327 Jacobo
911 1270 1081 1325 fratre
1110 1271 1342 1334 Domini,
1398 1284 1569 1337 usque
1596 1270 1663 1321 ad
1704 1267 1863 1333 hujus
1894 1267 2059 1335 impe-

468 1364 637 1428 rium,
670 1364 895 1432 triginta
936 1364 1181 1432 quinque
1242 1362 1463 1414 fuerunt
1502 1358 1894 1428 Hierosolymis
1936 1358 2057 1427 epi-

2164 544 2261 599 καὶ
2289 545 2611 616 μυθοποιίας
2632 544 2697 600 δι’
2728 546 3010 614 ὀνομάτων
3048 544 3371 616 παραξὲνων
3401 562 3741 617 παρεισαγα-

2163 640 2283 707 γεῖν
2311 642 2377 710 τῇ
2411 639 2687 692 ὑποθέσει.
2723 638 2858 692 Οὐδὲ
2887 637 2998 711 γάρ
3026 636 3321 711 ἐπίσκοπος
3338 638 3521 708 ἕτερος
3550 639 3751 707 γὲγονι

2164 728 2384 783 πώποτε
2418 729 2573 801 παρὰ
2592 730 2718 793 τοὺς
2746 730 3298 800 προγεγραμμένους.
3330 730 3451 782 οὐδὲ
3483 730 3748 800 βασιλεὺς

2161 815 2348 887 ἔτερος
2390 818 2695 889 Ῥωμαίων,
2739 818 2860 872 οὐδὲ
2909 818 3082 889 ἑτέρῳ
3107 818 3292 889 τρόπῳ
3313 820 3341 871 6
3365 821 3543 888 τίμιος
3577 838 3749 876 σταυ-

2166 908 2258 980 ρὸς
2279 908 2650 980 ἁνεκηρύχθη.
2668 908 2806 963 Ἀπὸ
2843 908 2951 979 γὰρ
2983 909 3294 978 Αὐγούστου
3323 910 3416 964 τοῦ
3451 911 3746 982 βασιλέως,

2162 1002 2247 1069 ἐφ’
2276 995 2339 1055 06
2368 1003 2396 1054 6
2424 1002 2658 1071 Χριστὸς
2712 1002 2855 1056 κατὰ
2907 1001 3089 1072 σάρκα
3122 1002 3453 1074 (ἐγεννήθη),
3496 1003 3605 1067 ἔως
3650 1006 3745 1059 106

2166 1090 2402 1159 μεγάλου
2451 1091 2864 1144 Κωνσταντίνου
2919 1092 3212 1161 τριάκοντα
3271 1092 3433 1144 πέντε
3483 1093 3747 1161 γεγόνασι

2162 1180 2423 1251 βασιλεῖς·
2447 1181 2650 1253 ὁμοίως
2680 1182 2773 1236 καὶ
2804 1181 2911 1235 ἀπὸ
2965 1181 3223 1235 Ἰακώϐου
3267 1182 3361 1236 106
3414 1183 3744 1253 ἀδελφοθέου

2160 1273 2263 1336 ἕως
2293 1274 2390 1342 τῆς
2421 1274 2587 1343 αὐτῆς
2614 1272 2891 1343 βασιλείας
2935 1274 3231 1343 τριάκοντα
3265 1275 3425 1328 πέντε
3453 1277 3747 1344 γεγόνασιν

2151 1363 2562 1435 ’Ἰεροσολύμων
2591 1364 2904 1419 ἐπίσκοποι.
2937 1365 3048 1436 Τὴν
3090 1365 3148 1418 δὲ
3193 1365 3498 1437 σεϐάσμιον
3526 1368 3748 1439 ἡμέραν

468 1454 644 1523 sc0pi.
682 1454 1068 1508 Venerandam
1094 1461 1277 1505 autem
1306 1451 1447 1504 diem
1484 1449 1831 1503 exaltationis
1858 1460 2057 1501 sanctae

2161 1458 2256 1527 τῆς
2282 1457 2541 1528 ὐψώσεως
2572 1457 2666 1511 τοῦ
2695 1459 2881 1530 τιμίου
2912 1458 3169 1529 σταυροῦ,
3201 1459 3423 1513 καὶτῶν
3452 1458 3748 1528 ὲγκαινίων

469 1544 649 1598 crucis
676 1554 729 1598 et
761 1544 1123 1597 dedicationis
1169 1541 1357 1610 templi
1403 1539 1593 1594 Patres
1613 1555 1679 1593 ex
1711 1540 2057 1607 imperatorio

2161 1550 2429 1621 ὡρίσαντο
2458 1553 2507 1605 οἱ
2539 1551 2782 1622 Πατέρες
2811 1552 2953 1622 μετὰ
2988 1552 3271 1623 βασιλικοῦ
3320 1552 3748 1623 προστάγματος

463 1632 620 1702 jussu
679 1632 1007 1684 deﬁnierunt
1055 1630 1349 1699 quotannis
1410 1630 1791 1683 celebrandam
1847 1630 2055 1681 decimo

2161 1640 2431 1695 τελεῖσθαι
2473 1641 2581 1696 ἀνὰ
2641 1642 2760 1706 ἔτος
2806 1643 3033 1696 ἕκαστον
3070 1645 3135 1715 τῇ
3180 1642 3750 1715 τεσσαρεσκαιδεκάτῃ

471 1731 664 1792 quarto
703 1722 790 1775 die
820 1722 1174 1790 Septembris,
1215 1722 1266 1775 in
1297 1720 1556 1775 honorem
1586 1719 1784 1785 Patris,
1816 1729 1871 1773 et
1896 1718 2043 1782 Filii,

2161 1732 2254 1784 106
2281 1733 2655 1804 Σεπτεμϐρίου
2690 1734 2878 1805 μηνὸς,
2914 1735 3033 1805 ἥτις
3068 1734 3215 1787 ἐστὶν
3247 1736 3281 1804 ἡ
3311 1737 3417 1808 πρὸ
3441 1734 3581 1788 δέκα
3607 1734 3750 1787 ὀκτὼ

471 1822 526 1867 ει
553 1811 785 1880 δΡῘΓίιυε
837 1810 1033 1866 ε³¹¹ειίο
2088 1808 2130 1862 Β
2170 1824 2462 1877 Καλανδῶν
2501 1824 2866 1895 Ὀκτωϐρίων,
2907 1828 2986 1889 είς
3032 1825 3189 1890 δόξαν
3233 1826 3463 1897 Πατρὸς,
3491 1825 3628 1878 Υἰοῦ
3660 1826 3752 1880 καὶ

2118 1974 2121 1977 ἰ
2169 1915 2324 1983 ἁγίου
2354 1916 2492 1969 Ilva!»
2501 1933 2691 1987 ματος.

543 2008 812 2074 Quoniam
845 2022 995 2073 vero,
1026 2006 1212 2062 divina
1247 2021 1345 2061 nos
1388 2004 1688 2075 adiuvante
1718 2008 1918 2077 gratia,
1942 2023 2067 2061 ora-

477 2101 627 2155 tione
660 2101 1029 2169 processimus
1060 2102 1127 2154 ad
1163 2100 1507 2170 splendidam
1538 2100 1660 2155 festi
1692 2102 1864 2155 nostri
1897 2103 2062 2167 diem,

472 2207 594 2263 quae
621 2203 708 2247 est
738 2192 983 2247 05tensio
1035 2204 1092 2246 et
1116 2192 1381 2247 exaltatio
1433 2202 1638 2247 sanctae
1689 2193 1892 2256 crucis,
1941 2208 2062 2261 age,

474 2298 740 2358 quantum
793 2287 847 2340 in
882 2286 1040 2341 nobis
1082 2296 1187 2351 est,
1239 2302 1459 2344 crucem
1506 2287 1691 2355 paucis
1736 2287 2062 2355 quibusdam

476 2380 899 2436 salutationibus
930 2395 1352 2450 prosequamur,
1389 2380 1578 2449 sicque
1603 2380 1836 2434 sermoni
1880 2388 2063 2433 nostro

476 2473 638 2527 tinem
657 2474 1013 2541 imponamus.
1044 2472 1204 2527 Salve
1231 2473 1421 2541 igitur,
1451 2488 1581 2527 crux
1603 2473 1871 2540 pretiosa;
1894 2473 2060 2539 salve,

474 2563 601 2634 quia
634 2565 687 2617 in
721 2571 774 2617 te
804 2563 1062 2617 Dominus
1098 2577 1284 2617 noster
1339 2561 1501 2618 Jesus
1548 2563 1798 2619 Christus
1852 2563 2062 2618 exalta-

475 2663 569 2710 tus
603 2666 707 2722 est,
762 2655 818 2709 in
875 2670 983 2724 quo
1038 2665 1165 2711 sunt
1222 2670 1413 2711 omnes
1464 2656 1702 2711 thesauri
1755 2656 1959 2710 latitia;
2008 2664 2063 2709 et

477 2747 683 2816 gratiae.
733 2744 916 2809 Salve,
967 2762 1104 2801 crux
1141 2748 1403 2816 pretiosa,
1437 2764 1533 2817 per
1563 2757 1617 2802 te
1652 2747 1799 2802 enim
1856 2755 2061 2801 aeterna

476 2836 665 2892 latitia
696 2837 748 2890 in
777 2836 919 2890 caelo
950 2836 1110 2891 simul
1143 2847 1311 2906 atque
1340 2839 1392 2892 in
1426 2846 1572 2892 terra
1602 2847 1847 2907 paratur.
1876 2834 2059 2904 Salve,

478 2942 613 2983 crux
642 2927 919 2996 pretiosa;
955 2929 1126 2993 salve,
1169 2929 1294 2997 quia
1325 2929 1415 2981 diu
1446 2937 1594 2997 ante,
1621 2939 1785 2999 atque
1815 2929 1952 2983 adeo
1992 2930 2061 2985 ab

478 3021 630 3075 omni
677 3019 943 3089 principio
991 3018 1253 3073 Conditor
1286 3035 1464 3073 rerum
1502 3020 1554 3074 in
1604 3023 1862 3076 universa
1909 3037 2063 3076 crea-

484 3121 601 3164 tura
635 3120 780 3164 tuam
810 3112 1096 3181 imaginem
1147 3112 1490 3179 depinxerat.
1536 3109 1718 3176 Salve,
1755 3129 1888 3167 crux
1945 3113 2059 3183 glo-

483 3204 628 3257 riosa
651 3243 666 3268 ,
708 3203 834 3272 quia
863 3218 1056 3257 oinnes
1086 3213 1385 3272 poteSIates
1411 3204 1671 3258 caslorum
1705 3205 1756 3259 in
1796 3216 1885 3259 tua
1912 3205 2057 3258 exal-

484 3295 692 3349 tatione
720 3296 1106 3349 inenarrabiles
1156 3294 1265 3348 Deo
1313 3295 1544 3364 hymnos
1596 3295 1853 3351 oﬂ'ernnt.
1879 3297 2060 3364 Salve,

486 3400 641 3449 crux,
674 3400 768 3455 per
802 3397 853 3439 te
881 3386 1027 3439 enim
1059 3390 1113 3438 in
1151 3387 1493 3451 civitatibus,
1538 3387 1748 3452 insulis,
1783 3390 2063 3443 omnibus-

485 3492 592 3546 que
619 3478 928 3532 nationibus
954 3477 1207 3533 Ecclesiae
1239 3480 1666 3533 orthodoxorum
1709 3480 2061 3536 fundamenta

486 3572 785 3639 accipiunt.
818 3571 997 3634 Salve,
1041 3586 1201 3634 crux,
1235 3574 1362 3641 quia
1389 3556 1485 3641 per
1514 3584 1567 3627 te
1604 3575 1788 3629 omnia
1826 3575 2063 3629 ﬁdelium

484 3678 583 3717 ora
610 3664 661 3716 in
692 3677 971 3716 sermones
1005 3667 1069 3716 de
1107 3662 1218 3717 Deo
1268 3665 1633 3718 resolvuntur.
1681 3663 1862 3731 Salve,
1902 3682 2061 3732 crux,

486 3768 584 3823 per
614 3761 665 3805 te
696 3755 841 3805 enim
881 3754 1055 3821 angeli
1099 3768 1225 3807 cum
1277 3754 1589 3809 hominibus
1636 3770 1800 3825 super
1862 3768 2061 3811 terram

486 3844 686 3899 choros
714 3848 975 3899 ducentes
1024 3844 1303 3900 Christum
1331 3848 1635 3903 celebrant.
1692 3848 1875 3915 Salve,
1902 3866 2058 3917 crux,

486 3936 745 4006 quoniam
776 3951 871 4005 per
896 3945 947 3990 te
974 3937 1223 3991 homines
1249 3938 1305 3992 in
1333 3939 1488 3995 caelis
1521 3956 1644 3994 cum
1674 3942 1885 4011 angelis
1915 3942 2065 3998 simi-

486 4030 615 4085 liter
650 4039 775 4086 ante
806 4033 972 4086 Deum
1004 4035 1334 4099 consistunt,
1368 4050 1493 4090 cum
1544 4037 1808 4093 ineffabili
1865 4042 2065 4110 gaudio

486 4124 726 4176 omnium
782 4139 963 4178 rerum
1023 4124 1372 4181 Conditorem
1428 4129 1817 4197 gloriﬁcantes.
1879 4133 2061 4200 Salve,

484 4228 642 4281 crux,
690 4218 866 4286 perte
900 4218 1045 4272 enim
1094 4220 1325 4275 Adama
1372 4221 1753 4279 maledictione
1803 4227 2064 4283 liberatus

483 4318 590 4373 εει,
640 4310 841 4365 saliens
890 4320 947 4364 et
979 4312 1261 4366 exsultans
1293 4324 1352 4368 ut
1379 4314 1432 4368 in
1490 4318 1812 4384 paradisum
1877 4321 2061 4388 rediit,

484 4409 702 4468 recepta
728 4400 960 4468 pristina
992 4402 1283 4471 dignitate.
1317 4401 1499 4471 Salve,
1535 4420 1694 4473 crux,
1726 4422 1822 4477 per
1845 4419 1894 4462 te
1916 4412 2061 4465 enim

2262 2012 2480 2083 Ἐπειδὴ
2540 2012 2649 2080 (7'5)
2706 2011 2763 2065 δὲ
2795 2014 2978 2082 χάριτι
3033 2010 3170 2064 Θεοῦ
3201 2010 3629 2081 κατηντήσαμεν
3673 2009 3751 2080 τῷ

2165 2101 2308 2173 λόγῳ
2331 2104 2410 2165 είς
2440 2103 2539 2169 τὴν
2577 2102 2817 2172 εὔσημον
2856 2104 3067 2173 ἡμέραν
3094 2100 3187 2172 τῆς
3216 2103 3408 2172 ἑορτῆς
3440 2102 3603 2173 ἡμῶν
3630 2103 3748 2173 ἥτις

2165 2196 2314 2247 ἐστὶν
2340 2194 2611 2259 ἀνάδειξις
2639 2194 2733 2247 106
2767 2193 3031 2259 ζωοποιοῦ
3089 2195 3355 2267 σταυροῦ,
3400 2197 3535 2266 φέρε
3570 2194 3749 2258 καθὼς

2161 2281 2273 2339 οἶόν
2301 2286 2359 2338 τέ
2402 2287 2570 2351 ἐστιν,
2600 2287 2771 2357 μικρά
2804 2304 2857 2339 τι
2902 2289 3324 2357 χαιρετήσαντες
3354 2286 3444 2339 τὸν
3488 2287 3744 2357 σταυρὸν,

2163 2375 2607 2448 καταπαύσωμεν
2645 2376 2739 2430 τὸν
2792 2377 2971 2445 λόγον.
3031 2377 3257 2446 Χαίροις
3284 2377 3486 2444 τοίνυν,
3542 2379 3744 2448 σταυρὲ

2160 2470 2331 2540 τίμιε.
2366 2470 2614 2541 Χαίροις,
2660 2470 2741 2523 ὅτι
2794 2472 2850 2522 ὲν
2874 2472 2959 2522 σοὶ
2983 2470 3012 2521 6
3055 2468 3259 2540 Κύριος
3276 2469 3483 2539 Ἰησοῦς
3510 2471 3744 2541 Χριστὸς

2162 2560 2445 2632 sesama
2481 2557 2525 2630 ᾧ
2548 2565 2657 2615 εἰσι
2688 2563 2888 2625 πάντες
2920 2561 2971 2614 οἱ
3017 2562 3286 2632 θησαυροὶ
3316 2562 3415 2632 τῆς
3443 2564 3627 2634 χαρᾶς
3656 2564 3745 2616 καὶ
3846 2614 3857 2625 ,

2160 2654 2258 2723 τῆς
2284 2654 2527 2727 χάριτος.
2567 2654 2776 2726 Σταυρὲ
2823 2654 2993 2722 τίμιε,
3034 2653 3125 2707 διὰ
3172 2653 3265 2706 006
3314 2654 3422 2725 γὰρ
3458 2654 3742 2724 ἡὰένναος

2161 2742 2307 2813 χαρὰ
2362 2745 2421 2797 ὲν
2473 2742 2688 2815 οὐρανῷ
2729 2743 2824 2797 καὶ
2861 2744 2954 2796 ἐπὶ
2982 2743 3085 2812 γῆς
3117 2742 3467 2814 βραϐεύεται.
3492 2744 3741 2816 Χαίροις,

2163 2835 2364 2905 σταυρὲ
2392 2833 2562 2905 τίμιε,
2592 2836 2673 2888 ὅτι
2727 2834 2935 2889 ἄνωθεν
2973 2836 3066 2888 καὶ
3099 2834 3159 2898 ἐξ
3195 2836 3372 2905 ἀρχῆς
3406 2837 3434 2888 6
3467 2839 3742 2907 Δημιουρ-

2161 2926 2256 2995 γὺς
2287 2929 2346 2980 ὲν
2388 2926 2535 2998 πάσῃ
2562 2929 2633 2999 τῇ
2662 2927 2839 2979 κτίσει
2872 2926 2970 2998 τὴν
2991 2926 3175 2980 εἰκόνα
3203 2944 3296 2979 σου
3323 2927 3738 2998 ἐζωγράφησεν.

2161 3019 2353 3090 Χαῖρε.
2403 3019 2604 3088 σταυρὲ
2659 3017 2855 3084 ἐνδοξε,
2911 3018 2993 3071 ὅτι
3054 3020 3227 3072 πᾶσαι
3270 3020 3325 3071 αί
3352 3018 3614 3088 δυνάμεις
3639 3021 3740 3075 τῶν

2161 3110 2403 3183 οὐρανῶν
2439 3111 2532 3164 ἐπὶ
2583 3113 2650 3182 τῇ
2694 3113 2760 3182 σῇ
2824 3110 3030 3180 ὑψώσει
3069 3111 3342 3175 ἐξαισίους
3373 3110 3579 3182 ὕμνους
3612 3115 3739 3167 ἀνα-

2164 3204 2444 3274 πέμπουσι
2476 3201 2555 3274 τῷ
2584 3201 2722 3272 Θεῷ.
2752 3194 3005 3273 Χαίροις,
3026 3202 3227 3271 σταυρὲ
3247 3217 3260 3231 ⁸
3292 3202 3383 3256 διὰ
3416 3203 3511 3256 006
3543 3206 3653 3275 γὰρ
3683 3206 3736 3256 ὲν

2162 3296 2373 3362 πόλεσι,
2408 3296 2503 3349 καὶ
2539 3298 2595 3348 ὲν
2625 3297 2830 3366 νήσοις,
2856 3295 2950 3348 καὶ
2980 3295 3037 3348 ὲν
3063 3298 3227 3348 παντὶ
3246 3294 3410 3359 ἔθνει,
3428 3297 3484 3349 αἱ
3512 3296 3737 3367 Ἐκκλη-

2165 3388 2278 3439 σίαι
2302 3386 2602 3458 ὁρθοδόξων
2654 3385 3095 3455 τεθεμελίωνται.
3128 3387 3322 3456 Χαῖρε,
3382 3389 3619 3460 σταυρέ·
3654 3388 3735 3440 διὰ

2165 3485 2259 3539 006
2288 3485 2396 3556 γάρ
2428 3486 2535 3539 πᾶν
2571 3487 2745 3556 στόμα
2778 3484 2988 3537 πιστῶν
3018 3487 3098 3548 εἰς
3130 3484 3412 3554 θεολογίαν
3444 3486 3727 3556 ἀνέῳκται.

2162 3577 2413 3649 Χαίροις,
2437 3578 2637 3650 σταυρὲ
2673 3578 2913 3648 μακάριε
2939 3593 2954 3608 ο
2986 3576 3077 3630 διὰ
3107 3575 3204 3630 006
3238 3577 3350 3650 γὰρ
3397 3578 3619 3646 ἄγγελοι
3642 3579 3723 3630 σὺν

2163 3669 2470 3739 ἀνθρώποις
2488 3670 2581 3722 ἐπὶ
2602 3671 2704 3741 γῆς
2721 3668 3039 3741 χορεύοντες
3058 3670 3147 3723 τὸν
3167 3669 3402 3740 Χριστὸν
3418 3670 3721 3741 ἀνυμνοῦσι.

2163 3764 2417 3835 Χαίροις,
2456 3763 2658 3833 σταυρέ
2679 3780 2693 3792 ·
2720 3763 2808 3816 διὰ
2840 3762 2935 3815 σοῦ
2964 3762 3072 3833 γὰρ
3097 3765 3154 3815 ὲν
3181 3764 3432 3833 οὐρανοῖς
3463 3762 3729 3833 ἄνθρωποι

2163 3858 2367 3929 ὁμοίως
2415 3858 2512 3913 σύν
2562 3857 2813 3927 ἀγγέλοις
2875 3857 3246 3925 παρίστανται
3300 3857 3380 3929 τῷ
3424 3856 3569 3928 Θεῷ,
3606 3857 3734 3926 μετὰ

2163 3950 2532 4020 ἁνεκλαλήτου
2563 3950 2734 4020 χαρᾶς
2764 3949 2854 4002 τὸν
2885 3950 3123 4019 Ποιητὴν
3173 3948 3515 4012 δοξάζοντες.
3545 3950 3732 4019 Χαῖρε,

2166 4041 2363 4112 σταυρέ
2381 4060 2394 4072 ·
2414 4040 2501 4094 διὰ
2524 4040 2620 4093 006
2645 4043 2751 4113 γὰρ
2775 4043 2803 4094 6
2834 4040 3007 4111 Ἀδὰμ
3030 4043 3127 4110 τῆς
3150 4042 3398 4111 κατάρας
3434 4039 3732 4110 ὲλυτρὼθῃ.

2166 4132 2403 4203 σκιρτῶν
2443 4132 2538 4185 καὶ
2568 4129 2975 4201 ἀγαλλιώμενος
3031 4132 3112 4193 είς
3164 4131 3256 4184 τὸν
3289 4131 3638 4203 παράδεισον,
3666 4129 3738 4192 ὡς

2165 4223 2464 4294 ἐλήλυθεν,
2533 4220 2828 4276 ἀπολαϐὼν
2876 4222 2936 4275 τδ
2992 4221 3122 4275 ῐδιον
3190 4221 3429 4290 ἀξίωμα.
3481 4220 3736 4286 Χαίροις,

2167 4315 2368 4385 σταυρὲ
2384 4332 2397 4345 ο
2436 4315 2528 4367 σοῦ
2554 4315 2660 4385 γὰρ
2686 4317 2838 4368 πᾶσα
2859 4313 3138 4383 διαϐολικὴ
3157 4300 3384 4382 δύναμις
3408 4312 3743 4381 καταϐέϐλη-

2165 4420 2275 4469 ται,
2306 4406 2400 4457 καὶ
2452 4406 2603 4458 πᾶσα
2650 4403 2942 4476 δαιμονικὴ
2966 4404 3216 4475 ἐνέργεια
3263 4404 3738 4473 καταπεπατηται.

481 4491 662 4545 omnis
698 4490 962 4545 diabolica
1003 4504 1249 4561 potestas
1309 4508 1577 4564 prostrata
1623 4510 1728 4564 est,
1772 4510 1827 4555 et
1885 4506 2057 4560 omnis

2164 4493 2409 4563 Χαίροις,
2469 4494 2667 4565 σταυρὲ
2731 4493 2879 4563 ἅγιε·
2911 4494 3001 4547 διὰ
3054 4494 3148 4547 σοῦ
3189 4494 3297 4564 γὰρ
3352 4495 3386 4564 ἡ
3444 4494 3573 4559 ἁγία
3647 4497 3743 4546 καὶ

483 4581 726 4650 operatio
753 4581 1016 4638 daemonis
1053 4587 1389 4642 conculcata.
1424 4588 1605 4659 Salve,
1659 4608 1794 4648 crux
1848 4605 2055 4665 sancta,

480 4685 582 4742 per
629 4680 683 4726 te
726 4675 871 4728 enim
930 4685 1118 4731 sancta
1181 4687 1237 4733 et
1280 4686 1756 4741 consubstantialis
1817 4687 2057 4745 Trinitas

483 4763 681 4833 ubique
731 4777 998 4821 terrarum
1063 4772 1324 4841 creditur,
1383 4784 1657 4841 cantatur,
1721 4779 2052 4849 celebratur,

480 4854 851 4925 gloriﬁcatur,
902 4860 1285 4927 cognoscitur.
1351 4862 1544 4927 Salve,
1610 4881 1784 4932 crux,
1839 4883 1938 4939 per
2001 4882 2053 4925 te

476 4950 623 5004 enim
649 4950 829 5006 omnis
864 4953 1043 5006 anima
1081 4956 1301 5009 Christo
1333 4960 1564 5012 credens
1587 4960 1847 5018 salvatur.

547 5040 728 5107 Salve,
747 5058 911 5110 crux,
943 5060 1037 5113 per
1059 5055 1109 5101 te
1124 5047 1267 5101 enim
1284 5048 1422 5101 bona
1478 5064 1746 5120 nunquam
1768 5056 2059 5116 auferenda

477 5134 785 5192 hominibus
820 5137 1195 5196 conferuntur.
1234 5138 1303 5193 Et
1326 5139 1455 5209 quid
1499 5142 1713 5198 tandem
1772 5148 2013 5207 dicemus
2038 5192 2057 5218 ,

2163 4581 2445 4653 ὁμοούσιος
2502 4584 2670 4654 Τριὰς
2727 4585 2784 4636 ὲν
2847 4584 3007 4637 παντί
3056 4585 3207 4653 τόπῳ
3252 4582 3588 4645 πιστεύεται,
3641 4583 3740 4633 καὶ

2163 4674 2373 4746 ᾄδεται,
2397 4676 2670 4745 ὑμνεῖται,
2704 4674 3066 4743 δοξολογεῖται
3094 4678 3191 4728 κα)⁸
3218 4676 3566 4747 γνωρίζεται.
3607 4675 3740 4728 Χαί-

2166 4782 2302 4836 ροις,
2335 4768 2534 4838 σταυρέ
2558 4784 2572 4798 ·
2626 4766 2714 4820 διὰ
2745 4765 2839 4820 006
2870 4768 2979 4838 γὰρ
3014 4769 3163 4822 πᾶσα
3198 4767 3347 4839 ψυχὴ
3374 4768 3595 4839 Χριστῴ
3645 4784 3737 4820 πιυ

2169 4857 2438 4912 στεύουσα
2465 4858 2717 4923 σώζεται.

2237 5040 2485 5112 Χαίροις,
2548 5042 2783 5114 σταυρέ’
2838 5042 2926 5096 διὰ
2978 5042 3071 5095 σοῦ
3126 5042 3233 5113 γὰρ
3287 5045 3357 5096 τά
3401 5043 3734 5114 ἀναφαίρετοι

2164 5129 2345 5199 ἀγαθὰ
2372 5135 2483 5195 τοῖς
2508 5131 2816 5205 ἀνθρώποις
2846 5133 3167 5206 δεδώρηται.
3214 5136 3325 5187 Καὶ
3372 5139 3427 5187 τί
3472 5137 3731 5204 εῖπωμεν,

1982 5242 2221 5302 NOTAE.

474 5328 584 5373 tam
632 5320 872 5404 tradunt,
930 5322 1315 5404 modo-plane
1373 5325 1586 5382 diverso
1646 5332 1716 5384 ab
1789 5333 1897 5395 illo,
1954 5339 2043 5404 qui

470 5391 746 5445 communi
771 5393 986 5446 Patrum
1023 5403 1077 5448 et
1120 5396 1502 5450 historicorum
1538 5414 1809 5457 consensu
1864 5391 2047 5459 lirnia-

472 5468 584 5542 t_nr.
616 5461 802 5542 Talem
830 5465 1206 5542 narrationem
1240 5470 1569 5542 apocryphis
1599 5467 1812 5528 fabellis
1833 5477 2046 5542 plenam

471 5529 539 5583 de
560 5532 1086 5611 .erueislnventione
1125 5529 1355 5611 legimus
1411 5529 1472 5590 ii.
1533 5529 1902 5611 nianuscripto
1954 5562 2048 5600 co-

471 5601 656 5680 codice
676 5599 1217 5680 Graeco'btbliotheete
1238 5607 1594 5677 Angustanaz,
1633 5627 1739 5680 quo
1771 5599 2047 5671 nonnullae

470 5679 782 5748 sanctorum
841 5671 971 5724 Viue
1019 5671 1391 5748 continentur,
1452 5671 1615 5748 quam
1651 5671 1942 5739 'edidimns
1991 5688 2044 5740 in

471 5732 642 5815 .llorto
668 5752 864 5794 sancta:
885 5745 1074 5805 crucis.
1126 5732 1389 5814 nuncqmi
1422 5732 1557 5805 ltt‘tie
1603 5732 2041 5810 secundo-"tonio-

467 5819 820 5880 tuaeruinius,
860 5821 919 5866 ut
986 5816 1031 5870 si
1086 5832 1247 5885 quem
1309 5818 1435 5872 talia
1494 5823 1783 5891 delectant,
1842 5828 2041 5883 habeat

2151 5338 2351 5404 quibus
2374 5355 2434 5394 se
2454 5339 2714 5395 oblectet.

2228 5408 2341 5482 (ἹΞ)
2372 5409 2474 5477 Qui
2509 5412 2698 5465 Schoti
2726 5413 3005 5482 exemplar
3038 5413 3271 5468 contulit
3294 5428 3418 5468 cum
3452 5413 3577 5466 cod.
3601 5410 3726 5479 Cry-

2150 5490 2258 5553 ptaa
2290 5477 2730 5553 Ferratzmttotat
2765 5477 2938 5538 multo
2957 5485 3107 5553 plura
3143 5486 3392 5539 encontia
3444 5485 3497 5536 in
3531 5484 3620 5536 illo
3642 5477 3733 5553 co:

2151 5549 2273 5623 dice
2311 5552 2609 5613 contineri,
2667 5569 2829 5619 quant
2864 5548 2973 5609 διιιί
3001 5557 3053 5608 in
3087 5555 3327 5623 exempl.
3376 5555 3614 5617 Schotti,
3649 5548 3729 5602 vel

2152 5622 2319 5673 etiam
2357 5623 2409 5674 in
2467 5623 2752 5684 Bavarico,
2807 5627 2949 5691 quod
2999 5642 3120 5678 cum
3173 5622 3302 5678 Sch.
3360 5625 3483 5679 cod.
3535 5623 3732 5689 ubique

2153 5694 2544 5759 propemodum
2576 5695 2849 5747 convenit.
2891 5696 3105 5749 Utinam
3136 5710 3263 5748 vero
3311 5696 3515 5758 utalia,
3569 5696 3645 5746 ita
3678 5695 3734 5759 Ct

2152 5763 2333 5836 crucis
2356 5763 2626 5836 praeconia
2658 5766 2973 5818 enotasseti
3007 5781 3120 5819 rein
3155 5765 3258 5835 piis
3280 5780 3515 5836 gratam,
3554 5758 3729 5817 cruci-

2149 5845 2255 5900 que
2284 5833 2641 5889 honoriﬁcam
2666 5836 3029 5903 praestitisset.
