4036 6226
1972 183 2119 202 «ξἰιιγ*
2135 182 2140 187 ”

449 270 589 333 ιατδ

1658 282 2098 349 ALEXAND!“
2143 289 2481 354 MONACHI

3557 298 3696 366 £076

446 389 744 453 sordidata,
767 403 952 444 rursus
964 400 1216 444 accurato
1240 392 1668 461 stridiopristinte
1691 400 2012 469 integritatit

2150 426 2307 480 τητος
2336 409 2652 480 ῥυπωθιντα
2683 410 2714 481 ἢ
2751 410 2820 464 τὰ
2868 411 2926 478 αξ
2978 412 3294 482 impacta;
3324 413 3485 468 πάλιν
3519 415 3609 468 hri
3638 417 3699 471 τι

444 481 609 538 nitori
633 482 987 547 restituuntur
1003 482 1067 537 ad
1088 498 1150 538 ex
1161 483 1464 542 hilarandos
1481 489 1691 547 animos
1718 507 1902 549 eorum
1929 499 2018 566 qui

2120 504 2553 575 τιμαλφέστερον
2586 502 3078 575 μετακοσμούμενα
3104 506 3182 566 είς
3211 504 3554 578 εὐφροσύνην
3584 507 3698 561 τῶν

444 577 642 633 mentis
656 575 1068 632 oblectationem
1084 578 1715 651 quaerunt.Disponamus
1729 585 2012 657 igiturnos,

2120 596 2454 668 εὐοχούντων
2473 598 2531 650 ὲν
2568 596 2958 673 ἁγαλλιάμασι.
3007 575 3354 668 Διατεθῶμεν
3389 575 3588 664 τοίνον,
3618 597 3697 662 ὥς

440 678 502 723 ιιι
543 670 816 739 iubemur,
844 663 1334 741 insuavilatemque
1370 682 1423 730 et
1444 675 1746 741 horrorem,
1777 696 1935 750 quem
1953 699 2016 737 ex

372 816 377 823 ,
440 765 648 821 diutina
678 764 1000 834 negligentia
1033 767 1432 832 contraximus,
1488 779 1790 838 eruentes,
1844 773 2016 828 laetam

438 858 583 913 hanc
648 857 902 926 omnique
942 858 1283 914 ueneratione
1323 860 1694 931 dignissimam
1720 866 1896 928 diem,
1963 865 2015 920 in

438 949 693 1005 salutaris
753 950 937 1007 crucis
1020 952 1338 1007 memoriam
1400 954 1738 1019 institutam,
1803 958 2016 1013 miseri-

436 1045 635 1099 cordia:
651 1044 903 1112 operibus
921 1058 983 1099 ac
998 1043 1100 1099 ﬁde
1115 1046 1449 1102 celebremus
1469 1065 1484 1103 :
1520 1057 1682 1118 atque
1701 1049 1773 1103 ita
1797 1062 2014 1116 peccata

435 1142 619 1186 nostra
682 1130 1026 1196 auferentur,
1086 1148 1295 1204 nosque
1336 1151 1457 1191 cum
1506 1138 1702 1192 timore
1744 1139 1905 1193 simul
1958 1149 2014 1194 et

432 1222 627 1291 gaudio
640 1223 704 1274 ad
723 1220 885 1277 Deum
907 1224 1292 1280 clamahimus:
1319 1225 1584 1283 «Sanctus
1600 1228 1762 1292 Deus,
1784 1240 2011 1288 sanctus

432 1316 608 1378 fortis,
642 1325 867 1381 sanctus
883 1317 1231 1383 immortalis,
1248 1320 1513 1375 miserere
1531 1323 1733 1387 nostri;
1754 1334 1940 1379 sancta
1959 1332 2014 1380 et

424 1406 917 1475 consubstantialis
933 1406 1289 1477 ejusdemque
1306 1408 1611 1477 majestatis
1628 1410 1891 1476 Trinitas,
1915 1415 2011 1468 mi-

426 1513 615 1559 serere
634 1497 812 1559 nostri
832 1515 878 1563 ;t
904 1513 1063 1567 quam
1081 1499 1233 1555 decet
1249 1500 1439 1566 honor,
1458 1510 1718 1570 potestas.
1758 1505 2011 1571 maiestas

428 1600 480 1645 et
501 1591 895 1663 magniﬁcentia
914 1593 968 1646 in
995 1591 1203 1647 inﬁnita
1218 1592 1412 1648 saecula
1431 1594 1772 1650 saeculorum.
1803 1596 1995 1651 Amen.

2121 690 2565 760 προτετάγμεθα,
2599 691 2692 744 καὶ
2720 690 2823 760 τὴν
2862 688 3152 760 συμδᾶσαν
3193 692 3328 761 ἡμῖν
3370 691 3435 745 ὲκ
3460 693 3559 761 τῆς
3593 694 3697 764 ρᾳ-

2120 781 2321 851 θυμῐας
2373 782 2811 851 ἀπεκδυσάμενοι
2852 781 3069 852 ἀηδίαν,
3105 784 3205 854 τὴν
3236 783 3469 854 φαιδρὰν
3492 785 3699 854 ταύτην

2120 873 2215 926 καὶ
2252 870 2559 924 πάνσεπτον
2607 871 2823 942 ἡμέραν
2873 870 2972 940 τῆς
3016 870 3109 923 τοῦ
3156 870 3422 936 ζωοποιοῦ
3453 871 3698 944 σταυρσῦ

2124 966 2347 1035 μνήμης
2397 963 2805 1033 ἐπιτελέσωμεν
2854 961 3246 1034 ἐλεημοσύναις
3304 964 3397 1017 καὶ
3445 963 3696 1018 πίστεσιν

2122 1053 2586 1126 ἀποκαθαίροντες
2617 1053 2915 1125 ἁμαρτιας,
2969 1053 3152 1119 καθώς
3206 1070 3370 1125 φησιν
3409 1056 3443 1124 ἡ
3477 1054 3691 1126 Γραφὴι

2119 1147 2214 1202 καὶ
2253 1149 2389 1217 μετὰ
2411 1147 2597 1217 φόϐου,
2634 1147 2728 1201 καὶ
2752 1147 2927 1217 χαρᾶς
2951 1144 3097 1202 οὕτω
3122 1145 3427 1216 βοήσωμεν,
3454 1165 3475 1200 ι
3502 1147 3695 1216 Ἄγιος

2120 1240 2148 1292 ὁ
2197 1238 2352 1303 Θεὸς,
2404 1240 2560 1307 ἅγιος
2614 1238 2855 1315 ἰσχυρὸς,
2925 1237 3080 1305 ἅγιος
3125 1237 3427 1302 ἀθάνατος,
3466 1237 3694 1307 ἐλέησον

2116 1327 2289 1395 ἡμᾶς,
2337 1325 2465 1393 ἁγία
2497 1325 2688 1396 Τριὰς,
2732 1324 2984 1392 ὑμοούσιε
3009 1325 3103 1380 καὶ
3145 1327 3429 1396 ὀμόορονε,
3462 1327 3692 1399 ἐλέησον

2119 1417 2298 1486 ἡμᾶς’
2330 1436 2349 1470 ι
2376 1411 2411 1491 ᾗ
2435 1417 2639 1489 πρέπει
2661 1415 2810 1481 δόξα,
2843 1417 3065 1488 κράτος,
3097 1418 3437 1490 μεγιλοσύνη
3465 1436 3546 1484 τι,
3592 1422 3690 1472 καὶ

2120 1509 2568 1580 μεγαλοπρέπεια
2595 1510 2677 1571 εις
2705 1509 2833 1571 τοὺς
2879 1508 3275 1580 annonem
3336 1509 3540 1571 αἰῶνας
3577 1509 3690 1561 τῶν

2116 1597 2348 1653 αἰώνων.
2399 1599 2455 1653 ’Δ
2464 1600 2589 1670 μήν.

3318 1804 3331 1812 .

510 1802 3666 1845 -

894 1959 1636 2055 ΑΛΕΞΑΝΔΡΟΥ
1709 1966 2270 2059 ΜΟΝΑΧΟΥ
2341 1970 3215 2063 ΙΣΤΟΡΙΟΓΡΑΦΟΥ

1704 2151 2054 2202 ιεΤοΡιιιοΝ
2100 2152 2432 2205 ΕΓΚΩΗΙΟΝ

1017 2276 1178 2330 ΠΕΡΙ
1218 2274 1356 2329 ΤΗΣ
1391 2274 1743 2345 ΕΥΡΕΣΕΩΣ
1777 2277 1916 2331 ΤΟΥ
1964 2278 2012 2332 Τ

2120 2278 2210 2333 or
2242 2278 2365 2332 KAI
2410 2268 2752 2337 zoonorOr
2782 2280 3118 2369 sum];

2026 2465 2096 2478 —

811 2576 1505 2697 ALEXANDRI
1585 2605 2138 2700 MONACHI
2219 2607 3269 2711 HISTORIOGRAPHI

1667 2804 2058 2860 HlS'I’OBlCUM
2092 2807 2425 2862 ENCOMIUI

1104 2940 1204 3001 DE
1233 2939 1709 3005 INVENTIONE
1746 2940 2145 3004 PRETIOSIE
2184 2944 2282 3005 ET
2335 2945 2690 3009 VlVIFICE
2716 2940 3013 3009 CRUCIS.

462 3262 804 3320 ~Emomium
832 3238 1033 3330 sanctae
1070 3266 1283 3330 crucis,
1343 3268 1484 3337 quod
1527 3283 1670 3325 nunc
1707 3269 2077 3340 publicamus,
2107 3271 2343 3341 epitome
2361 3281 2443 3329 est
2473 3274 2686 3344 prioris.
2721 3271 2850 3340 Quis
2897 3272 2948 3326 id
2980 3267 3355 3340 compendium
3393 3266 3687 3337 redegerit,

409 3362 543 3416 mihi
570 3376 673 3416 non
703 3359 891 3430 liquet.
924 3359 1134 3415 Omittit
1166 3361 1434 3416 breviator
1462 3366 1640 3419 omnia
1668 3380 1839 3434 usque
1868 3366 1934 3420 ad
1962 3366 2248 3436 imperium
2279 3366 2617 3422 Constantini
2639 3366 2838 3438 Magni,
2870 3366 3101 3436 quando,
3125 3362 3349 3420 sublatis
3399 3363 3643 3435 tyrannis
3662 3401 3680 3426 ,

409 3456 641 3512 r-osolus
661 3456 860 3525 potitus
880 3464 1000 3521 est,
1037 3471 1158 3511 cum
1195 3455 1695 3528 Hierosolymitanre
1727 3459 1979 3517 Ecclesia:
2028 3462 2340 3517 cathedram
2376 3462 2640 3518 Macarius
2706 3471 2933 3517 teneret.
2964 3459 3184 3524 Deinde,
3230 3459 3473 3529 exposita
3502 3459 3681 3513 crucis

410 3548 753 3615 inventione,
798 3548 1173 3603 iterummulta
1198 3557 1435 3616 resecat,
1460 3565 1632 3621 usque
1654 3554 1720 3606 ad
1745 3552 1998 3609 Encomia
2025 3566 2222 3611 sanetae
2249 3555 2427 3613 crucis
2454 3569 2574 3625 quas
2618 3555 2770 3625 plura
2785 3563 2838 3610 et
2853 3555 3150 3624 copiosiora
3175 3555 3228 3609 in
3256 3555 3358 3611 hoc
3375 3553 3676 3625 apograpbo

406 3654 835 3716 exstant,.quam
868 3649 920 3702 in
944 3647 1149 3704 duobus
1167 3648 1581 3720 exemplaribus,
1611 3651 1804 3720 quibus
1830 3667 1928 3708 nos
1956 3651 2010 3708 in
2075 3654 2311 3710 editione
2331 3653 2620 3710 Alexandri
2672 3651 2754 3708 usi
2781 3651 3004 3708 fuimus.
3035 3650 3279 3708 invenies
3301 3650 3464 3706 etiam
3486 3650 3668 3705 alicubi

404 3745 707 3799 variantem
742 3743 1064 3813 scripturam
1089 3784 1104 3810 ,
1164 3747 1304 3816 quod
1334 3745 1547 3802 collatio
1571 3763 1695 3802 cum
1729 3750 1967 3804 editione
2012 3748 2249 3808 docebit.

476 3834 607 3902 Quis
636 3848 765 3889 vero
792 3835 1096 3890 Alexander
1129 3836 1228 3891 iste
1248 3837 1429 3903 fuerit,
1463 3838 1601 3893 haud
1635 3841 1769 3894 satis
1791 3850 2122 3911 compertum
2149 3852 2250 3896 est.
2281 3840 2551 3897 Credibile
2578 3839 2656 3904 ﬁt,
2689 3853 2808 3895 esse
2857 3838 3007 3893 illum
3031 3878 3045 3903 ,
3079 3837 3236 3910 cujus
3256 3836 3397 3908 apud
3446 3835 3666 3892 Surium

418 3938 549 3981 tom.
574 3925 742 3982 XXXI
763 3938 943 3983 (exstat
970 3926 1285 3984 Encomium
1307 3931 1357 3984 in
1383 3940 1624 3986 sanctum
1642 3930 1943 3988 Barnabam
1964 3933 2262 4003 apostolum
2283 3933 2383 3989 hac
2405 3934 2788 4004 inscriptione:
2817 3930 3137 3987 «Alexandri
3168 3931 3417 3986 monachi
3445 3930 3678 3985 laudatio

416 4020 466 4071 in
487 4019 787 4086 apostolum
817 4017 1149 4086 Barnabam,
1188 4036 1347 4090 quam
1386 4023 1575 4078 habuit
1602 4032 1819 4093 rogatus
1849 4040 1877 4077 a
1903 4038 2100 4094 magno
2145 4025 2431 4080 sacerdote
2458 4023 2747 4079 venerandi
2807 4024 2987 4094 templi
3014 4021 3269 4094 praefecto
3291 4061 3307 4086 ,
3343 4020 3487 4091 quod
3522 4024 3679 4075 beato

408 4113 673 4168 liornubn:
695 4123 1071 4168 consecratum
1105 4113 1300 4182 fuerat,
1338 4116 1502 4186 aquia
1554 4115 1727 4185 stylus
1766 4114 2037 4180 concinit,
2065 4123 2121 4169 et
2160 4116 2464 4171 sollicitudo
2510 4115 2829 4171 excusanda:
2854 4115 3084 4184 propriae
3122 4113 3490 4178 inﬁrmitatis,
3523 4115 3678 4182 quasi

408 4216 562 4260 tanto
581 4208 731 4262 oneri
752 4208 1041 4263 subeundo
1074 4209 1317 4279 imparis.
1345 4208 1420 4263 Ex
1462 4209 1713 4280 praedicta
1740 4219 1918 4264 tamen
1952 4209 2252 4280 Epigrapha
2283 4209 2415 4264 nihil
2449 4210 2588 4266 certi
2639 4210 2951 4280 colligitur,
2988 4210 3055 4265 de
3088 4208 3397 4262 conditione
3429 4214 3484 4260 et
3517 4213 3678 4258 aetate

404 4301 732 4366 Alexandri,
769 4312 824 4355 ut
853 4317 954 4357 nec
979 4316 1048 4357 ex
1075 4302 1293 4371 reliqua:
1315 4303 1577 4358 orationis
1611 4304 1838 4357 decursu
1859 4341 1874 4367 ,
1919 4301 2021 4358 nisi
2061 4303 2203 4372 quod
2239 4302 2544 4357 Alexander
2571 4302 2888 4367 Encomium
2941 4302 3115 4357 sancti
3154 4297 3439 4364 Barnabas,
3471 4297 3525 4351 in
3561 4297 3678 4366 ipsa

405 4395 605 4465 Cypro,
635 4407 700 4450 eo
724 4394 843 4448 loco
864 4395 954 4449 ubi
996 4397 1167 4450 sancti
1188 4394 1671 4463 Barnabzelipsana
1698 4404 1908 4463 reperta
1947 4394 2177 4459 fuerant,
2231 4395 2532 4450 instituisse
2551 4395 2989 4450 meritocreditur
3019 4411 3034 4448 :
3060 4393 3132 4447 ibi
3161 4392 3302 4446 enim
3329 4388 3677 4459 magniﬁcum

407 4487 666 4556 templum
710 4489 765 4542 in
817 4487 1071 4542 honorem
1129 4488 1297 4541 sancti
1316 4488 1575 4541 Barnabas
1606 4480 1948 4542 exstruxerat
1988 4488 2313 4543 Anthemius
2335 4487 2618 4557 episcopus
2651 4486 2969 4549 Salamina},
2989 4484 3156 4540 variis
3186 4481 3455 4538 miraculis
3477 4481 3673 4534 admo-

397 4586 528 4639 dum
560 4577 737 4635 nobile
758 4579 963 4648 (cujus
994 4577 1302 4648 praefectum
1329 4578 1507 4649 egisse
1530 4578 1741 4633 videtur
1764 4578 1851 4632 ille
1871 4618 1886 4644 ,
1923 4579 2015 4647 qui
2049 4579 2149 4633 hoc
2178 4579 2493 4633 Encomium
2528 4579 2596 4633 ab
2625 4576 2935 4632 Alexandro
2958 4573 3361 4645 eﬂlagitaverat.

474 4678 642 4734 Porro
673 4694 778 4732 una
810 4691 932 4731 cum
966 4676 1209 4746 reliquiis
1235 4676 1378 4731 beati
1413 4676 1670 4730 Barnaba:
1702 4674 1980 4732 inventum
2017 4686 2099 4731 est
2118 4675 2465 4745 Evangelium
2488 4673 2813 4730 liebraicum
2846 4673 3018 4728 sancti
3037 4671 3295 4735 Matthaei,
3320 4682 3479 4723 manu
3500 4668 3674 4723 sancti

398 4777 663 4832 ﬂarnabm
698 4785 979 4831 exaratum
1006 4814 1022 4840 ,
1054 4775 1119 4829 de
1145 4789 1253 4844 quo
1284 4774 1590 4828 Alexander
1627 4791 1639 4827 :
1687 4793 1706 4825 ι
1742 4773 1949 4845 Bogatu
1982 4771 2328 4844 imperatoris
2357 4771 2426 4845 (is
2451 4770 2597 4827 Zeno
2624 4768 2782 4841 erat)
2820 4769 3166 4838 Evangelium
3220 4768 3272 4821 in
3317 4766 3503 4820 urbem
3526 4761 3678 4818 Con-

398 4869 800 4940 stantitmpolim
825 4869 1136 4934 attulerant,
1162 4875 1268 4922 etc.
1301 4864 1398 4921 Ubi
1424 4880 1592 4937 usque
1628 4865 1692 4920 ad
1712 4867 2030 4923 hodiernum
2064 4868 2206 4922 diem
2236 4875 2502 4930 servatur,
2528 4875 2583 4921 et
2610 4865 2662 4917 in
2696 4877 2886 4934 magna
2906 4864 3087 4930 quinta
3110 4859 3330 4914 Pascha:
3359 4859 3491 4914 feria
3509 4865 3673 4924 quot-

396 4965 554 5020 annis
597 4964 649 5019 in
692 4963 875 5033 palatii
915 4962 1153 5017 oratorio
1209 4959 1543 5028 evangelium
1575 4975 1641 5014 ex
1670 4975 1735 5014 eo
1788 4958 1926 5015 libro
1965 4960 2246 5014 recitatur.
2277 4977 2296 5010 ι
2356 4952 2633 5012 Cedrenus
2667 4956 2720 5010 in
2763 4953 3095 5023 Compendio
3137 4948 3521 5005 Historiarum.
3550 4966 3568 4997 ι
3615 4946 3672 5001 hi
3774 5012 3787 5027 κ

398 5056 747 5126 Evangelium
775 5055 922 5110 Zeno
953 5052 1188 5122 reposuit
1214 5050 1514 5120 in‘palatio,
1543 5051 1595 5105 in
1615 5051 1729 5107 aede
1755 5050 1941 5107 Sancti
1965 5051 2223 5121 Stephani
2247 5050 2301 5105 in
2328 5049 2566 5120 Daphne.
2601 5047 3001 5105 ilnventionem
3033 5043 3201 5097 sancti
3225 5041 3483 5096 Barnaba:
3512 5039 3677 5093 refert

397 5149 667 5204 Baronius
692 5148 756 5202 ad
787 5162 986 5202 annum
1012 5144 1212 5202 Christi
1240 5143 1346 5199 485
1370 5186 1383 5211 ,
1403 5145 1698 5213 eodemque
1721 5156 1965 5215 tempore
1994 5144 2358 5197 Alexandrum
2386 5142 2588 5198 vixisse
2612 5141 2878 5203 alIirmat;
2906 5133 3047 5205 quod
3078 5144 3256 5189 tamen
3279 5175 3294 5200 ,
3318 5148 3434 5188 mea
3453 5133 3669 5204 quidem

335 5284 343 5293 .
394 5237 662 5290 sententia
720 5277 736 5299 ,
765 5237 896 5290 satis
920 5234 1203 5305 perspicue
1236 5248 1298 5288 ex
1328 5232 1443 5302 ipso
1473 5232 1733 5287 Encomio
1757 5247 1861 5289 non
1885 5231 2177 5299 colligitur.

466 5334 535 5386 At
554 5333 667 5387 sive
695 5347 832 5387 unus
855 5331 926 5386 sit
953 5329 1235 5397 utriusque
1265 5326 1506 5382 Encomii
1536 5335 1761 5389 auctor,
1798 5326 1914 5380 sive
1977 5323 2245 5389 diversus,
2306 5325 2419 5382 haec
2443 5326 2686 5396 Epitome
2718 5329 2905 5385 laudes
2932 5340 3133 5388 sanctae
3178 5328 3355 5385 crucis
3383 5325 3676 5379 decantans

396 5437 501 5480 non
526 5432 609 5478 est
644 5422 859 5493 indigna
886 5422 1029 5478 lectu
1054 5463 1068 5487 ,
1101 5421 1409 5490 quicunque
1437 5418 1653 5473 tandem
1697 5415 2021 5473 breviatoris
2050 5415 2225 5473 olllcio
2253 5416 2468 5475 iunctus
2486 5422 2574 5475 sit.
2616 5420 2689 5476 Ea
2722 5422 2788 5476 ad
2821 5436 2904 5476 me
2943 5422 3087 5477 venit
3129 5418 3426 5489 Antuerpia
3455 5433 3485 5471 a
3516 5416 3582 5471 Β.
3611 5412 3673 5468 Ρ.

397 5518 613 5573 Andrca
646 5516 889 5583 Schouo,
922 5512 1821 5584 societatisnostrm,quieamdem
1844 5513 1983 5567 dono
2012 5515 2378 5583 arceperatab
2395 5517 2627 5585 erudito,
2659 5527 2712 5573 et
2735 5516 3207 5599 lucubrationibus
3240 5510 3567 5573 Arnobianis
3584 5524 3679 5569 sa-

395 5613 464 5665 tis
486 5618 612 5664 noto
647 5610 759 5665 viro
798 5609 1127 5666 Ccverharto
1157 5609 1571 5673 Elmenhorslio,
1603 5622 1744 5661 armo
1771 5604 1969 5661 Christi
1994 5603 2148 5659 16l8.
2177 5604 2325 5661 Vale.
3012 5624 3021 5627 ν
