  <div class='ocr_page' id='page_1' title='image "/cluster/home/n/w/nwhite01/storage/ocr_20150623/87 pt.3 1965/mdp.39015012172931/685.png"; bbox 0 0 4036 6226; ppageno 0'>
   <div class='ocr_carea' id='block_1_1' title="bbox 1903 180 2054 189">
    <p class='ocr_par' dir='ltr' id='par_1_1' title="bbox 1903 180 2054 189">
     <span class='ocr_line' id='line_1_1' title="bbox 1903 180 2054 189; baseline 0 -3"><span class='ocrx_word' id='word_1_1' title='bbox 1903 180 2054 189; x_wconf 47' lang='grc' dir='ltr'><strong>..ι-κ...</strong></span> 
     </span>
    </p>
   </div>
   <div class='ocr_carea' id='block_1_2' title="bbox 358 284 517 350">
    <p class='ocr_par' dir='ltr' id='par_1_2' title="bbox 358 284 517 350">
     <span class='ocr_line' id='line_1_2' title="bbox 358 284 517 350; baseline 0 -4"><span class='ocrx_word' id='word_1_2' title='bbox 358 284 405 346; x_wconf 52' lang='grc' dir='ltr'><strong>κδ</strong></span> <span class='ocrx_word' id='word_1_3' title='bbox 415 286 517 350; x_wconf 78' lang='lat'><strong>079</strong></span> 
     </span>
    </p>
   </div>
   <div class='ocr_carea' id='block_1_3' title="bbox 1600 301 2447 399">
    <p class='ocr_par' dir='ltr' id='par_1_3' title="bbox 1600 301 2447 399">
     <span class='ocr_line' id='line_1_3' title="bbox 1600 301 2447 399; baseline 0.009 -41"><span class='ocrx_word' id='word_1_4' title='bbox 1600 301 1913 399; x_wconf 69' lang='grc' dir='ltr'><strong>ιΛιΕΧᾼΝ</strong></span> <span class='ocrx_word' id='word_1_5' title='bbox 1923 303 2055 364; x_wconf 78' lang='lat' dir='ltr'><strong>DRI</strong></span> <span class='ocrx_word' id='word_1_6' title='bbox 2094 305 2447 366; x_wconf 63' lang='lat' dir='ltr'><strong>&#39;MONACHI</strong></span> 
     </span>
    </p>
   </div>
   <div class='ocr_carea' id='block_1_4' title="bbox 3513 311 3646 379">
    <p class='ocr_par' dir='ltr' id='par_1_4' title="bbox 3513 311 3646 379">
     <span class='ocr_line' id='line_1_4' title="bbox 3513 311 3646 379; baseline 0.038 -5"><span class='ocrx_word' id='word_1_7' title='bbox 3513 311 3646 379; x_wconf 73' lang='grc' dir='ltr'>ιθδο</span> 
     </span>
    </p>
   </div>
   <div class='ocr_carea' id='block_1_5' title="bbox 382 399 1951 499">
    <p class='ocr_par' dir='ltr' id='par_1_5' title="bbox 382 399 1946 480">
     <span class='ocr_line' id='line_1_5' title="bbox 382 399 1946 480; baseline 0.012 -28"><span class='ocrx_word' id='word_1_8' title='bbox 382 399 557 453; x_wconf 62' lang='lat' dir='ltr'><strong>titiam</strong></span> <span class='ocrx_word' id='word_1_9' title='bbox 575 400 708 455; x_wconf 84' lang='lat' dir='ltr'><strong>alios</strong></span> <span class='ocrx_word' id='word_1_10' title='bbox 733 400 1016 471; x_wconf 76' lang='lat' dir='ltr'><strong>cpiscopus</strong></span> <span class='ocrx_word' id='word_1_11' title='bbox 1041 414 1120 460; x_wconf 82' lang='lat' dir='ltr'><strong>est</strong></span> <span class='ocrx_word' id='word_1_12' title='bbox 1143 406 1486 474; x_wconf 77' lang='lat' dir='ltr'><strong>adhortatus,</strong></span> <span class='ocrx_word' id='word_1_13' title='bbox 1511 420 1567 463; x_wconf 92' lang='lat' dir='ltr'><strong>ut</strong></span> <span class='ocrx_word' id='word_1_14' title='bbox 1587 424 1789 480; x_wconf 88' lang='lat' dir='ltr'><strong>peteret</strong></span> <span class='ocrx_word' id='word_1_15' title='bbox 1808 431 1946 472; x_wconf 88' lang='lat' dir='ltr'><strong>unus</strong></span> 
     </span>
    </p>
   </div>
   <div class='ocr_carea' id='block_1_6' title="bbox 2054 399 3658 499">
    <p class='ocr_par' dir='ltr' id='par_1_6' title="bbox 2075 417 3658 499">
     <span class='ocr_line' id='line_1_6' title="bbox 2075 417 3658 499; baseline 0.004 -29"><span class='ocrx_word' id='word_1_16' title='bbox 2075 418 2474 490; x_wconf 66' lang='grc' dir='ltr'><strong>προετρέψατο,</strong></span> <span class='ocrx_word' id='word_1_17' title='bbox 2512 417 2861 490; x_wconf 75' lang='grc' dir='ltr'>αἰτήσασθαι,</span> <span class='ocrx_word' id='word_1_18' title='bbox 2894 417 2949 471; x_wconf 63' lang='grc' dir='ltr'><strong>ει</strong></span> <span class='ocrx_word' id='word_1_19' title='bbox 2986 432 3044 473; x_wconf 80' lang='grc' dir='ltr'><strong>τι</strong></span> <span class='ocrx_word' id='word_1_20' title='bbox 3085 423 3284 493; x_wconf 75' lang='grc' dir='ltr'>συνορᾷ</span> <span class='ocrx_word' id='word_1_21' title='bbox 3308 422 3391 488; x_wconf 88' lang='grc' dir='ltr'><strong>είς</strong></span> <span class='ocrx_word' id='word_1_22' title='bbox 3419 422 3658 499; x_wconf 84' lang='grc' dir='ltr'>ἀπαρτι-</span> 
     </span>
    </p>
   </div>
   <div class='ocr_carea' id='block_1_7' title="bbox 382 492 1963 564">
    <p class='ocr_par' dir='ltr' id='par_1_7' title="bbox 382 492 1963 564">
     <span class='ocr_line' id='line_1_7' title="bbox 382 492 1963 564; baseline 0.013 -21"><span class='ocrx_word' id='word_1_23' title='bbox 382 492 642 561; x_wconf 79' lang='lat' dir='ltr'><strong>quisque.</strong></span> <span class='ocrx_word' id='word_1_24' title='bbox 672 494 814 562; x_wconf 85' lang='lat' dir='ltr'><strong>quod</strong></span> <span class='ocrx_word' id='word_1_25' title='bbox 840 494 907 548; x_wconf 85' lang='lat' dir='ltr'><strong>ad</strong></span> <span class='ocrx_word' id='word_1_26' title='bbox 944 495 1336 562; x_wconf 78' lang='lat' dir='ltr'><strong>perfectionem</strong></span> <span class='ocrx_word' id='word_1_27' title='bbox 1368 515 1479 555; x_wconf 70' lang='lat' dir='ltr'><strong>sua:</strong></span> <span class='ocrx_word' id='word_1_28' title='bbox 1506 502 1760 561; x_wconf 71' lang='lat' dir='ltr'><strong>Ecclesia:</strong></span> <span class='ocrx_word' id='word_1_29' title='bbox 1780 523 1963 564; x_wconf 86' lang='lat' dir='ltr'><strong>neces-</strong></span> 
     </span>
    </p>
   </div>
   <div class='ocr_carea' id='block_1_8' title="bbox 2048 509 3654 583">
    <p class='ocr_par' dir='ltr' id='par_1_8' title="bbox 2048 509 3654 583">
     <span class='ocr_line' id='line_1_8' title="bbox 2048 509 3654 583; baseline 0.007 -21"><span class='ocrx_word' id='word_1_30' title='bbox 2048 511 2202 580; x_wconf 78' lang='grc' dir='ltr'>οσμὸν</span> <span class='ocrx_word' id='word_1_31' title='bbox 2261 510 2489 574; x_wconf 78' lang='grc' dir='ltr'>ῑκαστος</span> <span class='ocrx_word' id='word_1_32' title='bbox 2551 512 2651 579; x_wconf 68' lang='grc' dir='ltr'>τῆς</span> <span class='ocrx_word' id='word_1_33' title='bbox 2701 510 2836 575; x_wconf 88' lang='grc' dir='ltr'>ίδίας</span> <span class='ocrx_word' id='word_1_34' title='bbox 2889 510 3237 583; x_wconf 84' lang='grc' dir='ltr'>Ἐκκλησίας.</span> <span class='ocrx_word' id='word_1_35' title='bbox 3288 509 3399 568; x_wconf 78' lang='grc' dir='ltr'>Ἦν</span> <span class='ocrx_word' id='word_1_36' title='bbox 3450 515 3506 571; x_wconf 77' lang='grc' dir='ltr'><strong>δέ</strong></span> <span class='ocrx_word' id='word_1_37' title='bbox 3568 520 3654 573; x_wconf 84' lang='grc' dir='ltr'>ἐν-</span> 
     </span>
    </p>
   </div>
   <div class='ocr_carea' id='block_1_9' title="bbox 292 580 1951 686">
    <p class='ocr_par' dir='ltr' id='par_1_9' title="bbox 292 580 1951 654">
     <span class='ocr_line' id='line_1_9' title="bbox 292 580 1951 654; baseline 0.011 -24"><span class='ocrx_word' id='word_1_38' title='bbox 292 586 295 591; x_wconf 88' lang='grc'>·</span> <span class='ocrx_word' id='word_1_39' title='bbox 377 580 577 634; x_wconf 68' lang='lat' dir='ltr'><strong>sarium</strong></span> <span class='ocrx_word' id='word_1_40' title='bbox 602 595 651 633; x_wconf 76' lang='lat' dir='ltr'><strong>c.-</strong></span> <span class='ocrx_word' id='word_1_41' title='bbox 665 596 722 636; x_wconf 73' lang='grc' dir='ltr'><strong>ευ</strong></span> <span class='ocrx_word' id='word_1_42' title='bbox 736 594 1000 639; x_wconf 84' lang='lat' dir='ltr'><strong>cerneret.</strong></span> <span class='ocrx_word' id='word_1_43' title='bbox 1027 584 1293 654; x_wconf 84' lang='lat' dir='ltr'><strong>Agebatur</strong></span> <span class='ocrx_word' id='word_1_44' title='bbox 1313 596 1492 641; x_wconf 87' lang='lat' dir='ltr'><strong>antem</strong></span> <span class='ocrx_word' id='word_1_45' title='bbox 1516 589 1759 648; x_wconf 85' lang='lat' dir='ltr'><strong>decimus</strong></span> <span class='ocrx_word' id='word_1_46' title='bbox 1791 612 1951 649; x_wconf 75' lang='lat' dir='ltr'><strong>nonus:</strong></span> 
     </span>
    </p>
   </div>
   <div class='ocr_carea' id='block_1_10' title="bbox 2054 580 3650 686">
    <p class='ocr_par' dir='ltr' id='par_1_10' title="bbox 2065 601 3650 686">
     <span class='ocr_line' id='line_1_10' title="bbox 2065 601 3650 686; baseline 0.008 -32"><span class='ocrx_word' id='word_1_47' title='bbox 2065 601 2489 657; x_wconf 87' lang='grc' dir='ltr'>νεακαιδέκατον</span> <span class='ocrx_word' id='word_1_48' title='bbox 2516 602 2634 665; x_wconf 82' lang='grc' dir='ltr'>ἔτος</span> <span class='ocrx_word' id='word_1_49' title='bbox 2656 603 2755 673; x_wconf 74' lang='grc' dir='ltr'>τῆς</span> <span class='ocrx_word' id='word_1_50' title='bbox 2786 603 3065 673; x_wconf 76' lang='grc' dir='ltr'><strong>βασιλείας</strong></span> <span class='ocrx_word' id='word_1_51' title='bbox 3091 607 3279 673; x_wconf 73' lang='grc' dir='ltr'>αὑτοῦ,</span> <span class='ocrx_word' id='word_1_52' title='bbox 3314 608 3403 663; x_wconf 82' lang='grc' dir='ltr'>ὅτε</span> <span class='ocrx_word' id='word_1_53' title='bbox 3435 610 3650 686; x_wconf 74' lang='grc' dir='ltr'>ἐγένετο</span> 
     </span>
    </p>
   </div>
   <div class='ocr_carea' id='block_1_11' title="bbox 295 674 1960 755">
    <p class='ocr_par' dir='ltr' id='par_1_11' title="bbox 295 674 1960 755">
     <span class='ocr_line' id='line_1_11' title="bbox 295 674 1960 755; baseline 0.011 -31"><span class='ocrx_word' id='word_1_54' title='bbox 295 719 299 724; x_wconf 88' lang='grc'><strong>.</strong></span> <span class='ocrx_word' id='word_1_55' title='bbox 378 674 589 741; x_wconf 75' lang='lat' dir='ltr'><strong>inperii</strong></span> <span class='ocrx_word' id='word_1_56' title='bbox 622 675 739 738; x_wconf 84' lang='lat' dir='ltr'><strong>ejus</strong></span> <span class='ocrx_word' id='word_1_57' title='bbox 767 691 961 745; x_wconf 82' lang='lat' dir='ltr'><strong>annus,</strong></span> <span class='ocrx_word' id='word_1_58' title='bbox 1010 680 1226 749; x_wconf 83' lang='lat' dir='ltr'><strong>quando</strong></span> <span class='ocrx_word' id='word_1_59' title='bbox 1281 679 1421 738; x_wconf 82' lang='lat' dir='ltr'><strong>facta</strong></span> <span class='ocrx_word' id='word_1_60' title='bbox 1469 692 1551 738; x_wconf 86' lang='lat' dir='ltr'><strong>est</strong></span> <span class='ocrx_word' id='word_1_61' title='bbox 1594 688 1840 755; x_wconf 77' lang='lat' dir='ltr'><strong>synodus</strong></span> <span class='ocrx_word' id='word_1_62' title='bbox 1867 686 1960 742; x_wconf 85' lang='lat' dir='ltr'><strong>Ni-</strong></span> 
     </span>
    </p>
   </div>
   <div class='ocr_carea' id='block_1_12' title="bbox 299 772 543 822">
    <p class='ocr_par' dir='ltr' id='par_1_12' title="bbox 299 772 543 822">
     <span class='ocr_line' id='line_1_12' title="bbox 299 772 543 822; baseline 0.008 -2"><span class='ocrx_word' id='word_1_63' title='bbox 299 772 307 793; x_wconf 67' lang='grc' dir='ltr'><strong>ί</strong></span> <span class='ocrx_word' id='word_1_64' title='bbox 377 783 543 822; x_wconf 66' lang='lat' dir='ltr'><strong>creata.</strong></span> 
     </span>
    </p>
   </div>
   <div class='ocr_carea' id='block_1_13' title="bbox 446 857 1956 941">
    <p class='ocr_par' dir='ltr' id='par_1_13' title="bbox 446 857 1956 941">
     <span class='ocr_line' id='line_1_13' title="bbox 446 857 1956 941; baseline 0.011 -29"><span class='ocrx_word' id='word_1_65' title='bbox 446 857 691 915; x_wconf 79' lang='lat' dir='ltr'><strong>Posthacc</strong></span> <span class='ocrx_word' id='word_1_66' title='bbox 719 863 867 918; x_wconf 82' lang='lat' dir='ltr'><strong>misit</strong></span> <span class='ocrx_word' id='word_1_67' title='bbox 901 863 1196 934; x_wconf 82' lang='lat' dir='ltr'><strong>imperator</strong></span> <span class='ocrx_word' id='word_1_68' title='bbox 1223 877 1451 926; x_wconf 84' lang='lat' dir='ltr'><strong>matrem</strong></span> <span class='ocrx_word' id='word_1_69' title='bbox 1488 869 1921 939; x_wconf 37' lang='lat' dir='ltr'><strong>suam‘llelenam</strong></span> <span class='ocrx_word' id='word_1_70' title='bbox 1942 916 1956 941; x_wconf 92' lang='lat'><strong>,</strong></span> 
     </span>
    </p>
   </div>
   <div class='ocr_carea' id='block_1_14' title="bbox 2064 692 2736 759">
    <p class='ocr_par' dir='ltr' id='par_1_14' title="bbox 2064 692 2736 759">
     <span class='ocr_line' id='line_1_14' title="bbox 2064 692 2736 759; baseline 0.004 -13"><span class='ocrx_word' id='word_1_71' title='bbox 2064 692 2205 747; x_wconf 88' lang='grc' dir='ltr'><strong>κατά</strong></span> <span class='ocrx_word' id='word_1_72' title='bbox 2232 693 2472 748; x_wconf 82' lang='grc' dir='ltr'>Νίκαιαν</span> <span class='ocrx_word' id='word_1_73' title='bbox 2503 694 2736 759; x_wconf 78' lang='grc' dir='ltr'>σύνοδος.</span> 
     </span>
    </p>
   </div>
   <div class='ocr_carea' id='block_1_15' title="bbox 2131 870 3642 951">
    <p class='ocr_par' dir='ltr' id='par_1_15' title="bbox 2131 870 3642 951">
     <span class='ocr_line' id='line_1_15' title="bbox 2131 870 3642 951; baseline 0.009 -27"><span class='ocrx_word' id='word_1_74' title='bbox 2131 870 2289 926; x_wconf 80' lang='grc' dir='ltr'>Μετά</span> <span class='ocrx_word' id='word_1_75' title='bbox 2338 872 2514 927; x_wconf 89' lang='grc' dir='ltr'>ταῦτα</span> <span class='ocrx_word' id='word_1_76' title='bbox 2565 874 2883 929; x_wconf 81' lang='grc' dir='ltr'>ἀπέστειλεν</span> <span class='ocrx_word' id='word_1_77' title='bbox 2934 876 2962 924; x_wconf 86' lang='grc' dir='ltr'>ὁ</span> <span class='ocrx_word' id='word_1_78' title='bbox 3009 875 3264 946; x_wconf 77' lang='grc' dir='ltr'>βασιλεὺς</span> <span class='ocrx_word' id='word_1_79' title='bbox 3317 880 3416 951; x_wconf 81' lang='grc' dir='ltr'><strong>τὴν</strong></span> <span class='ocrx_word' id='word_1_80' title='bbox 3447 882 3642 936; x_wconf 71' lang='grc' dir='ltr'>ἑαυτοῦ</span> 
     </span>
    </p>
   </div>
   <div class='ocr_carea' id='block_1_16' title="bbox 298 949 1951 1046">
    <p class='ocr_par' dir='ltr' id='par_1_16' title="bbox 298 949 1951 1037">
     <span class='ocr_line' id='line_1_16' title="bbox 298 949 1951 1037; baseline 0.013 -36"><span class='ocrx_word' id='word_1_81' title='bbox 298 972 304 985; x_wconf 63' lang='grc' dir='ltr'><strong>η</strong></span> <span class='ocrx_word' id='word_1_82' title='bbox 375 949 657 1005; x_wconf 81' lang='lat' dir='ltr'><strong>mulierem</strong></span> <span class='ocrx_word' id='word_1_83' title='bbox 698 955 845 1009; x_wconf 80' lang='lat' dir='ltr'><strong>ornni</strong></span> <span class='ocrx_word' id='word_1_84' title='bbox 884 954 1104 1011; x_wconf 83' lang='lat' dir='ltr'><strong>laudum</strong></span> <span class='ocrx_word' id='word_1_85' title='bbox 1132 973 1330 1027; x_wconf 79' lang='lat' dir='ltr'><strong>genere</strong></span> <span class='ocrx_word' id='word_1_86' title='bbox 1351 963 1723 1032; x_wconf 75' lang='lat' dir='ltr'><strong>dignissimam</strong></span> <span class='ocrx_word' id='word_1_87' title='bbox 1759 967 1951 1037; x_wconf 80' lang='lat' dir='ltr'><strong>Deique</strong></span> 
     </span>
    </p>
   </div>
   <div class='ocr_carea' id='block_1_17' title="bbox 2054 949 3649 1046">
    <p class='ocr_par' dir='ltr' id='par_1_17' title="bbox 2065 949 3649 1046">
     <span class='ocr_line' id='line_1_17' title="bbox 2065 949 3649 1046; baseline 0.009 -31"><span class='ocrx_word' id='word_1_88' title='bbox 2065 964 2276 1037; x_wconf 81' lang='grc' dir='ltr'>μητέρα</span> <span class='ocrx_word' id='word_1_89' title='bbox 2292 965 2531 1037; x_wconf 79' lang='grc' dir='ltr'><strong>Ἑλένην,</strong></span> <span class='ocrx_word' id='word_1_90' title='bbox 2552 968 2650 1038; x_wconf 84' lang='grc' dir='ltr'>τὴν</span> <span class='ocrx_word' id='word_1_91' title='bbox 2671 967 2983 1033; x_wconf 77' lang='grc' dir='ltr'><strong>ἀξιέπαινον</strong></span> <span class='ocrx_word' id='word_1_92' title='bbox 2998 971 3092 1025; x_wconf 73' lang='grc' dir='ltr'><strong>καὶ</strong></span> <span class='ocrx_word' id='word_1_93' title='bbox 3117 949 3464 1044; x_wconf 36' lang='grc' dir='ltr'>θεοφιλῆξείς</span> <span class='ocrx_word' id='word_1_94' title='bbox 3485 975 3649 1046; x_wconf 81' lang='grc' dir='ltr'>Ἰερο-</span> 
     </span>
    </p>
   </div>
   <div class='ocr_carea' id='block_1_18' title="bbox 375 1043 1957 1126">
    <p class='ocr_par' dir='ltr' id='par_1_18' title="bbox 375 1043 1957 1126">
     <span class='ocr_line' id='line_1_18' title="bbox 375 1043 1957 1126; baseline 0.013 -32"><span class='ocrx_word' id='word_1_95' title='bbox 375 1043 798 1100; x_wconf 82' lang='lat' dir='ltr'><strong>amantissimam</strong></span> <span class='ocrx_word' id='word_1_96' title='bbox 814 1085 830 1111; x_wconf 90' lang='lat'><strong>,</strong></span> <span class='ocrx_word' id='word_1_97' title='bbox 848 1063 970 1102; x_wconf 88' lang='lat' dir='ltr'><strong>cum</strong></span> <span class='ocrx_word' id='word_1_98' title='bbox 990 1047 1212 1115; x_wconf 87' lang='lat' dir='ltr'><strong>litteris,</strong></span> <span class='ocrx_word' id='word_1_99' title='bbox 1244 1067 1543 1122; x_wconf 81' lang='lat' dir='ltr'><strong>magnaque</strong></span> <span class='ocrx_word' id='word_1_100' title='bbox 1562 1059 1802 1126; x_wconf 63' lang='lat' dir='ltr'><strong>pecuniae</strong></span> <span class='ocrx_word' id='word_1_101' title='bbox 1819 1060 1869 1114; x_wconf 89' lang='lat' dir='ltr'><strong>vi</strong></span> <span class='ocrx_word' id='word_1_102' title='bbox 1892 1059 1957 1114; x_wconf 82' lang='lat' dir='ltr'><strong>ad</strong></span> 
     </span>
    </p>
   </div>
   <div class='ocr_carea' id='block_1_19' title="bbox 376 1134 1956 1215">
    <p class='ocr_par' dir='ltr' id='par_1_19' title="bbox 376 1134 1956 1215">
     <span class='ocr_line' id='line_1_19' title="bbox 376 1134 1956 1215; baseline 0.009 -26"><span class='ocrx_word' id='word_1_103' title='bbox 376 1134 522 1191; x_wconf 75' lang='lat' dir='ltr'><strong>Maca</strong></span> <span class='ocrx_word' id='word_1_104' title='bbox 533 1136 669 1191; x_wconf 89' lang='lat' dir='ltr'><strong>rium</strong></span> <span class='ocrx_word' id='word_1_105' title='bbox 701 1140 895 1193; x_wconf 83' lang='lat' dir='ltr'><strong>merito</strong></span> <span class='ocrx_word' id='word_1_106' title='bbox 917 1140 1037 1195; x_wconf 82' lang='lat' dir='ltr'><strong>hoc-</strong></span> <span class='ocrx_word' id='word_1_107' title='bbox 1051 1140 1269 1197; x_wconf 84' lang='lat' dir='ltr'><strong>nomine</strong></span> <span class='ocrx_word' id='word_1_108' title='bbox 1293 1145 1606 1215; x_wconf 79' lang='lat' dir='ltr'><strong>insignitum</strong></span> <span class='ocrx_word' id='word_1_109' title='bbox 1627 1188 1644 1212; x_wconf 93' lang='lat'><strong>,</strong></span> <span class='ocrx_word' id='word_1_110' title='bbox 1663 1147 1956 1204; x_wconf 54' lang='lat' dir='ltr'><strong>[Eliensem</strong></span> 
     </span>
    </p>
   </div>
   <div class='ocr_carea' id='block_1_20' title="bbox 371 1228 1958 1309">
    <p class='ocr_par' dir='ltr' id='par_1_20' title="bbox 371 1228 1958 1309">
     <span class='ocr_line' id='line_1_20' title="bbox 371 1228 1958 1309; baseline 0.011 -31"><span class='ocrx_word' id='word_1_111' title='bbox 371 1228 719 1297; x_wconf 76' lang='lat' dir='ltr'><strong>episcopum,</strong></span> <span class='ocrx_word' id='word_1_112' title='bbox 756 1239 812 1284; x_wconf 87' lang='lat' dir='ltr'><strong>ut</strong></span> <span class='ocrx_word' id='word_1_113' title='bbox 870 1247 972 1286; x_wconf 88' lang='lat' dir='ltr'><strong>una</strong></span> <span class='ocrx_word' id='word_1_114' title='bbox 1014 1248 1136 1287; x_wconf 83' lang='lat' dir='ltr'><strong>cum</strong></span> <span class='ocrx_word' id='word_1_115' title='bbox 1167 1248 1232 1288; x_wconf 89' lang='lat' dir='ltr'><strong>eo</strong></span> <span class='ocrx_word' id='word_1_116' title='bbox 1270 1236 1538 1291; x_wconf 68' lang='lat' dir='ltr'><strong>vit-incum</strong></span> <span class='ocrx_word' id='word_1_117' title='bbox 1571 1238 1771 1309; x_wconf 89' lang='lat' dir='ltr'><strong>lignum</strong></span> <span class='ocrx_word' id='word_1_118' title='bbox 1807 1241 1958 1296; x_wconf 85' lang='lat' dir='ltr'><strong>inve-</strong></span> 
     </span>
    </p>
   </div>
   <div class='ocr_carea' id='block_1_21' title="bbox 370 1319 1959 1404">
    <p class='ocr_par' dir='ltr' id='par_1_21' title="bbox 370 1319 1959 1404">
     <span class='ocr_line' id='line_1_21' title="bbox 370 1319 1959 1404; baseline 0.012 -34"><span class='ocrx_word' id='word_1_119' title='bbox 370 1319 592 1389; x_wconf 86' lang='lat' dir='ltr'><strong>stigaret</strong></span> <span class='ocrx_word' id='word_1_120' title='bbox 620 1335 886 1393; x_wconf 86' lang='lat' dir='ltr'><strong>sacraque</strong></span> <span class='ocrx_word' id='word_1_121' title='bbox 913 1323 1155 1381; x_wconf 78' lang='lat' dir='ltr'><strong>:editlciis</strong></span> <span class='ocrx_word' id='word_1_122' title='bbox 1179 1337 1486 1393; x_wconf 76' lang='lat' dir='ltr'><strong>exornaret.</strong></span> <span class='ocrx_word' id='word_1_123' title='bbox 1520 1331 1750 1399; x_wconf 88' lang='lat' dir='ltr'><strong>idipsum</strong></span> <span class='ocrx_word' id='word_1_124' title='bbox 1793 1348 1959 1404; x_wconf 73' lang='lat' dir='ltr'><strong>expo-</strong></span> 
     </span>
    </p>
   </div>
   <div class='ocr_carea' id='block_1_22' title="bbox 368 1413 1953 1490">
    <p class='ocr_par' dir='ltr' id='par_1_22' title="bbox 368 1413 1953 1490">
     <span class='ocr_line' id='line_1_22' title="bbox 368 1413 1953 1490; baseline 0.009 -26"><span class='ocrx_word' id='word_1_125' title='bbox 368 1421 555 1467; x_wconf 90' lang='lat' dir='ltr'><strong>scente</strong></span> <span class='ocrx_word' id='word_1_126' title='bbox 596 1413 979 1484; x_wconf 89' lang='lat' dir='ltr'><strong>imperatrice,</strong></span> <span class='ocrx_word' id='word_1_127' title='bbox 1020 1429 1403 1490; x_wconf 76' lang='lat' dir='ltr'><strong>asserenteque</strong></span> <span class='ocrx_word' id='word_1_128' title='bbox 1441 1420 1675 1478; x_wconf 76' lang='lat' dir='ltr'><strong>divinam</strong></span> <span class='ocrx_word' id='word_1_129' title='bbox 1692 1424 1953 1481; x_wconf 75' lang='lat' dir='ltr'><strong>visionem</strong></span> 
     </span>
    </p>
   </div>
   <div class='ocr_carea' id='block_1_23' title="bbox 368 1503 1954 1585">
    <p class='ocr_par' dir='ltr' id='par_1_23' title="bbox 368 1503 1954 1585">
     <span class='ocr_line' id='line_1_23' title="bbox 368 1503 1954 1585; baseline 0.012 -30"><span class='ocrx_word' id='word_1_130' title='bbox 368 1503 468 1558; x_wconf 85' lang='lat' dir='ltr'><strong>sibi</strong></span> <span class='ocrx_word' id='word_1_131' title='bbox 502 1504 738 1560; x_wconf 85' lang='lat' dir='ltr'><strong>oblatam</strong></span> <span class='ocrx_word' id='word_1_132' title='bbox 759 1548 775 1573; x_wconf 93' lang='lat'><strong>,</strong></span> <span class='ocrx_word' id='word_1_133' title='bbox 801 1521 921 1577; x_wconf 71' lang='lat' dir='ltr'><strong>qua:</strong></span> <span class='ocrx_word' id='word_1_134' title='bbox 955 1509 1202 1579; x_wconf 72' lang='lat' dir='ltr'><strong>jusserit,</strong></span> <span class='ocrx_word' id='word_1_135' title='bbox 1246 1523 1302 1566; x_wconf 91' lang='lat' dir='ltr'><strong>ut</strong></span> <span class='ocrx_word' id='word_1_136' title='bbox 1324 1512 1710 1585; x_wconf 72' lang='lat' dir='ltr'><strong>Hierosolyma</strong></span> <span class='ocrx_word' id='word_1_137' title='bbox 1727 1531 1846 1572; x_wconf 85' lang='lat' dir='ltr'><strong>sese</strong></span> <span class='ocrx_word' id='word_1_138' title='bbox 1871 1532 1954 1573; x_wconf 86' lang='lat' dir='ltr'><strong>re-</strong></span> 
     </span>
    </p>
   </div>
   <div class='ocr_carea' id='block_1_24' title="bbox 367 1593 1953 1673">
    <p class='ocr_par' dir='ltr' id='par_1_24' title="bbox 367 1593 1953 1673">
     <span class='ocr_line' id='line_1_24' title="bbox 367 1593 1953 1673; baseline 0.011 -26"><span class='ocrx_word' id='word_1_139' title='bbox 367 1593 570 1664; x_wconf 81' lang='lat' dir='ltr'><strong>ciperet</strong></span> <span class='ocrx_word' id='word_1_140' title='bbox 592 1635 608 1660; x_wconf 85' lang='lat'><strong>.</strong></span> <span class='ocrx_word' id='word_1_141' title='bbox 639 1606 693 1652; x_wconf 94' lang='lat' dir='ltr'><strong>et</strong></span> <span class='ocrx_word' id='word_1_142' title='bbox 719 1612 875 1654; x_wconf 87' lang='lat' dir='ltr'><strong>sacra</strong></span> <span class='ocrx_word' id='word_1_143' title='bbox 910 1599 1025 1656; x_wconf 93' lang='lat' dir='ltr'><strong>loca</strong></span> <span class='ocrx_word' id='word_1_144' title='bbox 1056 1601 1124 1656; x_wconf 90' lang='lat' dir='ltr'><strong>ab</strong></span> <span class='ocrx_word' id='word_1_145' title='bbox 1155 1602 1413 1671; x_wconf 84' lang='lat' dir='ltr'><strong>improbis</strong></span> <span class='ocrx_word' id='word_1_146' title='bbox 1457 1607 1648 1662; x_wconf 85' lang='lat' dir='ltr'><strong>obruta</strong></span> <span class='ocrx_word' id='word_1_147' title='bbox 1669 1646 1685 1673; x_wconf 88' lang='lat'><strong>,</strong></span> <span class='ocrx_word' id='word_1_148' title='bbox 1710 1616 1764 1662; x_wconf 92' lang='lat' dir='ltr'><strong>et</strong></span> <span class='ocrx_word' id='word_1_149' title='bbox 1805 1618 1953 1665; x_wconf 83' lang='lat' dir='ltr'><strong>tanto</strong></span> 
     </span>
    </p>
   </div>
   <div class='ocr_carea' id='block_1_25' title="bbox 367 1691 1948 1769">
    <p class='ocr_par' dir='ltr' id='par_1_25' title="bbox 367 1691 1948 1769">
     <span class='ocr_line' id='line_1_25' title="bbox 367 1691 1948 1769; baseline 0.01 -30"><span class='ocrx_word' id='word_1_150' title='bbox 367 1695 615 1757; x_wconf 85' lang='lat' dir='ltr'><strong>tempore</strong></span> <span class='ocrx_word' id='word_1_151' title='bbox 662 1705 728 1745; x_wconf 81' lang='lat' dir='ltr'><strong>ex</strong></span> <span class='ocrx_word' id='word_1_152' title='bbox 764 1691 1042 1748; x_wconf 88' lang='lat' dir='ltr'><strong>hominum</strong></span> <span class='ocrx_word' id='word_1_153' title='bbox 1083 1695 1390 1766; x_wconf 81' lang='lat' dir='ltr'><strong>cognitione</strong></span> <span class='ocrx_word' id='word_1_154' title='bbox 1439 1708 1624 1769; x_wconf 82' lang='lat' dir='ltr'><strong>erepta</strong></span> <span class='ocrx_word' id='word_1_155' title='bbox 1664 1701 1717 1754; x_wconf 90' lang='lat' dir='ltr'><strong>in</strong></span> <span class='ocrx_word' id='word_1_156' title='bbox 1777 1700 1948 1757; x_wconf 88' lang='lat' dir='ltr'><strong>lucem</strong></span> 
     </span>
    </p>
   </div>
   <div class='ocr_carea' id='block_1_26' title="bbox 364 1778 638 1833">
    <p class='ocr_par' dir='ltr' id='par_1_26' title="bbox 364 1778 638 1833">
     <span class='ocr_line' id='line_1_26' title="bbox 364 1778 638 1833; baseline 0.022 -6"><span class='ocrx_word' id='word_1_157' title='bbox 364 1778 638 1833; x_wconf 72' lang='lat' dir='ltr'><strong>educeret.</strong></span> 
     </span>
    </p>
   </div>
   <div class='ocr_carea' id='block_1_27' title="bbox 437 1869 1943 1954">
    <p class='ocr_par' dir='ltr' id='par_1_27' title="bbox 437 1869 1943 1954">
     <span class='ocr_line' id='line_1_27' title="bbox 437 1869 1943 1954; baseline 0.013 -33"><span class='ocrx_word' id='word_1_158' title='bbox 437 1869 734 1943; x_wconf 79' lang='lat' dir='ltr'><strong>Episcopus</strong></span> <span class='ocrx_word' id='word_1_159' title='bbox 764 1882 943 1931; x_wconf 91' lang='lat' dir='ltr'><strong>autem</strong></span> <span class='ocrx_word' id='word_1_160' title='bbox 965 1918 978 1939; x_wconf 88' lang='lat'><strong>,</strong></span> <span class='ocrx_word' id='word_1_161' title='bbox 1018 1878 1105 1933; x_wconf 90' lang='lat' dir='ltr'><strong>ubi</strong></span> <span class='ocrx_word' id='word_1_162' title='bbox 1132 1878 1808 1953; x_wconf 80' lang='lat' dir='ltr'><strong>intellexitimperatricem</strong></span> <span class='ocrx_word' id='word_1_163' title='bbox 1832 1888 1943 1954; x_wconf 81' lang='lat' dir='ltr'><strong>jam</strong></span> 
     </span>
    </p>
   </div>
   <div class='ocr_carea' id='block_1_28' title="bbox 364 1963 1944 2049">
    <p class='ocr_par' dir='ltr' id='par_1_28' title="bbox 364 1963 1944 2049">
     <span class='ocr_line' id='line_1_28' title="bbox 364 1963 1944 2049; baseline 0.016 -36"><span class='ocrx_word' id='word_1_164' title='bbox 364 1963 691 2031; x_wconf 85' lang='lat' dir='ltr'><strong>adventare,</strong></span> <span class='ocrx_word' id='word_1_165' title='bbox 725 1983 846 2022; x_wconf 92' lang='lat' dir='ltr'><strong>cum</strong></span> <span class='ocrx_word' id='word_1_166' title='bbox 876 1972 1427 2039; x_wconf 80' lang='lat' dir='ltr'><strong>comprovincialibns</strong></span> <span class='ocrx_word' id='word_1_167' title='bbox 1468 1978 1735 2049; x_wconf 78' lang='lat' dir='ltr'><strong>episcopis</strong></span> <span class='ocrx_word' id='word_1_168' title='bbox 1759 1980 1944 2039; x_wconf 87' lang='lat' dir='ltr'><strong>debito</strong></span> 
     </span>
    </p>
   </div>
   <div class='ocr_carea' id='block_1_29' title="bbox 363 2057 1948 2134">
    <p class='ocr_par' dir='ltr' id='par_1_29' title="bbox 363 2057 1948 2134">
     <span class='ocr_line' id='line_1_29' title="bbox 363 2057 1948 2134; baseline 0.013 -27"><span class='ocrx_word' id='word_1_169' title='bbox 363 2072 484 2110; x_wconf 80' lang='lat' dir='ltr'><strong>cum</strong></span> <span class='ocrx_word' id='word_1_170' title='bbox 517 2057 721 2115; x_wconf 88' lang='lat' dir='ltr'><strong>honore</strong></span> <span class='ocrx_word' id='word_1_171' title='bbox 759 2060 974 2118; x_wconf 79' lang='lat' dir='ltr'><strong>obviam</strong></span> <span class='ocrx_word' id='word_1_172' title='bbox 1001 2067 1316 2134; x_wconf 74' lang='lat' dir='ltr'><strong>.pcocessit.</strong></span> <span class='ocrx_word' id='word_1_173' title='bbox 1367 2068 1563 2124; x_wconf 88' lang='lat' dir='ltr'><strong>Statim</strong></span> <span class='ocrx_word' id='word_1_174' title='bbox 1594 2086 1723 2126; x_wconf 81' lang='lat' dir='ltr'><strong>vero</strong></span> <span class='ocrx_word' id='word_1_175' title='bbox 1751 2073 1831 2128; x_wconf 90' lang='lat' dir='ltr'><strong>eis</strong></span> <span class='ocrx_word' id='word_1_176' title='bbox 1860 2074 1948 2128; x_wconf 88' lang='lat' dir='ltr'><strong>in-</strong></span> 
     </span>
    </p>
   </div>
   <div class='ocr_carea' id='block_1_30' title="bbox 352 2149 1944 2236">
    <p class='ocr_par' dir='ltr' id='par_1_30' title="bbox 352 2149 1944 2236">
     <span class='ocr_line' id='line_1_30' title="bbox 352 2149 1944 2236; baseline 0.014 -33"><span class='ocrx_word' id='word_1_177' title='bbox 352 2149 537 2222; x_wconf 84' lang='lat' dir='ltr'><strong>jungit</strong></span> <span class='ocrx_word' id='word_1_178' title='bbox 561 2195 577 2218; x_wconf 92' lang='lat'><strong>,</strong></span> <span class='ocrx_word' id='word_1_179' title='bbox 598 2163 654 2208; x_wconf 91' lang='lat' dir='ltr'><strong>ut</strong></span> <span class='ocrx_word' id='word_1_180' title='bbox 673 2157 739 2210; x_wconf 90' lang='lat' dir='ltr'><strong>ad</strong></span> <span class='ocrx_word' id='word_1_181' title='bbox 762 2157 1140 2214; x_wconf 82' lang='lat' dir='ltr'><strong>inveniendum</strong></span> <span class='ocrx_word' id='word_1_182' title='bbox 1160 2162 1520 2218; x_wconf 87' lang='lat' dir='ltr'><strong>desideratum</strong></span> <span class='ocrx_word' id='word_1_183' title='bbox 1543 2165 1944 2236; x_wconf 70' lang='lat' dir='ltr'><strong>cruoislignum</strong></span> 
     </span>
    </p>
   </div>
   <div class='ocr_carea' id='block_1_31' title="bbox 361 2247 1947 2326">
    <p class='ocr_par' dir='ltr' id='par_1_31' title="bbox 361 2247 1947 2326">
     <span class='ocr_line' id='line_1_31' title="bbox 361 2247 1947 2326; baseline 0.009 -30"><span class='ocrx_word' id='word_1_184' title='bbox 361 2257 423 2297; x_wconf 92' lang='lat' dir='ltr'><strong>se</strong></span> <span class='ocrx_word' id='word_1_185' title='bbox 453 2253 594 2300; x_wconf 88' lang='lat' dir='ltr'><strong>totos</strong></span> <span class='ocrx_word' id='word_1_186' title='bbox 623 2247 834 2303; x_wconf 85' lang='lat' dir='ltr'><strong>darent.</strong></span> <span class='ocrx_word' id='word_1_187' title='bbox 862 2247 1242 2307; x_wconf 90' lang='lat' dir='ltr'><strong>Dubitantibus</strong></span> <span class='ocrx_word' id='word_1_188' title='bbox 1266 2268 1394 2309; x_wconf 84' lang='lat' dir='ltr'><strong>vero</strong></span> <span class='ocrx_word' id='word_1_189' title='bbox 1416 2256 1947 2326; x_wconf 74' lang='lat' dir='ltr'><strong>omnibus-superle-</strong></span> 
     </span>
    </p>
   </div>
   <div class='ocr_carea' id='block_1_32' title="bbox 364 2337 1944 2416">
    <p class='ocr_par' dir='ltr' id='par_1_32' title="bbox 364 2337 1944 2416">
     <span class='ocr_line' id='line_1_32' title="bbox 364 2337 1944 2416; baseline 0.011 -30"><span class='ocrx_word' id='word_1_190' title='bbox 364 2350 454 2402; x_wconf 65' lang='grc' dir='ltr'>σο,</span> <span class='ocrx_word' id='word_1_191' title='bbox 500 2337 728 2410; x_wconf 79' lang='lat' dir='ltr'><strong>aliisque</strong></span> <span class='ocrx_word' id='word_1_192' title='bbox 757 2342 902 2396; x_wconf 86' lang='lat' dir='ltr'><strong>aliud</strong></span> <span class='ocrx_word' id='word_1_193' title='bbox 931 2359 996 2397; x_wconf 79' lang='lat' dir='ltr'><strong>ex</strong></span> <span class='ocrx_word' id='word_1_194' title='bbox 1032 2347 1341 2415; x_wconf 86' lang='lat' dir='ltr'><strong>suspicione</strong></span> <span class='ocrx_word' id='word_1_195' title='bbox 1371 2350 1944 2416; x_wconf 87' lang='lat' dir='ltr'><strong>commemorantibus,</strong></span> 
     </span>
    </p>
   </div>
   <div class='ocr_carea' id='block_1_33' title="bbox 349 2428 1948 2509">
    <p class='ocr_par' dir='ltr' id='par_1_33' title="bbox 349 2428 1948 2509">
     <span class='ocr_line' id='line_1_33' title="bbox 349 2428 1948 2509; baseline 0.013 -28"><span class='ocrx_word' id='word_1_196' title='bbox 349 2428 633 2486; x_wconf 74' lang='lat' dir='ltr'><strong>Macarius</strong></span> <span class='ocrx_word' id='word_1_197' title='bbox 663 2447 853 2491; x_wconf 90' lang='lat' dir='ltr'><strong>omnes</strong></span> <span class='ocrx_word' id='word_1_198' title='bbox 884 2438 1068 2507; x_wconf 89' lang='lat' dir='ltr'><strong>quieto</strong></span> <span class='ocrx_word' id='word_1_199' title='bbox 1105 2454 1229 2495; x_wconf 87' lang='lat' dir='ltr'><strong>esse</strong></span> <span class='ocrx_word' id='word_1_200' title='bbox 1254 2439 1417 2509; x_wconf 88' lang='lat' dir='ltr'><strong>jussit</strong></span> <span class='ocrx_word' id='word_1_201' title='bbox 1443 2443 1625 2499; x_wconf 88' lang='lat' dir='ltr'><strong>animo</strong></span> <span class='ocrx_word' id='word_1_202' title='bbox 1656 2454 1710 2500; x_wconf 91' lang='lat' dir='ltr'><strong>et</strong></span> <span class='ocrx_word' id='word_1_203' title='bbox 1732 2444 1948 2501; x_wconf 71' lang='lat' dir='ltr'><strong>sedulus</strong></span> 
     </span>
    </p>
   </div>
   <div class='ocr_carea' id='block_1_34' title="bbox 368 2523 1946 2598">
    <p class='ocr_par' dir='ltr' id='par_1_34' title="bbox 368 2523 1946 2598">
     <span class='ocr_line' id='line_1_34' title="bbox 368 2523 1946 2598; baseline 0.011 -24"><span class='ocrx_word' id='word_1_204' title='bbox 368 2523 473 2575; x_wconf 86' lang='lat' dir='ltr'><strong>Deo</strong></span> <span class='ocrx_word' id='word_1_205' title='bbox 491 2540 681 2593; x_wconf 84' lang='lat' dir='ltr'><strong>preces</strong></span> <span class='ocrx_word' id='word_1_206' title='bbox 702 2525 915 2584; x_wconf 67' lang='lat' dir='ltr'><strong>oll‘crre.</strong></span> <span class='ocrx_word' id='word_1_207' title='bbox 945 2528 1061 2597; x_wconf 87' lang='lat' dir='ltr'><strong>Quo</strong></span> <span class='ocrx_word' id='word_1_208' title='bbox 1091 2529 1251 2598; x_wconf 80' lang='lat' dir='ltr'><strong>facto,</strong></span> <span class='ocrx_word' id='word_1_209' title='bbox 1280 2533 1564 2590; x_wconf 80' lang='lat' dir='ltr'><strong>confestim</strong></span> <span class='ocrx_word' id='word_1_210' title='bbox 1588 2535 1845 2591; x_wconf 89' lang='lat' dir='ltr'><strong>divinitus</strong></span> <span class='ocrx_word' id='word_1_211' title='bbox 1865 2536 1946 2591; x_wconf 91' lang='lat' dir='ltr'><strong>lo-</strong></span> 
     </span>
    </p>
   </div>
   <div class='ocr_carea' id='block_1_35' title="bbox 364 2616 1950 2697">
    <p class='ocr_par' dir='ltr' id='par_1_35' title="bbox 364 2616 1950 2697">
     <span class='ocr_line' id='line_1_35' title="bbox 364 2616 1950 2697; baseline 0.012 -31"><span class='ocrx_word' id='word_1_212' title='bbox 364 2630 460 2669; x_wconf 65' lang='lat' dir='ltr'><strong>cus</strong></span> <span class='ocrx_word' id='word_1_213' title='bbox 485 2616 570 2670; x_wconf 90' lang='lat' dir='ltr'><strong>ille</strong></span> <span class='ocrx_word' id='word_1_214' title='bbox 596 2619 849 2690; x_wconf 80' lang='lat' dir='ltr'><strong>episcOpo</strong></span> <span class='ocrx_word' id='word_1_215' title='bbox 876 2623 1144 2679; x_wconf 82' lang='lat' dir='ltr'><strong>revelatus</strong></span> <span class='ocrx_word' id='word_1_216' title='bbox 1158 2636 1263 2688; x_wconf 87' lang='lat' dir='ltr'><strong>est,</strong></span> <span class='ocrx_word' id='word_1_217' title='bbox 1286 2624 1339 2680; x_wconf 94' lang='lat' dir='ltr'><strong>in</strong></span> <span class='ocrx_word' id='word_1_218' title='bbox 1362 2642 1468 2696; x_wconf 92' lang='lat' dir='ltr'><strong>quo</strong></span> <span class='ocrx_word' id='word_1_219' title='bbox 1486 2628 1756 2697; x_wconf 88' lang='lat' dir='ltr'><strong>proposita</strong></span> <span class='ocrx_word' id='word_1_220' title='bbox 1791 2641 1950 2685; x_wconf 86' lang='lat' dir='ltr'><strong>erant</strong></span> 
     </span>
    </p>
   </div>
   <div class='ocr_carea' id='block_1_36' title="bbox 365 2706 1640 2791">
    <p class='ocr_par' dir='ltr' id='par_1_36' title="bbox 365 2706 1640 2791">
     <span class='ocr_line' id='line_1_36' title="bbox 365 2706 1640 2791; baseline 0.015 -32"><span class='ocrx_word' id='word_1_221' title='bbox 365 2706 716 2776; x_wconf 80' lang='lat' dir='ltr'><strong>impurissimi</strong></span> <span class='ocrx_word' id='word_1_222' title='bbox 771 2712 1031 2771; x_wconf 68' lang='lat' dir='ltr'><strong>daemonis</strong></span> <span class='ocrx_word' id='word_1_223' title='bbox 1054 2714 1308 2787; x_wconf 89' lang='lat' dir='ltr'><strong>templum</strong></span> <span class='ocrx_word' id='word_1_224' title='bbox 1336 2727 1390 2773; x_wconf 92' lang='lat' dir='ltr'><strong>et</strong></span> <span class='ocrx_word' id='word_1_225' title='bbox 1417 2717 1640 2791; x_wconf 70' lang='lat' dir='ltr'><strong>efﬁgies.</strong></span> 
     </span>
    </p>
   </div>
   <div class='ocr_carea' id='block_1_37' title="bbox 442 2886 1945 2969">
    <p class='ocr_par' dir='ltr' id='par_1_37' title="bbox 442 2886 1945 2969">
     <span class='ocr_line' id='line_1_37' title="bbox 442 2886 1945 2969; baseline 0.012 -28"><span class='ocrx_word' id='word_1_226' title='bbox 442 2886 595 2945; x_wconf 87' lang='lat' dir='ltr'><strong>Tunc</strong></span> <span class='ocrx_word' id='word_1_227' title='bbox 651 2891 985 2961; x_wconf 81' lang='lat' dir='ltr'><strong>imperatrix,</strong></span> <span class='ocrx_word' id='word_1_228' title='bbox 1029 2895 1373 2967; x_wconf 89' lang='lat' dir='ltr'><strong>imperatoria</strong></span> <span class='ocrx_word' id='word_1_229' title='bbox 1408 2908 1567 2957; x_wconf 82' lang='lat' dir='ltr'><strong>utens</strong></span> <span class='ocrx_word' id='word_1_230' title='bbox 1603 2900 1945 2969; x_wconf 80' lang='lat' dir='ltr'><strong>auctoritate,</strong></span> 
     </span>
    </p>
   </div>
   <div class='ocr_carea' id='block_1_38' title="bbox 364 2988 1949 3061">
    <p class='ocr_par' dir='ltr' id='par_1_38' title="bbox 364 2988 1949 3061">
     <span class='ocr_line' id='line_1_38' title="bbox 364 2988 1949 3061; baseline 0.01 -27"><span class='ocrx_word' id='word_1_231' title='bbox 364 2995 558 3052; x_wconf 82' lang='lat' dir='ltr'><strong>magno</strong></span> <span class='ocrx_word' id='word_1_232' title='bbox 601 2999 826 3039; x_wconf 90' lang='lat' dir='ltr'><strong>numero</strong></span> <span class='ocrx_word' id='word_1_233' title='bbox 860 2988 1111 3055; x_wconf 83' lang='lat' dir='ltr'><strong>opiﬁcum</strong></span> <span class='ocrx_word' id='word_1_234' title='bbox 1154 2999 1207 3044; x_wconf 87' lang='lat' dir='ltr'><strong>et</strong></span> <span class='ocrx_word' id='word_1_235' title='bbox 1243 2994 1612 3061; x_wconf 88' lang='lat' dir='ltr'><strong>operariorum</strong></span> <span class='ocrx_word' id='word_1_236' title='bbox 1649 3009 1716 3049; x_wconf 83' lang='lat' dir='ltr'><strong>ex</strong></span> <span class='ocrx_word' id='word_1_237' title='bbox 1759 2996 1949 3049; x_wconf 79' lang='lat' dir='ltr'><strong>funda-</strong></span> 
     </span>
    </p>
   </div>
   <div class='ocr_carea' id='block_1_39' title="bbox 366 3075 1947 3155">
    <p class='ocr_par' dir='ltr' id='par_1_39' title="bbox 366 3075 1947 3155">
     <span class='ocr_line' id='line_1_39' title="bbox 366 3075 1947 3155; baseline 0.007 -27"><span class='ocrx_word' id='word_1_238' title='bbox 366 3075 560 3131; x_wconf 75' lang='lat' dir='ltr'><strong>mentis</strong></span> <span class='ocrx_word' id='word_1_239' title='bbox 620 3076 881 3134; x_wconf 59' lang='lat' dir='ltr'><strong>daemonis</strong></span> <span class='ocrx_word' id='word_1_240' title='bbox 948 3079 1101 3135; x_wconf 86' lang='lat' dir='ltr'><strong>istius</strong></span> <span class='ocrx_word' id='word_1_241' title='bbox 1150 3084 1403 3149; x_wconf 88' lang='lat' dir='ltr'><strong>templum</strong></span> <span class='ocrx_word' id='word_1_242' title='bbox 1465 3085 1701 3140; x_wconf 86' lang='lat' dir='ltr'><strong>subverti</strong></span> <span class='ocrx_word' id='word_1_243' title='bbox 1751 3086 1947 3155; x_wconf 83' lang='lat' dir='ltr'><strong>jussit,</strong></span> 
     </span>
    </p>
   </div>
   <div class='ocr_carea' id='block_1_40' title="bbox 364 3165 1948 3244">
    <p class='ocr_par' dir='ltr' id='par_1_40' title="bbox 364 3165 1948 3244">
     <span class='ocr_line' id='line_1_40' title="bbox 364 3165 1948 3244; baseline 0.009 -28"><span class='ocrx_word' id='word_1_244' title='bbox 364 3168 509 3230; x_wconf 81' lang='lat' dir='ltr'><strong>quod</strong></span> <span class='ocrx_word' id='word_1_245' title='bbox 548 3165 709 3221; x_wconf 92' lang='lat' dir='ltr'><strong>simul</strong></span> <span class='ocrx_word' id='word_1_246' title='bbox 752 3178 915 3237; x_wconf 87' lang='lat' dir='ltr'><strong>atque</strong></span> <span class='ocrx_word' id='word_1_247' title='bbox 952 3169 1208 3225; x_wconf 74' lang='lat' dir='ltr'><strong>effectura</strong></span> <span class='ocrx_word' id='word_1_248' title='bbox 1263 3183 1382 3240; x_wconf 81' lang='lat' dir='ltr'><strong>est,</strong></span> <span class='ocrx_word' id='word_1_249' title='bbox 1424 3168 1674 3244; x_wconf 76' lang='lat' dir='ltr'><strong>apparuit</strong></span> <span class='ocrx_word' id='word_1_250' title='bbox 1709 3175 1948 3231; x_wconf 89' lang='lat' dir='ltr'><strong>divinum</strong></span> 
     </span>
    </p>
   </div>
   <div class='ocr_carea' id='block_1_41' title="bbox 366 3262 1957 3335">
    <p class='ocr_par' dir='ltr' id='par_1_41' title="bbox 366 3262 1957 3335">
     <span class='ocr_line' id='line_1_41' title="bbox 366 3262 1957 3335; baseline 0.008 -26"><span class='ocrx_word' id='word_1_251' title='bbox 366 3270 771 3316; x_wconf 84' lang='lat' dir='ltr'><strong>monumentum</strong></span> <span class='ocrx_word' id='word_1_252' title='bbox 791 3301 807 3327; x_wconf 95' lang='lat'><strong>,</strong></span> <span class='ocrx_word' id='word_1_253' title='bbox 833 3270 887 3317; x_wconf 90' lang='lat' dir='ltr'><strong>et</strong></span> <span class='ocrx_word' id='word_1_254' title='bbox 912 3262 1060 3319; x_wconf 89' lang='lat' dir='ltr'><strong>locus</strong></span> <span class='ocrx_word' id='word_1_255' title='bbox 1089 3262 1377 3331; x_wconf 65' lang='lat' dir='ltr'><strong>Calvariaz,</strong></span> <span class='ocrx_word' id='word_1_256' title='bbox 1422 3275 1476 3320; x_wconf 91' lang='lat' dir='ltr'><strong>et</strong></span> <span class='ocrx_word' id='word_1_257' title='bbox 1502 3281 1610 3322; x_wconf 90' lang='lat' dir='ltr'><strong>non</strong></span> <span class='ocrx_word' id='word_1_258' title='bbox 1633 3266 1815 3335; x_wconf 83' lang='lat' dir='ltr'><strong>procul</strong></span> <span class='ocrx_word' id='word_1_259' title='bbox 1833 3267 1957 3323; x_wconf 90' lang='lat' dir='ltr'><strong>inde</strong></span> 
     </span>
    </p>
   </div>
   <div class='ocr_carea' id='block_1_42' title="bbox 366 3354 1951 3430">
    <p class='ocr_par' dir='ltr' id='par_1_42' title="bbox 366 3354 1951 3430">
     <span class='ocr_line' id='line_1_42' title="bbox 366 3354 1951 3430; baseline 0.004 -22"><span class='ocrx_word' id='word_1_260' title='bbox 366 3365 477 3409; x_wconf 76' lang='lat' dir='ltr'><strong>tres</strong></span> <span class='ocrx_word' id='word_1_261' title='bbox 516 3369 707 3410; x_wconf 87' lang='lat' dir='ltr'><strong>cruces</strong></span> <span class='ocrx_word' id='word_1_262' title='bbox 744 3354 994 3412; x_wconf 73' lang='lat' dir='ltr'><strong>defossze.</strong></span> <span class='ocrx_word' id='word_1_263' title='bbox 1047 3356 1362 3429; x_wconf 83' lang='lat' dir='ltr'><strong>Diligentius</strong></span> <span class='ocrx_word' id='word_1_264' title='bbox 1403 3358 1565 3415; x_wconf 88' lang='lat' dir='ltr'><strong>etiam</strong></span> <span class='ocrx_word' id='word_1_265' title='bbox 1632 3360 1951 3430; x_wconf 77' lang='lat' dir='ltr'><strong>investigan-</strong></span> 
     </span>
    </p>
   </div>
   <div class='ocr_carea' id='block_1_43' title="bbox 369 3447 1132 3509">
    <p class='ocr_par' dir='ltr' id='par_1_43' title="bbox 369 3447 1132 3509">
     <span class='ocr_line' id='line_1_43' title="bbox 369 3447 1132 3509; baseline 0.005 -10"><span class='ocrx_word' id='word_1_266' title='bbox 369 3457 469 3509; x_wconf 88' lang='lat' dir='ltr'><strong>tes,</strong></span> <span class='ocrx_word' id='word_1_267' title='bbox 497 3447 821 3503; x_wconf 81' lang='lat' dir='ltr'><strong>invenerunt</strong></span> <span class='ocrx_word' id='word_1_268' title='bbox 848 3458 903 3503; x_wconf 92' lang='lat' dir='ltr'><strong>ct</strong></span> <span class='ocrx_word' id='word_1_269' title='bbox 931 3449 1132 3505; x_wconf 87' lang='lat' dir='ltr'><strong>clavos.</strong></span> 
     </span>
    </p>
   </div>
   <div class='ocr_carea' id='block_1_44' title="bbox 418 3621 1950 3698">
    <p class='ocr_par' dir='ltr' id='par_1_44' title="bbox 418 3621 1950 3698">
     <span class='ocr_line' id='line_1_44' title="bbox 418 3621 1950 3698; baseline 0.002 -20"><span class='ocrx_word' id='word_1_270' title='bbox 418 3621 516 3682; x_wconf 87' lang='lat' dir='ltr'><strong>llic</strong></span> <span class='ocrx_word' id='word_1_271' title='bbox 534 3625 780 3695; x_wconf 63' lang='lat' dir='ltr'><strong>verogalia</strong></span> <span class='ocrx_word' id='word_1_272' title='bbox 809 3626 1203 3698; x_wconf 81' lang='lat' dir='ltr'><strong>impcratricem</strong></span> <span class='ocrx_word' id='word_1_273' title='bbox 1228 3642 1358 3684; x_wconf 85' lang='lat' dir='ltr'><strong>cura</strong></span> <span class='ocrx_word' id='word_1_274' title='bbox 1381 3627 1575 3682; x_wconf 88' lang='lat' dir='ltr'><strong>invasit</strong></span> <span class='ocrx_word' id='word_1_275' title='bbox 1595 3627 1950 3698; x_wconf 89' lang='lat' dir='ltr'><strong>inquirentem</strong></span> 
     </span>
    </p>
   </div>
   <div class='ocr_carea' id='block_1_45' title="bbox 372 3715 1951 3785">
    <p class='ocr_par' dir='ltr' id='par_1_45' title="bbox 372 3715 1951 3785">
     <span class='ocr_line' id='line_1_45' title="bbox 372 3715 1951 3785; baseline 0.003 -21"><span class='ocrx_word' id='word_1_276' title='bbox 372 3728 618 3781; x_wconf 61' lang='lat' dir='ltr'><strong>quanam</strong></span> <span class='ocrx_word' id='word_1_277' title='bbox 658 3716 725 3771; x_wconf 88' lang='lat' dir='ltr'><strong>de</strong></span> <span class='ocrx_word' id='word_1_278' title='bbox 757 3715 929 3770; x_wconf 89' lang='lat' dir='ltr'><strong>tribus</strong></span> <span class='ocrx_word' id='word_1_279' title='bbox 957 3731 1084 3771; x_wconf 91' lang='lat' dir='ltr'><strong>vere</strong></span> <span class='ocrx_word' id='word_1_280' title='bbox 1115 3716 1396 3771; x_wconf 90' lang='lat' dir='ltr'><strong>Dominica</strong></span> <span class='ocrx_word' id='word_1_281' title='bbox 1421 3732 1550 3772; x_wconf 79' lang='lat' dir='ltr'><strong>crux</strong></span> <span class='ocrx_word' id='word_1_282' title='bbox 1577 3728 1721 3772; x_wconf 87' lang='lat' dir='ltr'><strong>esset</strong></span> <span class='ocrx_word' id='word_1_283' title='bbox 1745 3735 1760 3785; x_wconf 90' lang='lat'><strong>;</strong></span> <span class='ocrx_word' id='word_1_284' title='bbox 1789 3730 1951 3784; x_wconf 85' lang='lat' dir='ltr'><strong>quam</strong></span> 
     </span>
    </p>
   </div>
   <div class='ocr_carea' id='block_1_46' title="bbox 366 3807 1953 3878">
    <p class='ocr_par' dir='ltr' id='par_1_46' title="bbox 366 3807 1953 3878">
     <span class='ocr_line' id='line_1_46' title="bbox 366 3807 1953 3878; baseline 0.001 -16"><span class='ocrx_word' id='word_1_285' title='bbox 366 3807 755 3863; x_wconf 86' lang='lat' dir='ltr'><strong>dubitationem</strong></span> <span class='ocrx_word' id='word_1_286' title='bbox 778 3809 1064 3878; x_wconf 88' lang='lat' dir='ltr'><strong>episcopus</strong></span> <span class='ocrx_word' id='word_1_287' title='bbox 1082 3823 1175 3878; x_wconf 86' lang='lat' dir='ltr'><strong>per</strong></span> <span class='ocrx_word' id='word_1_288' title='bbox 1190 3808 1348 3864; x_wconf 81' lang='lat' dir='ltr'><strong>ﬁdem</strong></span> <span class='ocrx_word' id='word_1_289' title='bbox 1364 3808 1627 3865; x_wconf 90' lang='lat' dir='ltr'><strong>dissolvit.</strong></span> <span class='ocrx_word' id='word_1_290' title='bbox 1649 3808 1782 3865; x_wconf 87' lang='lat' dir='ltr'><strong>Cum</strong></span> <span class='ocrx_word' id='word_1_291' title='bbox 1801 3822 1953 3878; x_wconf 71' lang='lat' dir='ltr'><strong>qua:-</strong></span> 
     </span>
    </p>
   </div>
   <div class='ocr_carea' id='block_1_47' title="bbox 366 3898 1950 3969">
    <p class='ocr_par' dir='ltr' id='par_1_47' title="bbox 366 3898 1950 3969">
     <span class='ocr_line' id='line_1_47' title="bbox 366 3898 1950 3969; baseline 0.001 -16"><span class='ocrx_word' id='word_1_292' title='bbox 366 3899 489 3954; x_wconf 90' lang='lat' dir='ltr'><strong>dam</strong></span> <span class='ocrx_word' id='word_1_293' title='bbox 522 3898 747 3965; x_wconf 86' lang='lat' dir='ltr'><strong>mulier,</strong></span> <span class='ocrx_word' id='word_1_294' title='bbox 783 3900 992 3955; x_wconf 85' lang='lat' dir='ltr'><strong>cuttctis</strong></span> <span class='ocrx_word' id='word_1_295' title='bbox 1031 3909 1153 3954; x_wconf 85' lang='lat' dir='ltr'><strong>nota</strong></span> <span class='ocrx_word' id='word_1_296' title='bbox 1180 3940 1195 3963; x_wconf 91' lang='lat'><strong>,</strong></span> <span class='ocrx_word' id='word_1_297' title='bbox 1259 3908 1315 3955; x_wconf 90' lang='lat' dir='ltr'><strong>et</strong></span> <span class='ocrx_word' id='word_1_298' title='bbox 1345 3900 1413 3955; x_wconf 88' lang='lat' dir='ltr'><strong>ab</strong></span> <span class='ocrx_word' id='word_1_299' title='bbox 1438 3899 1692 3956; x_wconf 89' lang='lat' dir='ltr'><strong>omnibus</strong></span> <span class='ocrx_word' id='word_1_300' title='bbox 1712 3898 1824 3969; x_wconf 88' lang='lat' dir='ltr'><strong>jam</strong></span> <span class='ocrx_word' id='word_1_301' title='bbox 1857 3901 1950 3955; x_wconf 87' lang='lat' dir='ltr'><strong>de—</strong></span> 
     </span>
    </p>
   </div>
   <div class='ocr_carea' id='block_1_48' title="bbox 368 3990 1950 4063">
    <p class='ocr_par' dir='ltr' id='par_1_48' title="bbox 368 3990 1950 4063">
     <span class='ocr_line' id='line_1_48' title="bbox 368 3990 1950 4063; baseline 0.002 -19"><span class='ocrx_word' id='word_1_302' title='bbox 368 4000 619 4061; x_wconf 74' lang='lat' dir='ltr'><strong>sperata,</strong></span> <span class='ocrx_word' id='word_1_303' title='bbox 655 3993 816 4046; x_wconf 82' lang='lat' dir='ltr'><strong>etiam</strong></span> <span class='ocrx_word' id='word_1_304' title='bbox 871 3990 984 4047; x_wconf 80' lang='lat' dir='ltr'><strong>fere</strong></span> <span class='ocrx_word' id='word_1_305' title='bbox 1032 3993 1281 4063; x_wconf 87' lang='lat' dir='ltr'><strong>spiritum</strong></span> <span class='ocrx_word' id='word_1_306' title='bbox 1330 3992 1639 4060; x_wconf 81' lang='lat' dir='ltr'><strong>exhalaret,</strong></span> <span class='ocrx_word' id='word_1_307' title='bbox 1673 3991 1950 4063; x_wconf 78' lang='lat' dir='ltr'><strong>produCtis</strong></span> 
     </span>
    </p>
   </div>
   <div class='ocr_carea' id='block_1_49' title="bbox 366 4084 1947 4155">
    <p class='ocr_par' dir='ltr' id='par_1_49' title="bbox 366 4084 1947 4155">
     <span class='ocr_line' id='line_1_49' title="bbox 366 4084 1947 4155; baseline 0.002 -20"><span class='ocrx_word' id='word_1_308' title='bbox 366 4084 578 4138; x_wconf 89' lang='lat' dir='ltr'><strong>duabus</strong></span> <span class='ocrx_word' id='word_1_309' title='bbox 601 4084 853 4139; x_wconf 79' lang='lat' dir='ltr'><strong>crucibus</strong></span> <span class='ocrx_word' id='word_1_310' title='bbox 879 4125 893 4149; x_wconf 92' lang='lat'><strong>,</strong></span> <span class='ocrx_word' id='word_1_311' title='bbox 923 4097 1041 4138; x_wconf 86' lang='lat' dir='ltr'><strong>eam</strong></span> <span class='ocrx_word' id='word_1_312' title='bbox 1062 4123 1080 4148; x_wconf 88' lang='lat'><strong>,</strong></span> <span class='ocrx_word' id='word_1_313' title='bbox 1115 4099 1235 4153; x_wconf 63' lang='lat' dir='ltr'><strong>quae</strong></span> <span class='ocrx_word' id='word_1_314' title='bbox 1271 4085 1649 4155; x_wconf 66' lang='lat' dir='ltr'><strong>quaerebatur,</strong></span> <span class='ocrx_word' id='word_1_315' title='bbox 1701 4084 1905 4139; x_wconf 89' lang='lat' dir='ltr'><strong>invenit</strong></span> <span class='ocrx_word' id='word_1_316' title='bbox 1932 4103 1947 4152; x_wconf 90' lang='lat'><strong>;</strong></span> 
     </span>
    </p>
   </div>
   <div class='ocr_carea' id='block_1_50' title="bbox 370 4176 1951 4250">
    <p class='ocr_par' dir='ltr' id='par_1_50' title="bbox 370 4176 1951 4250">
     <span class='ocr_line' id='line_1_50' title="bbox 370 4176 1951 4250; baseline 0.001 -19"><span class='ocrx_word' id='word_1_317' title='bbox 370 4178 532 4233; x_wconf 88' lang='lat' dir='ltr'><strong>simul</strong></span> <span class='ocrx_word' id='word_1_318' title='bbox 557 4187 718 4250; x_wconf 89' lang='lat' dir='ltr'><strong>atque</strong></span> <span class='ocrx_word' id='word_1_319' title='bbox 745 4180 886 4235; x_wconf 90' lang='lat' dir='ltr'><strong>enim</strong></span> <span class='ocrx_word' id='word_1_320' title='bbox 920 4176 1031 4234; x_wconf 78' lang='lat' dir='ltr'><strong>Sola</strong></span> <span class='ocrx_word' id='word_1_321' title='bbox 1064 4178 1358 4235; x_wconf 66' lang='lat' dir='ltr'><strong>Dominica:</strong></span> <span class='ocrx_word' id='word_1_322' title='bbox 1374 4179 1552 4234; x_wconf 84' lang='lat' dir='ltr'><strong>crucis</strong></span> <span class='ocrx_word' id='word_1_323' title='bbox 1567 4178 1754 4233; x_wconf 86' lang='lat' dir='ltr'><strong>umbra</strong></span> <span class='ocrx_word' id='word_1_324' title='bbox 1781 4193 1951 4249; x_wconf 77' lang='lat' dir='ltr'><strong>:cgro-</strong></span> 
     </span>
    </p>
   </div>
   <div class='ocr_carea' id='block_1_51' title="bbox 371 4271 1947 4345">
    <p class='ocr_par' dir='ltr' id='par_1_51' title="bbox 371 4271 1947 4345">
     <span class='ocr_line' id='line_1_51' title="bbox 371 4271 1947 4345; baseline 0.001 -20"><span class='ocrx_word' id='word_1_325' title='bbox 371 4280 481 4325; x_wconf 89' lang='lat' dir='ltr'><strong>tam</strong></span> <span class='ocrx_word' id='word_1_326' title='bbox 524 4272 722 4344; x_wconf 84' lang='lat' dir='ltr'><strong>attigit,</strong></span> <span class='ocrx_word' id='word_1_327' title='bbox 760 4273 1005 4345; x_wconf 88' lang='lat' dir='ltr'><strong>protinus</strong></span> <span class='ocrx_word' id='word_1_328' title='bbox 1048 4271 1229 4329; x_wconf 89' lang='lat' dir='ltr'><strong>divina</strong></span> <span class='ocrx_word' id='word_1_329' title='bbox 1252 4272 1712 4329; x_wconf 24' lang='lat' dir='ltr'><strong>virtute‘exsiliens</strong></span> <span class='ocrx_word' id='word_1_330' title='bbox 1755 4287 1947 4345; x_wconf 84' lang='lat' dir='ltr'><strong>magna</strong></span> 
     </span>
    </p>
   </div>
   <div class='ocr_carea' id='block_1_52' title="bbox 360 4364 1069 4438">
    <p class='ocr_par' dir='ltr' id='par_1_52' title="bbox 360 4364 1069 4438">
     <span class='ocr_line' id='line_1_52' title="bbox 360 4364 1069 4438; baseline 0.001 -19"><span class='ocrx_word' id='word_1_331' title='bbox 360 4364 541 4421; x_wconf 85' lang='lat' dir='ltr'><strong>Deum</strong></span> <span class='ocrx_word' id='word_1_332' title='bbox 568 4381 699 4421; x_wconf 91' lang='lat' dir='ltr'><strong>voce</strong></span> <span class='ocrx_word' id='word_1_333' title='bbox 728 4365 1069 4438; x_wconf 74' lang='lat' dir='ltr'><strong>gloriﬁcavit.</strong></span> 
     </span>
    </p>
   </div>
   <div class='ocr_carea' id='block_1_53' title="bbox 422 4548 1948 4621">
    <p class='ocr_par' dir='ltr' id='par_1_53' title="bbox 422 4548 1948 4621">
     <span class='ocr_line' id='line_1_53' title="bbox 422 4548 1948 4621; baseline -0.001 -16"><span class='ocrx_word' id='word_1_334' title='bbox 422 4550 759 4619; x_wconf 80' lang='lat' dir='ltr'><strong>&#39;lmperatrix</strong></span> <span class='ocrx_word' id='word_1_335' title='bbox 790 4564 944 4616; x_wconf 79' lang='lat' dir='ltr'><strong>vero,</strong></span> <span class='ocrx_word' id='word_1_336' title='bbox 986 4548 1222 4603; x_wconf 73' lang='lat' dir='ltr'><strong>maximo</strong></span> <span class='ocrx_word' id='word_1_337' title='bbox 1250 4563 1382 4604; x_wconf 85' lang='lat' dir='ltr'><strong>cum</strong></span> <span class='ocrx_word' id='word_1_338' title='bbox 1412 4548 1869 4621; x_wconf 83' lang='lat' dir='ltr'><strong>gaudio,_pariter</strong></span> <span class='ocrx_word' id='word_1_339' title='bbox 1896 4556 1948 4603; x_wconf 92' lang='lat' dir='ltr'><strong>et</strong></span> 
     </span>
    </p>
   </div>
   <div class='ocr_carea' id='block_1_54' title="bbox 1977 3124 2019 3183">
    <p class='ocr_par' dir='ltr' id='par_1_54' title="bbox 1977 3124 2019 3183">
     <span class='ocr_line' id='line_1_54' title="bbox 1977 3124 2019 3183; baseline 0 -2"><span class='ocrx_word' id='word_1_340' title='bbox 1977 3124 2019 3183; x_wconf 89' lang='lat' dir='ltr'><strong>C</strong></span> 
     </span>
    </p>
   </div>
   <div class='ocr_carea' id='block_1_55' title="bbox 2061 1058 3643 1133">
    <p class='ocr_par' dir='ltr' id='par_1_55' title="bbox 2061 1058 3643 1133">
     <span class='ocr_line' id='line_1_55' title="bbox 2061 1058 3643 1133; baseline 0.004 -22"><span class='ocrx_word' id='word_1_341' title='bbox 2061 1058 2294 1129; x_wconf 87' lang='grc' dir='ltr'>σόλυμα,</span> <span class='ocrx_word' id='word_1_342' title='bbox 2331 1058 2469 1130; x_wconf 86' lang='grc' dir='ltr'><strong>μετά</strong></span> <span class='ocrx_word' id='word_1_343' title='bbox 2518 1059 2866 1131; x_wconf 80' lang='grc' dir='ltr'><strong>γραμμάτων</strong></span> <span class='ocrx_word' id='word_1_344' title='bbox 2899 1061 2994 1114; x_wconf 75' lang='grc' dir='ltr'><strong>καὶ</strong></span> <span class='ocrx_word' id='word_1_345' title='bbox 3019 1062 3318 1133; x_wconf 85' lang='grc' dir='ltr'>χρημάτων</span> <span class='ocrx_word' id='word_1_346' title='bbox 3359 1063 3643 1132; x_wconf 79' lang='grc' dir='ltr'><strong>ἀφθονίας,</strong></span> 
     </span>
    </p>
   </div>
   <div class='ocr_carea' id='block_1_56' title="bbox 2060 1151 3646 1223">
    <p class='ocr_par' dir='ltr' id='par_1_56' title="bbox 2060 1151 3646 1223">
     <span class='ocr_line' id='line_1_56' title="bbox 2060 1151 3646 1223; baseline 0.004 -20"><span class='ocrx_word' id='word_1_347' title='bbox 2060 1152 2198 1221; x_wconf 80' lang='grc' dir='ltr'>πρὸς</span> <span class='ocrx_word' id='word_1_348' title='bbox 2230 1151 2321 1204; x_wconf 79' lang='grc' dir='ltr'><strong>τὸν</strong></span> <span class='ocrx_word' id='word_1_349' title='bbox 2354 1151 2679 1223; x_wconf 81' lang='grc' dir='ltr'><strong>φερώνυμον</strong></span> <span class='ocrx_word' id='word_1_350' title='bbox 2703 1151 2986 1220; x_wconf 80' lang='grc' dir='ltr'><strong>Μακάρων</strong></span> <span class='ocrx_word' id='word_1_351' title='bbox 3005 1152 3106 1223; x_wconf 83' lang='grc' dir='ltr'>τῆς</span> <span class='ocrx_word' id='word_1_352' title='bbox 3128 1153 3319 1218; x_wconf 78' lang='grc' dir='ltr'>Αἰλίας</span> <span class='ocrx_word' id='word_1_353' title='bbox 3347 1155 3646 1211; x_wconf 78' lang='grc' dir='ltr'>ἐπίσκοπον</span> 
     </span>
    </p>
   </div>
   <div class='ocr_carea' id='block_1_57' title="bbox 2060 1241 3645 1313">
    <p class='ocr_par' dir='ltr' id='par_1_57' title="bbox 2060 1241 3645 1313">
     <span class='ocr_line' id='line_1_57' title="bbox 2060 1241 3645 1313; baseline 0.003 -17"><span class='ocrx_word' id='word_1_354' title='bbox 2060 1243 2153 1296; x_wconf 83' lang='grc' dir='ltr'><strong>ἐπὶ</strong></span> <span class='ocrx_word' id='word_1_355' title='bbox 2209 1241 2541 1313; x_wconf 77' lang='grc' dir='ltr'>ἀναζητήοει</span> <span class='ocrx_word' id='word_1_356' title='bbox 2598 1242 2692 1297; x_wconf 84' lang='grc' dir='ltr'><strong>τοῦ</strong></span> <span class='ocrx_word' id='word_1_357' title='bbox 2744 1242 3015 1307; x_wconf 76' lang='grc' dir='ltr'>ζωοποιοῦ</span> <span class='ocrx_word' id='word_1_358' title='bbox 3062 1243 3223 1312; x_wconf 81' lang='grc' dir='ltr'>ξύλου</span> <span class='ocrx_word' id='word_1_359' title='bbox 3275 1245 3374 1299; x_wconf 89' lang='grc' dir='ltr'><strong>τοῦ</strong></span> <span class='ocrx_word' id='word_1_360' title='bbox 3427 1247 3645 1312; x_wconf 82' lang='grc' dir='ltr'>ἐνδόξου</span> 
     </span>
    </p>
   </div>
   <div class='ocr_carea' id='block_1_58' title="bbox 2060 1334 3649 1408">
    <p class='ocr_par' dir='ltr' id='par_1_58' title="bbox 2060 1334 3649 1408">
     <span class='ocr_line' id='line_1_58' title="bbox 2060 1334 3649 1408; baseline 0.004 -21"><span class='ocrx_word' id='word_1_361' title='bbox 2060 1334 2296 1405; x_wconf 82' lang='grc' dir='ltr'>σταυροῦ</span> <span class='ocrx_word' id='word_1_362' title='bbox 2325 1336 2418 1389; x_wconf 69' lang='grc' dir='ltr'><strong>καὶ</strong></span> <span class='ocrx_word' id='word_1_363' title='bbox 2445 1334 2701 1408; x_wconf 81' lang='grc' dir='ltr'>οἰκοδομῇ</span> <span class='ocrx_word' id='word_1_364' title='bbox 2728 1335 2837 1392; x_wconf 86' lang='grc' dir='ltr'><strong>τῶν</strong></span> <span class='ocrx_word' id='word_1_365' title='bbox 2861 1336 3032 1405; x_wconf 84' lang='grc' dir='ltr'>ἁγίων</span> <span class='ocrx_word' id='word_1_366' title='bbox 3047 1337 3230 1391; x_wconf 88' lang='grc' dir='ltr'>τόπων</span> <span class='ocrx_word' id='word_1_367' title='bbox 3248 1354 3263 1370; x_wconf 80' lang='grc' dir='ltr'><strong>ο</strong></span> <span class='ocrx_word' id='word_1_368' title='bbox 3291 1339 3460 1408; x_wconf 79' lang='grc' dir='ltr'>αὐτῆς</span> <span class='ocrx_word' id='word_1_369' title='bbox 3484 1338 3649 1393; x_wconf 87' lang='grc' dir='ltr'>τοῦτο</span> 
     </span>
    </p>
   </div>
   <div class='ocr_carea' id='block_1_59' title="bbox 2057 1428 3647 1499">
    <p class='ocr_par' dir='ltr' id='par_1_59' title="bbox 2057 1428 3647 1499">
     <span class='ocr_line' id='line_1_59' title="bbox 2057 1428 3647 1499; baseline 0.004 -20"><span class='ocrx_word' id='word_1_370' title='bbox 2057 1428 2362 1498; x_wconf 80' lang='grc' dir='ltr'>αίτησάσης</span> <span class='ocrx_word' id='word_1_371' title='bbox 2409 1428 2509 1497; x_wconf 81' lang='grc' dir='ltr'>τῆς</span> <span class='ocrx_word' id='word_1_372' title='bbox 2542 1428 2833 1498; x_wconf 72' lang='grc' dir='ltr'><strong>βασιλίδος,</strong></span> <span class='ocrx_word' id='word_1_373' title='bbox 2863 1429 3179 1499; x_wconf 83' lang='grc' dir='ltr'>φασκούσης</span> <span class='ocrx_word' id='word_1_374' title='bbox 3218 1430 3485 1484; x_wconf 81' lang='grc' dir='ltr'>ὀπτασίαν</span> <span class='ocrx_word' id='word_1_375' title='bbox 3517 1432 3647 1486; x_wconf 74' lang='grc' dir='ltr'>τινὰ</span> 
     </span>
    </p>
   </div>
   <div class='ocr_carea' id='block_1_60' title="bbox 2056 1516 3644 1589">
    <p class='ocr_par' dir='ltr' id='par_1_60' title="bbox 2056 1516 3644 1589">
     <span class='ocr_line' id='line_1_60' title="bbox 2056 1516 3644 1589; baseline 0.002 -20"><span class='ocrx_word' id='word_1_376' title='bbox 2056 1516 2208 1569; x_wconf 83' lang='grc' dir='ltr'>θείαν</span> <span class='ocrx_word' id='word_1_377' title='bbox 2258 1517 2561 1588; x_wconf 71' lang='grc' dir='ltr'>ἑωρακέναι</span> <span class='ocrx_word' id='word_1_378' title='bbox 2612 1517 2941 1573; x_wconf 79' lang='grc' dir='ltr'>κελεύουσαν</span> <span class='ocrx_word' id='word_1_379' title='bbox 2989 1519 3128 1589; x_wconf 80' lang='grc' dir='ltr'>αὐτῇ</span> <span class='ocrx_word' id='word_1_380' title='bbox 3176 1519 3244 1572; x_wconf 84' lang='grc' dir='ltr'>τὰ</span> <span class='ocrx_word' id='word_1_381' title='bbox 3291 1519 3644 1589; x_wconf 81' lang='grc' dir='ltr'>Ἱεροσόλυμα</span> 
     </span>
    </p>
   </div>
   <div class='ocr_carea' id='block_1_61' title="bbox 2055 1607 3643 1682">
    <p class='ocr_par' dir='ltr' id='par_1_61' title="bbox 2055 1607 3643 1682">
     <span class='ocr_line' id='line_1_61' title="bbox 2055 1607 3643 1682; baseline 0.003 -21"><span class='ocrx_word' id='word_1_382' title='bbox 2055 1607 2534 1675; x_wconf 68' lang='grc' dir='ltr'><strong>κα·.ταλα6ε”ι¹ν,-κα)Ι</strong></span> <span class='ocrx_word' id='word_1_383' title='bbox 2557 1612 2684 1676; x_wconf 83' lang='grc' dir='ltr'>τοὺς</span> <span class='ocrx_word' id='word_1_384' title='bbox 2715 1609 2902 1679; x_wconf 81' lang='grc' dir='ltr'>ἁγίους</span> <span class='ocrx_word' id='word_1_385' title='bbox 2926 1612 3124 1676; x_wconf 85' lang='grc' dir='ltr'>τόπους</span> <span class='ocrx_word' id='word_1_386' title='bbox 3156 1615 3237 1676; x_wconf 84' lang='grc' dir='ltr'>εἰς</span> <span class='ocrx_word' id='word_1_387' title='bbox 3264 1611 3381 1681; x_wconf 87' lang='grc' dir='ltr'><strong>φῶς</strong></span> <span class='ocrx_word' id='word_1_388' title='bbox 3410 1613 3643 1682; x_wconf 77' lang='grc' dir='ltr'>ἀγαγεῖν</span> 
     </span>
    </p>
   </div>
   <div class='ocr_carea' id='block_1_62' title="bbox 2055 1702 3644 1775">
    <p class='ocr_par' dir='ltr' id='par_1_62' title="bbox 2055 1702 3644 1775">
     <span class='ocr_line' id='line_1_62' title="bbox 2055 1702 3644 1775; baseline 0.002 -20"><span class='ocrx_word' id='word_1_389' title='bbox 2055 1702 2364 1771; x_wconf 85' lang='grc' dir='ltr'>χωσθέντας</span> <span class='ocrx_word' id='word_1_390' title='bbox 2409 1704 2515 1756; x_wconf 86' lang='grc' dir='ltr'><strong>ὑπὸ</strong></span> <span class='ocrx_word' id='word_1_391' title='bbox 2545 1703 2656 1756; x_wconf 89' lang='grc' dir='ltr'><strong>τῶν</strong></span> <span class='ocrx_word' id='word_1_392' title='bbox 2698 1703 2939 1775; x_wconf 87' lang='grc' dir='ltr'>ἀνέμων,</span> <span class='ocrx_word' id='word_1_393' title='bbox 2966 1706 3061 1759; x_wconf 78' lang='grc' dir='ltr'>καὶ</span> <span class='ocrx_word' id='word_1_394' title='bbox 3091 1705 3317 1775; x_wconf 79' lang='grc' dir='ltr'>ἀφανεῖς</span> <span class='ocrx_word' id='word_1_395' title='bbox 3347 1704 3644 1772; x_wconf 78' lang='grc' dir='ltr'>γεγονότας</span> 
     </span>
    </p>
   </div>
   <div class='ocr_carea' id='block_1_63' title="bbox 2050 1793 2738 1863">
    <p class='ocr_par' dir='ltr' id='par_1_63' title="bbox 2050 1793 2738 1863">
     <span class='ocr_line' id='line_1_63' title="bbox 2050 1793 2738 1863; baseline 0.001 -17"><span class='ocrx_word' id='word_1_396' title='bbox 2050 1793 2147 1847; x_wconf 79' lang='grc' dir='ltr'>ἐπὶ</span> <span class='ocrx_word' id='word_1_397' title='bbox 2178 1793 2465 1856; x_wconf 79' lang='grc' dir='ltr'>τοσούτους</span> <span class='ocrx_word' id='word_1_398' title='bbox 2492 1793 2738 1863; x_wconf 82' lang='grc' dir='ltr'>χρόνους.</span> 
     </span>
    </p>
   </div>
   <div class='ocr_carea' id='block_1_64' title="bbox 2124 1885 3636 1959">
    <p class='ocr_par' dir='ltr' id='par_1_64' title="bbox 2124 1885 3636 1959">
     <span class='ocr_line' id='line_1_64' title="bbox 2124 1885 3636 1959; baseline 0.001 -20"><span class='ocrx_word' id='word_1_399' title='bbox 2124 1885 2328 1939; x_wconf 85' lang='grc' dir='ltr'>Μαθὼν</span> <span class='ocrx_word' id='word_1_400' title='bbox 2364 1885 2428 1940; x_wconf 83' lang='grc' dir='ltr'><strong>δέ</strong></span> <span class='ocrx_word' id='word_1_401' title='bbox 2457 1887 2487 1938; x_wconf 85' lang='grc' dir='ltr'><strong>ό</strong></span> <span class='ocrx_word' id='word_1_402' title='bbox 2526 1887 2827 1950; x_wconf 71' lang='grc' dir='ltr'>ἐπίσκοπος</span> <span class='ocrx_word' id='word_1_403' title='bbox 2868 1888 3215 1959; x_wconf 80' lang='grc' dir='ltr'>ἀφικομένην</span> <span class='ocrx_word' id='word_1_404' title='bbox 3244 1888 3343 1955; x_wconf 82' lang='grc' dir='ltr'><strong>τὴν</strong></span> <span class='ocrx_word' id='word_1_405' title='bbox 3371 1887 3636 1959; x_wconf 84' lang='grc' dir='ltr'>βασιλίδα,</span> 
     </span>
    </p>
   </div>
   <div class='ocr_carea' id='block_1_65' title="bbox 2054 1978 3642 2051">
    <p class='ocr_par' dir='ltr' id='par_1_65' title="bbox 2054 1978 3642 2051">
     <span class='ocr_line' id='line_1_65' title="bbox 2054 1978 3642 2051; baseline 0.003 -20"><span class='ocrx_word' id='word_1_406' title='bbox 2054 1978 2375 2048; x_wconf 86' lang='grc' dir='ltr'>συναγαγὼν</span> <span class='ocrx_word' id='word_1_407' title='bbox 2390 1980 2513 2043; x_wconf 79' lang='grc' dir='ltr'>τοὺς</span> <span class='ocrx_word' id='word_1_408' title='bbox 2527 1981 2623 2050; x_wconf 82' lang='grc' dir='ltr'>τῆς</span> <span class='ocrx_word' id='word_1_409' title='bbox 2640 1980 2910 2051; x_wconf 89' lang='grc' dir='ltr'>ἐπαρχίας</span> <span class='ocrx_word' id='word_1_410' title='bbox 2922 1981 3273 2047; x_wconf 80' lang='grc' dir='ltr'>ἐπισκόπους,</span> <span class='ocrx_word' id='word_1_411' title='bbox 3285 1980 3426 2051; x_wconf 76' lang='grc' dir='ltr'><strong>μετά</strong></span> <span class='ocrx_word' id='word_1_412' title='bbox 3438 1981 3535 2051; x_wconf 81' lang='grc' dir='ltr'>τῆς</span> <span class='ocrx_word' id='word_1_413' title='bbox 3552 1982 3642 2034; x_wconf 85' lang='grc' dir='ltr'>δε-</span> 
     </span>
    </p>
   </div>
   <div class='ocr_carea' id='block_1_66' title="bbox 2050 2072 3638 2145">
    <p class='ocr_par' dir='ltr' id='par_1_66' title="bbox 2050 2072 3638 2145">
     <span class='ocr_line' id='line_1_66' title="bbox 2050 2072 3638 2145; baseline 0 -19"><span class='ocrx_word' id='word_1_414' title='bbox 2050 2072 2217 2145; x_wconf 90' lang='grc' dir='ltr'>ούσης</span> <span class='ocrx_word' id='word_1_415' title='bbox 2240 2074 2406 2143; x_wconf 82' lang='grc' dir='ltr'>τιμῆς</span> <span class='ocrx_word' id='word_1_416' title='bbox 2418 2074 2753 2145; x_wconf 76' lang='grc' dir='ltr'>ιάπήντησεν</span> <span class='ocrx_word' id='word_1_417' title='bbox 2773 2075 2934 2145; x_wconf 78' lang='grc' dir='ltr'>αὐτῇ.</span> <span class='ocrx_word' id='word_1_418' title='bbox 2956 2074 3171 2140; x_wconf 79' lang='grc' dir='ltr'>Εὐθέως</span> <span class='ocrx_word' id='word_1_419' title='bbox 3184 2075 3240 2128; x_wconf 89' lang='grc' dir='ltr'><strong>δέ</strong></span> <span class='ocrx_word' id='word_1_420' title='bbox 3259 2075 3638 2145; x_wconf 66' lang='grc' dir='ltr'>παρεκελευσε</span> 
     </span>
    </p>
   </div>
   <div class='ocr_carea' id='block_1_67' title="bbox 2036 2158 3638 2236">
    <p class='ocr_par' dir='ltr' id='par_1_67' title="bbox 2036 2158 3638 2236">
     <span class='ocr_line' id='line_1_67' title="bbox 2036 2158 3638 2236; baseline 0.001 -19"><span class='ocrx_word' id='word_1_421' title='bbox 2036 2165 2176 2227; x_wconf 75' lang='grc' dir='ltr'>-τοὺς</span> <span class='ocrx_word' id='word_1_422' title='bbox 2207 2158 2538 2229; x_wconf 79' lang='grc' dir='ltr'>ἐπισκόπους</span> <span class='ocrx_word' id='word_1_423' title='bbox 2568 2165 2667 2236; x_wconf 81' lang='grc' dir='ltr'>τὴν</span> <span class='ocrx_word' id='word_1_424' title='bbox 2706 2166 2934 2235; x_wconf 77' lang='grc' dir='ltr'>ζήτησιν</span> <span class='ocrx_word' id='word_1_425' title='bbox 2964 2164 3057 2219; x_wconf 86' lang='grc' dir='ltr'><strong>τοῦ</strong></span> <span class='ocrx_word' id='word_1_426' title='bbox 3096 2165 3434 2236; x_wconf 84' lang='grc' dir='ltr'>ποθουμένου</span> <span class='ocrx_word' id='word_1_427' title='bbox 3478 2165 3638 2233; x_wconf 80' lang='grc' dir='ltr'>ξύλου</span> 
     </span>
    </p>
   </div>
   <div class='ocr_carea' id='block_1_68' title="bbox 2052 2255 3640 2327">
    <p class='ocr_par' dir='ltr' id='par_1_68' title="bbox 2052 2255 3640 2327">
     <span class='ocr_line' id='line_1_68' title="bbox 2052 2255 3640 2327; baseline 0 -18"><span class='ocrx_word' id='word_1_428' title='bbox 2052 2257 2180 2327; x_wconf 68' lang='lat' dir='ltr'><strong>trod}</strong></span> <span class='ocrx_word' id='word_1_429' title='bbox 2188 2255 2402 2311; x_wconf 81' lang='grc' dir='ltr'>σασθαι.</span> <span class='ocrx_word' id='word_1_430' title='bbox 2420 2255 2798 2327; x_wconf 79' lang='grc' dir='ltr'>’Δπορούντων</span> <span class='ocrx_word' id='word_1_431' title='bbox 2809 2257 2866 2310; x_wconf 86' lang='grc' dir='ltr'><strong>δέ</strong></span> <span class='ocrx_word' id='word_1_432' title='bbox 2884 2256 3102 2311; x_wconf 86' lang='grc' dir='ltr'>πάντων</span> <span class='ocrx_word' id='word_1_433' title='bbox 3121 2257 3213 2311; x_wconf 80' lang='grc' dir='ltr'><strong>ἐπὶ</strong></span> <span class='ocrx_word' id='word_1_434' title='bbox 3223 2257 3319 2310; x_wconf 89' lang='grc' dir='ltr'><strong>τοῦ</strong></span> <span class='ocrx_word' id='word_1_435' title='bbox 3335 2258 3524 2320; x_wconf 85' lang='grc' dir='ltr'>τόπου,</span> <span class='ocrx_word' id='word_1_436' title='bbox 3540 2257 3640 2310; x_wconf 75' lang='grc' dir='ltr'>καὶ</span> 
     </span>
    </p>
   </div>
   <div class='ocr_carea' id='block_1_69' title="bbox 2052 2348 3641 2420">
    <p class='ocr_par' dir='ltr' id='par_1_69' title="bbox 2052 2348 3641 2420">
     <span class='ocr_line' id='line_1_69' title="bbox 2052 2348 3641 2420; baseline -0.003 -15"><span class='ocrx_word' id='word_1_437' title='bbox 2052 2348 2215 2405; x_wconf 79' lang='grc' dir='ltr'>ἄλλου</span> <span class='ocrx_word' id='word_1_438' title='bbox 2242 2348 2371 2404; x_wconf 78' lang='grc' dir='ltr'>ἄλλο</span> <span class='ocrx_word' id='word_1_439' title='bbox 2400 2349 2635 2418; x_wconf 75' lang='grc' dir='ltr'>ὑποψίας</span> <span class='ocrx_word' id='word_1_440' title='bbox 2664 2348 3048 2418; x_wconf 88' lang='grc' dir='ltr'>διηγουμένου,</span> <span class='ocrx_word' id='word_1_441' title='bbox 3075 2350 3104 2403; x_wconf 86' lang='grc' dir='ltr'>ὀ</span> <span class='ocrx_word' id='word_1_442' title='bbox 3141 2348 3244 2420; x_wconf 76' lang='grc' dir='ltr'>τῆς</span> <span class='ocrx_word' id='word_1_443' title='bbox 3272 2349 3478 2412; x_wconf 84' lang='grc' dir='ltr'>πόλεως</span> <span class='ocrx_word' id='word_1_444' title='bbox 3514 2349 3641 2401; x_wconf 85' lang='grc' dir='ltr'>ἐπί-</span> 
     </span>
    </p>
   </div>
   <div class='ocr_carea' id='block_1_70' title="bbox 2056 2436 3639 2509">
    <p class='ocr_par' dir='ltr' id='par_1_70' title="bbox 2056 2436 3639 2509">
     <span class='ocr_line' id='line_1_70' title="bbox 2056 2436 3639 2509; baseline 0 -19"><span class='ocrx_word' id='word_1_445' title='bbox 2056 2454 2258 2501; x_wconf 89' lang='grc' dir='ltr'>σκοπος</span> <span class='ocrx_word' id='word_1_446' title='bbox 2284 2437 2495 2500; x_wconf 86' lang='grc' dir='ltr'>πάντας</span> <span class='ocrx_word' id='word_1_447' title='bbox 2525 2437 2827 2509; x_wconf 83' lang='grc' dir='ltr'>παρεκάλει</span> <span class='ocrx_word' id='word_1_448' title='bbox 2870 2437 3102 2508; x_wconf 79' lang='grc' dir='ltr'>ἡσυχίαν</span> <span class='ocrx_word' id='word_1_449' title='bbox 3133 2436 3307 2506; x_wconf 78' lang='grc' dir='ltr'>ἄγειν,</span> <span class='ocrx_word' id='word_1_450' title='bbox 3343 2439 3438 2492; x_wconf 78' lang='grc' dir='ltr'><strong>καὶ</strong></span> <span class='ocrx_word' id='word_1_451' title='bbox 3469 2454 3639 2491; x_wconf 86' lang='grc' dir='ltr'>σπου-</span> 
     </span>
    </p>
   </div>
   <div class='ocr_carea' id='block_1_71' title="bbox 2052 2526 3633 2600">
    <p class='ocr_par' dir='ltr' id='par_1_71' title="bbox 2052 2526 3633 2600">
     <span class='ocr_line' id='line_1_71' title="bbox 2052 2526 3633 2600; baseline 0 -18"><span class='ocrx_word' id='word_1_452' title='bbox 2052 2528 2339 2600; x_wconf 87' lang='grc' dir='ltr'>δαιοτέραν</span> <span class='ocrx_word' id='word_1_453' title='bbox 2386 2527 2552 2599; x_wconf 79' lang='grc' dir='ltr'>εὐχὴν</span> <span class='ocrx_word' id='word_1_454' title='bbox 2585 2528 2725 2600; x_wconf 79' lang='grc' dir='ltr'>ὑπὲρ</span> <span class='ocrx_word' id='word_1_455' title='bbox 2768 2527 2960 2582; x_wconf 72' lang='grc' dir='ltr'>τούτου</span> <span class='ocrx_word' id='word_1_456' title='bbox 2992 2528 3068 2598; x_wconf 81' lang='grc' dir='ltr'>τῷ</span> <span class='ocrx_word' id='word_1_457' title='bbox 3111 2526 3232 2598; x_wconf 85' lang='grc' dir='ltr'><strong>Θεῷ</strong></span> <span class='ocrx_word' id='word_1_458' title='bbox 3280 2527 3633 2599; x_wconf 79' lang='grc' dir='ltr'>προσφέρειν.</span> 
     </span>
    </p>
   </div>
   <div class='ocr_carea' id='block_1_72' title="bbox 2053 2618 3638 2691">
    <p class='ocr_par' dir='ltr' id='par_1_72' title="bbox 2053 2618 3638 2691">
     <span class='ocr_line' id='line_1_72' title="bbox 2053 2618 3638 2691; baseline -0.003 -16"><span class='ocrx_word' id='word_1_459' title='bbox 2053 2621 2260 2676; x_wconf 83' lang='grc' dir='ltr'>Τούτου</span> <span class='ocrx_word' id='word_1_460' title='bbox 2290 2621 2346 2675; x_wconf 87' lang='grc' dir='ltr'><strong>δέ</strong></span> <span class='ocrx_word' id='word_1_461' title='bbox 2379 2621 2700 2691; x_wconf 82' lang='grc' dir='ltr'>γενομένου,</span> <span class='ocrx_word' id='word_1_462' title='bbox 2727 2621 2931 2684; x_wconf 86' lang='grc' dir='ltr'>εὐθέως</span> <span class='ocrx_word' id='word_1_463' title='bbox 2960 2620 3172 2691; x_wconf 79' lang='grc' dir='ltr'>ἐδείχθη</span> <span class='ocrx_word' id='word_1_464' title='bbox 3208 2619 3395 2674; x_wconf 86' lang='grc' dir='ltr'>θεόθεν</span> <span class='ocrx_word' id='word_1_465' title='bbox 3424 2618 3638 2682; x_wconf 79' lang='grc' dir='ltr'>ὁτόπες</span> 
     </span>
    </p>
   </div>
   <div class='ocr_carea' id='block_1_73' title="bbox 2052 2706 3635 2786">
    <p class='ocr_par' dir='ltr' id='par_1_73' title="bbox 2052 2706 3635 2786">
     <span class='ocr_line' id='line_1_73' title="bbox 2052 2706 3635 2786; baseline -0.003 -17"><span class='ocrx_word' id='word_1_466' title='bbox 2052 2714 2130 2786; x_wconf 82' lang='grc' dir='ltr'>τῷ</span> <span class='ocrx_word' id='word_1_467' title='bbox 2160 2715 2464 2786; x_wconf 59' lang='grc' dir='ltr'>ἐπισκόπει),</span> <span class='ocrx_word' id='word_1_468' title='bbox 2504 2715 2562 2767; x_wconf 92' lang='grc' dir='ltr'><strong>ἐν</strong></span> <span class='ocrx_word' id='word_1_469' title='bbox 2666 2712 2851 2785; x_wconf 78' lang='grc' dir='ltr'>ἵδρυτο</span> <span class='ocrx_word' id='word_1_470' title='bbox 2876 2711 2969 2765; x_wconf 87' lang='grc' dir='ltr'><strong>τοῦ</strong></span> <span class='ocrx_word' id='word_1_471' title='bbox 3018 2712 3330 2783; x_wconf 77' lang='grc' dir='ltr'>ἀκαθάρτου</span> <span class='ocrx_word' id='word_1_472' title='bbox 3378 2710 3635 2781; x_wconf 82' lang='grc' dir='ltr'>δαίμονος</span> 
     </span>
    </p>
   </div>
   <div class='ocr_carea' id='block_1_74' title="bbox 2042 2805 2735 2877">
    <p class='ocr_par' dir='ltr' id='par_1_74' title="bbox 2042 2805 2735 2877">
     <span class='ocr_line' id='line_1_74' title="bbox 2042 2805 2735 2877; baseline 0.003 -17"><span class='ocrx_word' id='word_1_473' title='bbox 2042 2809 2082 2860; x_wconf 77' lang='grc' dir='ltr'><strong>’ὁ</strong></span> <span class='ocrx_word' id='word_1_474' title='bbox 2112 2808 2237 2870; x_wconf 85' lang='grc' dir='ltr'>ναὸς</span> <span class='ocrx_word' id='word_1_475' title='bbox 2264 2807 2358 2861; x_wconf 73' lang='grc' dir='ltr'><strong>καὶ</strong></span> <span class='ocrx_word' id='word_1_476' title='bbox 2396 2808 2457 2859; x_wconf 85' lang='grc' dir='ltr'><strong>τὸ</strong></span> <span class='ocrx_word' id='word_1_477' title='bbox 2488 2805 2735 2877; x_wconf 69' lang='grc' dir='ltr'>ἄγαλμα.</span> 
     </span>
    </p>
   </div>
   <div class='ocr_carea' id='block_1_75' title="bbox 2126 2895 3634 2971">
    <p class='ocr_par' dir='ltr' id='par_1_75' title="bbox 2126 2895 3634 2971">
     <span class='ocr_line' id='line_1_75' title="bbox 2126 2895 3634 2971; baseline -0.003 -17"><span class='ocrx_word' id='word_1_478' title='bbox 2126 2901 2259 2954; x_wconf 84' lang='grc' dir='ltr'>Τότε</span> <span class='ocrx_word' id='word_1_479' title='bbox 2288 2903 2321 2971; x_wconf 85' lang='grc' dir='ltr'><strong>ἡ</strong></span> <span class='ocrx_word' id='word_1_480' title='bbox 2354 2898 2664 2969; x_wconf 85' lang='grc' dir='ltr'>βασίλισσα,</span> <span class='ocrx_word' id='word_1_481' title='bbox 2695 2900 2759 2970; x_wconf 83' lang='grc' dir='ltr'>τῇ</span> <span class='ocrx_word' id='word_1_482' title='bbox 2795 2896 3047 2968; x_wconf 80' lang='grc' dir='ltr'>βασιλικῇ</span> <span class='ocrx_word' id='word_1_483' title='bbox 3076 2895 3331 2968; x_wconf 71' lang='grc' dir='ltr'>αὖθεντίᾳ</span> <span class='ocrx_word' id='word_1_484' title='bbox 3351 2898 3634 2968; x_wconf 79' lang='grc' dir='ltr'>χρωμένη,</span> 
     </span>
    </p>
   </div>
   <div class='ocr_carea' id='block_1_76' title="bbox 2058 2989 3631 3061">
    <p class='ocr_par' dir='ltr' id='par_1_76' title="bbox 2058 2989 3631 3061">
     <span class='ocr_line' id='line_1_76' title="bbox 2058 2989 3631 3061; baseline -0.004 -13"><span class='ocrx_word' id='word_1_485' title='bbox 2058 2992 2440 3061; x_wconf 86' lang='grc' dir='ltr'>συναγαγοῦσα</span> <span class='ocrx_word' id='word_1_486' title='bbox 2496 2991 2697 3060; x_wconf 78' lang='grc' dir='ltr'>πλῆθος</span> <span class='ocrx_word' id='word_1_487' title='bbox 2748 2990 2884 3044; x_wconf 83' lang='grc' dir='ltr'>πολὺ</span> <span class='ocrx_word' id='word_1_488' title='bbox 2916 2989 3177 3060; x_wconf 85' lang='grc' dir='ltr'>τεχνιτῶν</span> <span class='ocrx_word' id='word_1_489' title='bbox 3222 2992 3317 3043; x_wconf 77' lang='grc' dir='ltr'><strong>καὶ</strong></span> <span class='ocrx_word' id='word_1_490' title='bbox 3362 2990 3631 3061; x_wconf 88' lang='grc' dir='ltr'>ἐργατῶν,</span> 
     </span>
    </p>
   </div>
   <div class='ocr_carea' id='block_1_77' title="bbox 2057 3081 3637 3155">
    <p class='ocr_par' dir='ltr' id='par_1_77' title="bbox 2057 3081 3637 3155">
     <span class='ocr_line' id='line_1_77' title="bbox 2057 3081 3637 3155; baseline -0.006 -14"><span class='ocrx_word' id='word_1_491' title='bbox 2057 3087 2342 3140; x_wconf 85' lang='grc' dir='ltr'>ἐκέλευσεν</span> <span class='ocrx_word' id='word_1_492' title='bbox 2368 3085 2431 3137; x_wconf 82' lang='grc' dir='ltr'><strong>ἐκ</strong></span> <span class='ocrx_word' id='word_1_493' title='bbox 2464 3081 2681 3155; x_wconf 80' lang='grc' dir='ltr'>βάθρων</span> <span class='ocrx_word' id='word_1_494' title='bbox 2707 3081 3092 3151; x_wconf 78' lang='grc' dir='ltr'>ἀνατραπῆναι</span> <span class='ocrx_word' id='word_1_495' title='bbox 3125 3081 3187 3134; x_wconf 82' lang='grc' dir='ltr'><strong>τδ</strong></span> <span class='ocrx_word' id='word_1_496' title='bbox 3228 3081 3471 3152; x_wconf 83' lang='grc' dir='ltr'>μυσαρὸν</span> <span class='ocrx_word' id='word_1_497' title='bbox 3498 3084 3637 3134; x_wconf 79' lang='grc' dir='ltr'>οἱκο-</span> 
     </span>
    </p>
   </div>
   <div class='ocr_carea' id='block_1_78' title="bbox 2057 3169 3636 3248">
    <p class='ocr_par' dir='ltr' id='par_1_78' title="bbox 2057 3169 3636 3248">
     <span class='ocr_line' id='line_1_78' title="bbox 2057 3169 3636 3248; baseline -0.006 -17"><span class='ocrx_word' id='word_1_498' title='bbox 2057 3177 2301 3248; x_wconf 86' lang='grc' dir='ltr'>δόμημα,</span> <span class='ocrx_word' id='word_1_499' title='bbox 2333 3173 2428 3228; x_wconf 74' lang='grc' dir='ltr'><strong>καὶ</strong></span> <span class='ocrx_word' id='word_1_500' title='bbox 2451 3173 2541 3227; x_wconf 82' lang='grc' dir='ltr'><strong>τδν</strong></span> <span class='ocrx_word' id='word_1_501' title='bbox 2577 3170 2702 3243; x_wconf 92' lang='grc' dir='ltr'>χοῦν</span> <span class='ocrx_word' id='word_1_502' title='bbox 2735 3172 2924 3243; x_wconf 78' lang='grc' dir='ltr'><strong>πόρρω</strong></span> <span class='ocrx_word' id='word_1_503' title='bbox 2946 3189 3047 3225; x_wconf 91' lang='grc' dir='ltr'><strong>που</strong></span> <span class='ocrx_word' id='word_1_504' title='bbox 3080 3169 3473 3243; x_wconf 78' lang='grc' dir='ltr'>ἀποῤῥιφῆναι.</span> <span class='ocrx_word' id='word_1_505' title='bbox 3497 3170 3636 3223; x_wconf 86' lang='grc' dir='ltr'>Τού-</span> 
     </span>
    </p>
   </div>
   <div class='ocr_carea' id='block_1_79' title="bbox 2057 3258 3634 3332">
    <p class='ocr_par' dir='ltr' id='par_1_79' title="bbox 2057 3258 3634 3332">
     <span class='ocr_line' id='line_1_79' title="bbox 2057 3258 3634 3332; baseline -0.002 -16"><span class='ocrx_word' id='word_1_506' title='bbox 2057 3280 2150 3317; x_wconf 86' lang='grc' dir='ltr'><strong>του</strong></span> <span class='ocrx_word' id='word_1_507' title='bbox 2204 3263 2261 3315; x_wconf 88' lang='grc' dir='ltr'><strong>δέ</strong></span> <span class='ocrx_word' id='word_1_508' title='bbox 2288 3261 2607 3332; x_wconf 82' lang='grc' dir='ltr'>γενομένου,</span> <span class='ocrx_word' id='word_1_509' title='bbox 2651 3261 2893 3331; x_wconf 82' lang='grc' dir='ltr'>ἀνεφάνη</span> <span class='ocrx_word' id='word_1_510' title='bbox 2932 3259 2994 3313; x_wconf 80' lang='grc' dir='ltr'><strong>τὸ</strong></span> <span class='ocrx_word' id='word_1_511' title='bbox 3045 3258 3187 3313; x_wconf 89' lang='grc' dir='ltr'>θεῖον</span> <span class='ocrx_word' id='word_1_512' title='bbox 3235 3259 3441 3331; x_wconf 74' lang='grc' dir='ltr'>μνῆμα,</span> <span class='ocrx_word' id='word_1_513' title='bbox 3474 3261 3568 3313; x_wconf 80' lang='grc' dir='ltr'><strong>καὶ</strong></span> <span class='ocrx_word' id='word_1_514' title='bbox 3604 3265 3634 3313; x_wconf 83' lang='grc' dir='ltr'><strong>ό</strong></span> 
     </span>
    </p>
   </div>
   <div class='ocr_carea' id='block_1_80' title="bbox 2056 3351 3636 3425">
    <p class='ocr_par' dir='ltr' id='par_1_80' title="bbox 2056 3351 3636 3425">
     <span class='ocr_line' id='line_1_80' title="bbox 2056 3351 3636 3425; baseline -0.004 -15"><span class='ocrx_word' id='word_1_515' title='bbox 2056 3356 2218 3419; x_wconf 85' lang='grc' dir='ltr'>τόπος</span> <span class='ocrx_word' id='word_1_516' title='bbox 2254 3354 2346 3407; x_wconf 89' lang='grc' dir='ltr'><strong>τοῦ</strong></span> <span class='ocrx_word' id='word_1_517' title='bbox 2392 3353 2654 3425; x_wconf 79' lang='grc' dir='ltr'>Κρανέου,</span> <span class='ocrx_word' id='word_1_518' title='bbox 2694 3354 2789 3407; x_wconf 78' lang='grc' dir='ltr'>καὶ</span> <span class='ocrx_word' id='word_1_519' title='bbox 2829 3353 2890 3405; x_wconf 83' lang='grc' dir='ltr'><strong>οὐ</strong></span> <span class='ocrx_word' id='word_1_520' title='bbox 2927 3351 3165 3422; x_wconf 76' lang='grc' dir='ltr'>μήκοθεν</span> <span class='ocrx_word' id='word_1_521' title='bbox 3203 3355 3354 3423; x_wconf 84' lang='grc' dir='ltr'>τρεῖς</span> <span class='ocrx_word' id='word_1_522' title='bbox 3409 3354 3636 3419; x_wconf 78' lang='grc' dir='ltr'>σταυροὶ</span> 
     </span>
    </p>
   </div>
   <div class='ocr_carea' id='block_1_81' title="bbox 2057 3439 3634 3519">
    <p class='ocr_par' dir='ltr' id='par_1_81' title="bbox 2057 3439 3634 3519">
     <span class='ocr_line' id='line_1_81' title="bbox 2057 3439 3634 3519; baseline -0.002 -19"><span class='ocrx_word' id='word_1_523' title='bbox 2057 3448 2457 3519; x_wconf 83' lang='grc' dir='ltr'>κεχωρισμένοι</span> <span class='ocrx_word' id='word_1_524' title='bbox 2486 3465 2499 3478; x_wconf 91' lang='grc'><strong>·</strong></span> <span class='ocrx_word' id='word_1_525' title='bbox 2533 3447 2812 3515; x_wconf 83' lang='grc' dir='ltr'>ἐπιμελῶς</span> <span class='ocrx_word' id='word_1_526' title='bbox 2844 3445 2899 3499; x_wconf 89' lang='grc' dir='ltr'><strong>δέ</strong></span> <span class='ocrx_word' id='word_1_527' title='bbox 2933 3446 3326 3518; x_wconf 80' lang='grc' dir='ltr'>ἐρευνήσαντες</span> <span class='ocrx_word' id='word_1_528' title='bbox 3352 3439 3508 3516; x_wconf 74' lang='grc' dir='ltr'>εὖρον</span> <span class='ocrx_word' id='word_1_529' title='bbox 3538 3445 3634 3499; x_wconf 78' lang='grc' dir='ltr'>καὶ</span> 
     </span>
    </p>
   </div>
   <div class='ocr_carea' id='block_1_82' title="bbox 2055 3538 2399 3609">
    <p class='ocr_par' dir='ltr' id='par_1_82' title="bbox 2055 3538 2399 3609">
     <span class='ocr_line' id='line_1_82' title="bbox 2055 3538 2399 3609; baseline 0.006 -18"><span class='ocrx_word' id='word_1_530' title='bbox 2055 3539 2181 3602; x_wconf 84' lang='grc' dir='ltr'>τοὺς</span> <span class='ocrx_word' id='word_1_531' title='bbox 2217 3538 2399 3609; x_wconf 78' lang='grc' dir='ltr'>ἥλους.</span> 
     </span>
    </p>
   </div>
   <div class='ocr_carea' id='block_1_83' title="bbox 2138 3628 3623 3701">
    <p class='ocr_par' dir='ltr' id='par_1_83' title="bbox 2138 3628 3623 3701">
     <span class='ocr_line' id='line_1_83' title="bbox 2138 3628 3623 3701; baseline -0.003 -18"><span class='ocrx_word' id='word_1_532' title='bbox 2138 3629 2378 3684; x_wconf 83' lang='grc' dir='ltr'>Ἐκεῖθεν</span> <span class='ocrx_word' id='word_1_533' title='bbox 2406 3630 2595 3683; x_wconf 70' lang='grc' dir='ltr'>λοιπὸν</span> <span class='ocrx_word' id='word_1_534' title='bbox 2620 3628 2901 3701; x_wconf 87' lang='grc' dir='ltr'>ἀμηχανία</span> <span class='ocrx_word' id='word_1_535' title='bbox 2930 3630 3023 3683; x_wconf 79' lang='grc' dir='ltr'><strong>καὶ</strong></span> <span class='ocrx_word' id='word_1_536' title='bbox 3042 3629 3217 3701; x_wconf 75' lang='grc' dir='ltr'>θλίψις</span> <span class='ocrx_word' id='word_1_537' title='bbox 3243 3628 3508 3684; x_wconf 73' lang='grc' dir='ltr'>κατέλαϐε</span> <span class='ocrx_word' id='word_1_538' title='bbox 3532 3630 3623 3699; x_wconf 75' lang='grc' dir='ltr'><strong>τὴν</strong></span> 
     </span>
    </p>
   </div>
   <div class='ocr_carea' id='block_1_84' title="bbox 2056 3718 3626 3793">
    <p class='ocr_par' dir='ltr' id='par_1_84' title="bbox 2056 3718 3626 3793">
     <span class='ocr_line' id='line_1_84' title="bbox 2056 3718 3626 3793; baseline 0 -19"><span class='ocrx_word' id='word_1_539' title='bbox 2056 3721 2395 3792; x_wconf 83' lang='grc' dir='ltr'>βασίλισσαν,</span> <span class='ocrx_word' id='word_1_540' title='bbox 2421 3718 2807 3792; x_wconf 80' lang='grc' dir='ltr'>ἐπιζητοῦσαν,</span> <span class='ocrx_word' id='word_1_541' title='bbox 2838 3723 2987 3785; x_wconf 86' lang='grc' dir='ltr'>ποῖος</span> <span class='ocrx_word' id='word_1_542' title='bbox 3011 3723 3118 3793; x_wconf 84' lang='grc' dir='ltr'>ἄρα</span> <span class='ocrx_word' id='word_1_543' title='bbox 3144 3721 3230 3792; x_wconf 78' lang='grc' dir='ltr'><strong>εἴη</strong></span> <span class='ocrx_word' id='word_1_544' title='bbox 3252 3722 3281 3774; x_wconf 83' lang='grc' dir='ltr'>ὁ</span> <span class='ocrx_word' id='word_1_545' title='bbox 3307 3722 3626 3785; x_wconf 71' lang='grc' dir='ltr'>Δεσποτικδς</span> 
     </span>
    </p>
   </div>
   <div class='ocr_carea' id='block_1_85' title="bbox 2056 3814 3632 3886">
    <p class='ocr_par' dir='ltr' id='par_1_85' title="bbox 2056 3814 3632 3886">
     <span class='ocr_line' id='line_1_85' title="bbox 2056 3814 3632 3886; baseline -0.001 -17"><span class='ocrx_word' id='word_1_546' title='bbox 2056 3815 2306 3886; x_wconf 71' lang='grc' dir='ltr'>παυρός.</span> <span class='ocrx_word' id='word_1_547' title='bbox 2353 3814 2412 3869; x_wconf 90' lang='lat'><strong>&#39;0</strong></span> <span class='ocrx_word' id='word_1_548' title='bbox 2440 3815 2499 3868; x_wconf 84' lang='grc' dir='ltr'><strong>δέ</strong></span> <span class='ocrx_word' id='word_1_549' title='bbox 2532 3814 2831 3878; x_wconf 88' lang='grc' dir='ltr'>ἐπίσκοπος</span> <span class='ocrx_word' id='word_1_550' title='bbox 2853 3814 2940 3868; x_wconf 84' lang='grc' dir='ltr'><strong>διὰ</strong></span> <span class='ocrx_word' id='word_1_551' title='bbox 2979 3815 3212 3879; x_wconf 87' lang='grc' dir='ltr'>πίστεως</span> <span class='ocrx_word' id='word_1_552' title='bbox 3242 3815 3340 3885; x_wconf 76' lang='grc' dir='ltr'><strong>τὴν</strong></span> <span class='ocrx_word' id='word_1_553' title='bbox 3363 3815 3632 3886; x_wconf 89' lang='grc' dir='ltr'>διάκρισιν</span> 
     </span>
    </p>
   </div>
   <div class='ocr_carea' id='block_1_86' title="bbox 2053 3903 3634 3978">
    <p class='ocr_par' dir='ltr' id='par_1_86' title="bbox 2053 3903 3634 3978">
     <span class='ocr_line' id='line_1_86' title="bbox 2053 3903 3634 3978; baseline 0 -20"><span class='ocrx_word' id='word_1_554' title='bbox 2053 3904 2263 3960; x_wconf 84' lang='grc' dir='ltr'>ελυσεν.</span> <span class='ocrx_word' id='word_1_555' title='bbox 2299 3905 2528 3960; x_wconf 67' lang='grc' dir='ltr'><strong>Γυναικλ⁸</strong></span> <span class='ocrx_word' id='word_1_556' title='bbox 2554 3904 2663 3976; x_wconf 88' lang='grc' dir='ltr'>γὰρ</span> <span class='ocrx_word' id='word_1_557' title='bbox 2693 3903 3050 3978; x_wconf 51' lang='lat' dir='ltr'><strong>amomum</strong></span> <span class='ocrx_word' id='word_1_558' title='bbox 3096 3906 3203 3959; x_wconf 85' lang='grc' dir='ltr'><strong>τῶν</strong></span> <span class='ocrx_word' id='word_1_559' title='bbox 3230 3906 3505 3975; x_wconf 76' lang='grc' dir='ltr'>ἐμφανῶν,</span> <span class='ocrx_word' id='word_1_560' title='bbox 3540 3906 3634 3960; x_wconf 80' lang='grc' dir='ltr'>καὶ</span> 
     </span>
    </p>
   </div>
   <div class='ocr_carea' id='block_1_87' title="bbox 2053 3995 3626 4070">
    <p class='ocr_par' dir='ltr' id='par_1_87' title="bbox 2053 3995 3626 4070">
     <span class='ocr_line' id='line_1_87' title="bbox 2053 3995 3626 4070; baseline 0.001 -20"><span class='ocrx_word' id='word_1_561' title='bbox 2053 3995 2450 4068; x_wconf 81' lang='grc' dir='ltr'>ἀπεγνωσμένῃ</span> <span class='ocrx_word' id='word_1_562' title='bbox 2469 3996 2573 4051; x_wconf 82' lang='grc' dir='ltr'>ὑπὸ</span> <span class='ocrx_word' id='word_1_563' title='bbox 2596 3998 2834 4060; x_wconf 84' lang='grc' dir='ltr'>πάντων,</span> <span class='ocrx_word' id='word_1_564' title='bbox 2857 3996 2947 4050; x_wconf 74' lang='grc' dir='ltr'>καὶ</span> <span class='ocrx_word' id='word_1_565' title='bbox 2972 3996 3040 4050; x_wconf 72' lang='grc' dir='ltr'><strong>τὰ</strong></span> <span class='ocrx_word' id='word_1_566' title='bbox 3061 3996 3343 4051; x_wconf 82' lang='grc' dir='ltr'>τελευταῖα</span> <span class='ocrx_word' id='word_1_567' title='bbox 3364 3998 3626 4070; x_wconf 68' lang='grc' dir='ltr'>πνεούσῃ,</span> 
     </span>
    </p>
   </div>
   <div class='ocr_carea' id='block_1_88' title="bbox 2054 4079 3633 4162">
    <p class='ocr_par' dir='ltr' id='par_1_88' title="bbox 2054 4079 3633 4162">
     <span class='ocr_line' id='line_1_88' title="bbox 2054 4079 3633 4162; baseline 0.001 -20"><span class='ocrx_word' id='word_1_568' title='bbox 2054 4089 2422 4160; x_wconf 87' lang='grc' dir='ltr'>προσαγαγὼν</span> <span class='ocrx_word' id='word_1_569' title='bbox 2440 4079 2703 4161; x_wconf 75' lang='grc' dir='ltr'>ἑκάτερον</span> <span class='ocrx_word' id='word_1_570' title='bbox 2721 4088 2832 4142; x_wconf 88' lang='grc' dir='ltr'><strong>τῶν</strong></span> <span class='ocrx_word' id='word_1_571' title='bbox 2855 4088 3128 4159; x_wconf 90' lang='grc' dir='ltr'>σταυρῶν,</span> <span class='ocrx_word' id='word_1_572' title='bbox 3173 4090 3265 4143; x_wconf 77' lang='grc' dir='ltr'><strong>τὸν</strong></span> <span class='ocrx_word' id='word_1_573' title='bbox 3298 4088 3633 4162; x_wconf 70' lang='grc' dir='ltr'>ζητούμενον</span> 
     </span>
    </p>
   </div>
   <div class='ocr_carea' id='block_1_89' title="bbox 2051 4171 3633 4252">
    <p class='ocr_par' dir='ltr' id='par_1_89' title="bbox 2051 4171 3633 4252">
     <span class='ocr_line' id='line_1_89' title="bbox 2051 4171 3633 4252; baseline 0.001 -21"><span class='ocrx_word' id='word_1_574' title='bbox 2051 4171 2221 4247; x_wconf 71' lang='grc' dir='ltr'>ηὗρεν</span> <span class='ocrx_word' id='word_1_575' title='bbox 2241 4193 2255 4207; x_wconf 76' lang='grc' dir='ltr'><strong><em>ο</em></strong></span> <span class='ocrx_word' id='word_1_576' title='bbox 2285 4177 2445 4248; x_wconf 84' lang='grc' dir='ltr'>μόνον</span> <span class='ocrx_word' id='word_1_577' title='bbox 2467 4178 2577 4252; x_wconf 83' lang='grc' dir='ltr'>γὰρ</span> <span class='ocrx_word' id='word_1_578' title='bbox 2592 4176 2821 4251; x_wconf 69' lang='grc' dir='ltr'>ἤγγισεν</span> <span class='ocrx_word' id='word_1_579' title='bbox 2844 4179 2876 4246; x_wconf 84' lang='grc' dir='ltr'>ἡ</span> <span class='ocrx_word' id='word_1_580' title='bbox 2901 4178 3030 4232; x_wconf 84' lang='grc' dir='ltr'>σκιὰ</span> <span class='ocrx_word' id='word_1_581' title='bbox 3044 4177 3136 4231; x_wconf 89' lang='grc' dir='ltr'><strong>τοῦ</strong></span> <span class='ocrx_word' id='word_1_582' title='bbox 3164 4180 3434 4250; x_wconf 77' lang='grc' dir='ltr'>σωτηρίου</span> <span class='ocrx_word' id='word_1_583' title='bbox 3464 4197 3597 4233; x_wconf 91' lang='grc' dir='ltr'>σταυ</span> <span class='ocrx_word' id='word_1_584' title='bbox 3612 4209 3633 4221; x_wconf 92' lang='grc'><strong>-</strong></span> 
     </span>
    </p>
   </div>
   <div class='ocr_carea' id='block_1_90' title="bbox 2056 4266 3632 4343">
    <p class='ocr_par' dir='ltr' id='par_1_90' title="bbox 2056 4266 3632 4343">
     <span class='ocr_line' id='line_1_90' title="bbox 2056 4266 3632 4343; baseline 0.002 -22"><span class='ocrx_word' id='word_1_585' title='bbox 2056 4266 2147 4340; x_wconf 89' lang='grc' dir='ltr'><strong>ροῦ</strong></span> <span class='ocrx_word' id='word_1_586' title='bbox 2177 4271 2243 4340; x_wconf 82' lang='grc' dir='ltr'>τῇ</span> <span class='ocrx_word' id='word_1_587' title='bbox 2278 4268 2601 4343; x_wconf 80' lang='grc' dir='ltr'>ἀσθενούσῃ,</span> <span class='ocrx_word' id='word_1_588' title='bbox 2632 4270 2794 4334; x_wconf 82' lang='grc' dir='ltr'>εὐθὺς</span> <span class='ocrx_word' id='word_1_589' title='bbox 2819 4271 2851 4341; x_wconf 82' lang='grc' dir='ltr'><strong>ἡ</strong></span> <span class='ocrx_word' id='word_1_590' title='bbox 2879 4271 3084 4335; x_wconf 76' lang='grc' dir='ltr'>ἄπνους</span> <span class='ocrx_word' id='word_1_591' title='bbox 3110 4272 3201 4324; x_wconf 73' lang='grc' dir='ltr'>καὶ</span> <span class='ocrx_word' id='word_1_592' title='bbox 3229 4271 3484 4339; x_wconf 85' lang='grc' dir='ltr'>ἀκίνητος</span> <span class='ocrx_word' id='word_1_593' title='bbox 3508 4269 3632 4341; x_wconf 79' lang='grc' dir='ltr'>θεία</span> 
     </span>
    </p>
   </div>
   <div class='ocr_carea' id='block_1_91' title="bbox 2050 4360 3628 4434">
    <p class='ocr_par' dir='ltr' id='par_1_91' title="bbox 2050 4360 3628 4434">
     <span class='ocr_line' id='line_1_91' title="bbox 2050 4360 3628 4434; baseline 0.001 -21"><span class='ocrx_word' id='word_1_594' title='bbox 2050 4360 2279 4431; x_wconf 83' lang='grc' dir='ltr'>δυνάμει</span> <span class='ocrx_word' id='word_1_595' title='bbox 2335 4361 2680 4434; x_wconf 77' lang='grc' dir='ltr'>παραχρῆμα</span> <span class='ocrx_word' id='word_1_596' title='bbox 2731 4362 3073 4434; x_wconf 80' lang='grc' dir='ltr'>ἀνεπήδησεν</span> <span class='ocrx_word' id='word_1_597' title='bbox 3131 4362 3230 4418; x_wconf 79' lang='grc' dir='ltr'><strong>καὶ</strong></span> <span class='ocrx_word' id='word_1_598' title='bbox 3293 4362 3502 4433; x_wconf 80' lang='grc' dir='ltr'>μεγάλῃ</span> <span class='ocrx_word' id='word_1_599' title='bbox 3558 4365 3628 4432; x_wconf 79' lang='grc' dir='ltr'>τῇ</span> 
     </span>
    </p>
   </div>
   <div class='ocr_carea' id='block_1_92' title="bbox 1979 4452 3203 4525">
    <p class='ocr_par' dir='ltr' id='par_1_92' title="bbox 1979 4452 3203 4525">
     <span class='ocr_line' id='line_1_92' title="bbox 1979 4452 3203 4525; baseline 0.002 -19"><span class='ocrx_word' id='word_1_600' title='bbox 1979 4461 2024 4519; x_wconf 83' lang='lat' dir='ltr'><strong>D</strong></span> <span class='ocrx_word' id='word_1_601' title='bbox 2056 4455 2205 4525; x_wconf 77' lang='grc' dir='ltr'>φωνῇ</span> <span class='ocrx_word' id='word_1_602' title='bbox 2239 4453 2441 4524; x_wconf 90' lang='grc' dir='ltr'>βοῶσα,</span> <span class='ocrx_word' id='word_1_603' title='bbox 2478 4455 2571 4507; x_wconf 75' lang='grc' dir='ltr'><strong>καὶ</strong></span> <span class='ocrx_word' id='word_1_604' title='bbox 2602 4452 2900 4519; x_wconf 76' lang='grc' dir='ltr'>δοξάζουσα</span> <span class='ocrx_word' id='word_1_605' title='bbox 2925 4454 3017 4508; x_wconf 81' lang='grc' dir='ltr'><strong>τδν</strong></span> <span class='ocrx_word' id='word_1_606' title='bbox 3050 4454 3203 4508; x_wconf 87' lang='grc' dir='ltr'>Θεόν.</span> 
     </span>
    </p>
   </div>
   <div class='ocr_carea' id='block_1_93' title="bbox 2136 4540 3625 4619">
    <p class='ocr_par' dir='ltr' id='par_1_93' title="bbox 2136 4540 3625 4619">
     <span class='ocr_line' id='line_1_93' title="bbox 2136 4540 3625 4619; baseline -0.002 -20"><span class='ocrx_word' id='word_1_607' title='bbox 2136 4545 2202 4599; x_wconf 84' lang='grc' dir='ltr'><strong>Ἥ</strong></span> <span class='ocrx_word' id='word_1_608' title='bbox 2239 4545 2295 4599; x_wconf 91' lang='grc' dir='ltr'><strong>δέ</strong></span> <span class='ocrx_word' id='word_1_609' title='bbox 2331 4544 2618 4617; x_wconf 86' lang='grc' dir='ltr'>βασίλισσα</span> <span class='ocrx_word' id='word_1_610' title='bbox 2660 4545 2847 4619; x_wconf 83' lang='grc' dir='ltr'>Ἑλένη</span> <span class='ocrx_word' id='word_1_611' title='bbox 2875 4540 2949 4617; x_wconf 75' lang='grc' dir='ltr'>τῇ</span> <span class='ocrx_word' id='word_1_612' title='bbox 2969 4549 3119 4617; x_wconf 82' lang='grc' dir='ltr'>φωνῇ</span> <span class='ocrx_word' id='word_1_613' title='bbox 3153 4545 3327 4618; x_wconf 88' lang='grc' dir='ltr'>βοῶσα</span> <span class='ocrx_word' id='word_1_614' title='bbox 3349 4545 3438 4598; x_wconf 64' lang='grc' dir='ltr'><strong>καὶ</strong></span> <span class='ocrx_word' id='word_1_615' title='bbox 3467 4543 3625 4609; x_wconf 82' lang='grc' dir='ltr'>δοξά-</span> 
     </span>
    </p>
   </div>
   <div class='ocr_carea' id='block_1_94' title="bbox 370 4637 1951 4711">
    <p class='ocr_par' dir='ltr' id='par_1_94' title="bbox 370 4641 1948 4711">
     <span class='ocr_line' id='line_1_94' title="bbox 370 4641 1948 4711; baseline -0.001 -13"><span class='ocrx_word' id='word_1_616' title='bbox 370 4642 676 4699; x_wconf 86' lang='lat' dir='ltr'><strong>reverentia</strong></span> <span class='ocrx_word' id='word_1_617' title='bbox 695 4656 912 4697; x_wconf 86' lang='lat' dir='ltr'><strong>crucem</strong></span> <span class='ocrx_word' id='word_1_618' title='bbox 943 4641 1209 4696; x_wconf 81' lang='lat' dir='ltr'><strong>viviﬁeam</strong></span> <span class='ocrx_word' id='word_1_619' title='bbox 1231 4641 1534 4711; x_wconf 86' lang='lat' dir='ltr'><strong>suscipiens</strong></span> <span class='ocrx_word' id='word_1_620' title='bbox 1556 4683 1569 4706; x_wconf 87' lang='lat'><strong>,</strong></span> <span class='ocrx_word' id='word_1_621' title='bbox 1590 4651 1809 4711; x_wconf 86' lang='lat' dir='ltr'><strong>partem</strong></span> <span class='ocrx_word' id='word_1_622' title='bbox 1830 4641 1948 4711; x_wconf 90' lang='lat' dir='ltr'><strong>ejus</strong></span> 
     </span>
    </p>
   </div>
   <div class='ocr_carea' id='block_1_95' title="bbox 2054 4637 3628 4711">
    <p class='ocr_par' dir='ltr' id='par_1_95' title="bbox 2054 4637 3628 4711">
     <span class='ocr_line' id='line_1_95' title="bbox 2054 4637 3628 4711; baseline 0.002 -20"><span class='ocrx_word' id='word_1_623' title='bbox 2054 4639 2223 4704; x_wconf 81' lang='grc' dir='ltr'>ζουσα</span> <span class='ocrx_word' id='word_1_624' title='bbox 2249 4638 2341 4692; x_wconf 81' lang='grc' dir='ltr'><strong>τὸν</strong></span> <span class='ocrx_word' id='word_1_625' title='bbox 2363 4637 2522 4705; x_wconf 83' lang='grc' dir='ltr'>Θεὸν,</span> <span class='ocrx_word' id='word_1_626' title='bbox 2556 4638 2697 4709; x_wconf 82' lang='grc' dir='ltr'>μετὰ</span> <span class='ocrx_word' id='word_1_627' title='bbox 2722 4640 2899 4711; x_wconf 78' lang='grc' dir='ltr'>χαρᾶς</span> <span class='ocrx_word' id='word_1_628' title='bbox 2928 4639 3172 4711; x_wconf 85' lang='grc' dir='ltr'>μεγάλης</span> <span class='ocrx_word' id='word_1_629' title='bbox 3201 4638 3297 4693; x_wconf 71' lang='grc' dir='ltr'>καὶ</span> <span class='ocrx_word' id='word_1_630' title='bbox 3322 4637 3485 4707; x_wconf 76' lang='grc' dir='ltr'>φόϐου</span> <span class='ocrx_word' id='word_1_631' title='bbox 3531 4638 3628 4695; x_wconf 67' lang='grc' dir='ltr'>ἀν-</span> 
     </span>
    </p>
   </div>
   <div class='ocr_carea' id='block_1_96' title="bbox 368 4730 1951 4803">
    <p class='ocr_par' dir='ltr' id='par_1_96' title="bbox 368 4730 1946 4801">
     <span class='ocr_line' id='line_1_96' title="bbox 368 4730 1946 4801; baseline 0.001 -16"><span class='ocrx_word' id='word_1_632' title='bbox 368 4747 492 4788; x_wconf 77' lang='lat' dir='ltr'><strong>cum</strong></span> <span class='ocrx_word' id='word_1_633' title='bbox 520 4732 688 4787; x_wconf 86' lang='lat' dir='ltr'><strong>clavis</strong></span> <span class='ocrx_word' id='word_1_634' title='bbox 715 4731 781 4787; x_wconf 89' lang='lat' dir='ltr'><strong>ad</strong></span> <span class='ocrx_word' id='word_1_635' title='bbox 806 4731 979 4785; x_wconf 89' lang='lat' dir='ltr'><strong>lilium</strong></span> <span class='ocrx_word' id='word_1_636' title='bbox 1017 4730 1221 4798; x_wconf 91' lang='lat' dir='ltr'><strong>retulit,</strong></span> <span class='ocrx_word' id='word_1_637' title='bbox 1254 4731 1513 4801; x_wconf 89' lang='lat' dir='ltr'><strong>reliquam</strong></span> <span class='ocrx_word' id='word_1_638' title='bbox 1549 4745 1675 4786; x_wconf 78' lang='lat' dir='ltr'><strong>vero</strong></span> <span class='ocrx_word' id='word_1_639' title='bbox 1701 4731 1946 4787; x_wconf 82' lang='lat' dir='ltr'><strong>confecta</strong></span> 
     </span>
    </p>
   </div>
   <div class='ocr_carea' id='block_1_97' title="bbox 2054 4730 3631 4803">
    <p class='ocr_par' dir='ltr' id='par_1_97' title="bbox 2054 4730 3631 4803">
     <span class='ocr_line' id='line_1_97' title="bbox 2054 4730 3631 4803; baseline -0.001 -18"><span class='ocrx_word' id='word_1_640' title='bbox 2054 4731 2285 4802; x_wconf 84' lang='grc' dir='ltr'>ελομένη</span> <span class='ocrx_word' id='word_1_641' title='bbox 2305 4731 2398 4784; x_wconf 70' lang='grc' dir='ltr'><strong>τὸν</strong></span> <span class='ocrx_word' id='word_1_642' title='bbox 2421 4730 2688 4795; x_wconf 80' lang='grc' dir='ltr'>ζωοποιὺν</span> <span class='ocrx_word' id='word_1_643' title='bbox 2708 4732 2962 4803; x_wconf 76' lang='grc' dir='ltr'>σταυρὸν,</span> <span class='ocrx_word' id='word_1_644' title='bbox 2986 4731 3149 4802; x_wconf 84' lang='grc' dir='ltr'>μέρος</span> <span class='ocrx_word' id='word_1_645' title='bbox 3181 4732 3279 4801; x_wconf 84' lang='grc' dir='ltr'><strong>μέν</strong></span> <span class='ocrx_word' id='word_1_646' title='bbox 3306 4748 3359 4784; x_wconf 90' lang='grc' dir='ltr'><strong>τι</strong></span> <span class='ocrx_word' id='word_1_647' title='bbox 3398 4730 3494 4784; x_wconf 78' lang='grc' dir='ltr'><strong>σὺν</strong></span> <span class='ocrx_word' id='word_1_648' title='bbox 3515 4733 3631 4793; x_wconf 88' lang='grc' dir='ltr'>τοῖς</span> 
     </span>
    </p>
   </div>
   <div class='ocr_carea' id='block_1_98' title="bbox 368 4821 1950 4894">
    <p class='ocr_par' dir='ltr' id='par_1_98' title="bbox 368 4821 1950 4894">
     <span class='ocr_line' id='line_1_98' title="bbox 368 4821 1950 4894; baseline -0.001 -13"><span class='ocrx_word' id='word_1_649' title='bbox 368 4828 525 4881; x_wconf 83' lang='lat' dir='ltr'><strong>theca</strong></span> <span class='ocrx_word' id='word_1_650' title='bbox 559 4839 720 4879; x_wconf 89' lang='lat' dir='ltr'><strong>aurea</strong></span> <span class='ocrx_word' id='word_1_651' title='bbox 753 4823 873 4894; x_wconf 79' lang='lat' dir='ltr'><strong>ejus</strong></span> <span class='ocrx_word' id='word_1_652' title='bbox 898 4822 1134 4878; x_wconf 81' lang='lat' dir='ltr'><strong>civitatis</strong></span> <span class='ocrx_word' id='word_1_653' title='bbox 1168 4823 1422 4894; x_wconf 89' lang='lat' dir='ltr'><strong>episcopo</strong></span> <span class='ocrx_word' id='word_1_654' title='bbox 1446 4822 1662 4878; x_wconf 89' lang='lat' dir='ltr'><strong>tradidit</strong></span> <span class='ocrx_word' id='word_1_655' title='bbox 1685 4821 1737 4876; x_wconf 92' lang='lat' dir='ltr'><strong>in</strong></span> <span class='ocrx_word' id='word_1_656' title='bbox 1759 4837 1950 4894; x_wconf 83' lang='lat' dir='ltr'><strong>perpe-</strong></span> 
     </span>
    </p>
   </div>
   <div class='ocr_carea' id='block_1_99' title="bbox 2040 4822 3626 4899">
    <p class='ocr_par' dir='ltr' id='par_1_99' title="bbox 2040 4822 3626 4899">
     <span class='ocr_line' id='line_1_99' title="bbox 2040 4822 3626 4899; baseline -0.001 -23"><span class='ocrx_word' id='word_1_657' title='bbox 2040 4824 2198 4897; x_wconf 56' lang='grc' dir='ltr'>ςῆλοις</span> <span class='ocrx_word' id='word_1_658' title='bbox 2223 4824 2517 4895; x_wconf 82' lang='grc' dir='ltr'>ἀνεκόμισε</span> <span class='ocrx_word' id='word_1_659' title='bbox 2544 4824 2680 4899; x_wconf 81' lang='grc' dir='ltr'>πρὸς</span> <span class='ocrx_word' id='word_1_660' title='bbox 2712 4823 2805 4877; x_wconf 82' lang='grc' dir='ltr'><strong>τὸν</strong></span> <span class='ocrx_word' id='word_1_661' title='bbox 2834 4825 3019 4878; x_wconf 89' lang='grc' dir='ltr'>παῖδα.</span> <span class='ocrx_word' id='word_1_662' title='bbox 3052 4822 3142 4894; x_wconf 86' lang='grc' dir='ltr'><strong>Τῷ</strong></span> <span class='ocrx_word' id='word_1_663' title='bbox 3165 4823 3223 4877; x_wconf 86' lang='grc' dir='ltr'><strong>δέ</strong></span> <span class='ocrx_word' id='word_1_664' title='bbox 3247 4822 3421 4895; x_wconf 81' lang='grc' dir='ltr'>λοιπῷ</span> <span class='ocrx_word' id='word_1_665' title='bbox 3452 4823 3626 4892; x_wconf 88' lang='grc' dir='ltr'>γλωσ-</span> 
     </span>
    </p>
   </div>
   <div class='ocr_carea' id='block_1_100' title="bbox 368 4914 1951 4990">
    <p class='ocr_par' dir='ltr' id='par_1_100' title="bbox 368 4914 1949 4987">
     <span class='ocr_line' id='line_1_100' title="bbox 368 4914 1949 4987; baseline -0.002 -13"><span class='ocrx_word' id='word_1_666' title='bbox 368 4928 517 4974; x_wconf 88' lang='lat' dir='ltr'><strong>tuam</strong></span> <span class='ocrx_word' id='word_1_667' title='bbox 544 4917 796 4973; x_wconf 87' lang='lat' dir='ltr'><strong>omnibus</strong></span> <span class='ocrx_word' id='word_1_668' title='bbox 831 4916 1081 4987; x_wconf 88' lang='lat' dir='ltr'><strong>gentibus</strong></span> <span class='ocrx_word' id='word_1_669' title='bbox 1129 4917 1470 4972; x_wconf 87' lang='lat' dir='ltr'><strong>memoriam.</strong></span> <span class='ocrx_word' id='word_1_670' title='bbox 1506 4914 1635 4982; x_wconf 60' lang='lat' dir='ltr'><strong>Qua:</strong></span> <span class='ocrx_word' id='word_1_671' title='bbox 1666 4926 1949 4986; x_wconf 87' lang='lat' dir='ltr'><strong>postquam</strong></span> 
     </span>
    </p>
   </div>
   <div class='ocr_carea' id='block_1_101' title="bbox 2054 4914 3629 4990">
    <p class='ocr_par' dir='ltr' id='par_1_101' title="bbox 2054 4914 3629 4990">
     <span class='ocr_line' id='line_1_101' title="bbox 2054 4914 3629 4990; baseline -0.001 -20"><span class='ocrx_word' id='word_1_672' title='bbox 2054 4916 2285 4988; x_wconf 80' lang='grc' dir='ltr'>σόκομον</span> <span class='ocrx_word' id='word_1_673' title='bbox 2310 4916 2588 4990; x_wconf 76' lang='grc' dir='ltr'>ἀργυροῦν</span> <span class='ocrx_word' id='word_1_674' title='bbox 2613 4918 2910 4988; x_wconf 84' lang='grc' dir='ltr'>ποιήσασα,</span> <span class='ocrx_word' id='word_1_675' title='bbox 2934 4917 3223 4987; x_wconf 73' lang='grc' dir='ltr'>παρέδωκε</span> <span class='ocrx_word' id='word_1_676' title='bbox 3241 4916 3320 4988; x_wconf 82' lang='grc' dir='ltr'>τῷ</span> <span class='ocrx_word' id='word_1_677' title='bbox 3346 4914 3629 4983; x_wconf 65' lang='grc' dir='ltr'>ἐπισκόπει»</span> 
     </span>
    </p>
   </div>
   <div class='ocr_carea' id='block_1_102' title="bbox 369 5006 1950 5081">
    <p class='ocr_par' dir='ltr' id='par_1_102' title="bbox 369 5006 1950 5081">
     <span class='ocr_line' id='line_1_102' title="bbox 369 5006 1950 5081; baseline -0.001 -16"><span class='ocrx_word' id='word_1_678' title='bbox 369 5012 716 5081; x_wconf 71' lang='lat' dir='ltr'><strong>pnecepisset</strong></span> <span class='ocrx_word' id='word_1_679' title='bbox 745 5009 799 5065; x_wconf 90' lang='lat' dir='ltr'><strong>in</strong></span> <span class='ocrx_word' id='word_1_680' title='bbox 834 5008 950 5065; x_wconf 88' lang='lat' dir='ltr'><strong>loco</strong></span> <span class='ocrx_word' id='word_1_681' title='bbox 971 5008 1170 5065; x_wconf 81' lang='lat' dir='ltr'><strong>viviﬁci</strong></span> <span class='ocrx_word' id='word_1_682' title='bbox 1215 5007 1453 5079; x_wconf 82' lang='lat' dir='ltr'><strong>sepulcri</strong></span> <span class='ocrx_word' id='word_1_683' title='bbox 1497 5011 1752 5078; x_wconf 90' lang='lat' dir='ltr'><strong>templum</strong></span> <span class='ocrx_word' id='word_1_684' title='bbox 1779 5006 1950 5063; x_wconf 60' lang='lat' dir='ltr'><strong>aditi-</strong></span> 
     </span>
    </p>
   </div>
   <div class='ocr_carea' id='block_1_103' title="bbox 369 5100 1950 5173">
    <p class='ocr_par' dir='ltr' id='par_1_103' title="bbox 369 5100 1950 5173">
     <span class='ocr_line' id='line_1_103' title="bbox 369 5100 1950 5173; baseline -0.001 -16"><span class='ocrx_word' id='word_1_685' title='bbox 369 5106 504 5168; x_wconf 74' lang='lat' dir='ltr'><strong>cari.</strong></span> <span class='ocrx_word' id='word_1_686' title='bbox 533 5114 587 5160; x_wconf 90' lang='lat' dir='ltr'><strong>et</strong></span> <span class='ocrx_word' id='word_1_687' title='bbox 614 5104 757 5161; x_wconf 88' lang='lat' dir='ltr'><strong>aliud</strong></span> <span class='ocrx_word' id='word_1_688' title='bbox 784 5102 1034 5160; x_wconf 87' lang='lat' dir='ltr'><strong>similiter</strong></span> <span class='ocrx_word' id='word_1_689' title='bbox 1062 5102 1112 5157; x_wconf 88' lang='lat' dir='ltr'><strong>in</strong></span> <span class='ocrx_word' id='word_1_690' title='bbox 1136 5116 1293 5158; x_wconf 89' lang='lat' dir='ltr'><strong>sacro</strong></span> <span class='ocrx_word' id='word_1_691' title='bbox 1315 5100 1796 5173; x_wconf 81' lang='lat' dir='ltr'><strong>monteGolgOtha,</strong></span> <span class='ocrx_word' id='word_1_692' title='bbox 1821 5109 1875 5157; x_wconf 83' lang='lat' dir='ltr'><strong>ct</strong></span> <span class='ocrx_word' id='word_1_693' title='bbox 1898 5100 1950 5155; x_wconf 89' lang='lat' dir='ltr'><strong>in</strong></span> 
     </span>
    </p>
   </div>
   <div class='ocr_carea' id='block_1_104' title="bbox 372 5180 1954 5262">
    <p class='ocr_par' dir='ltr' id='par_1_104' title="bbox 372 5180 1954 5262">
     <span class='ocr_line' id='line_1_104' title="bbox 372 5180 1954 5262; baseline -0.004 -9"><span class='ocrx_word' id='word_1_694' title='bbox 372 5196 649 5253; x_wconf 87' lang='lat' dir='ltr'><strong>Bethleem</strong></span> <span class='ocrx_word' id='word_1_695' title='bbox 669 5236 684 5262; x_wconf 92' lang='lat'><strong>,</strong></span> <span class='ocrx_word' id='word_1_696' title='bbox 703 5195 793 5249; x_wconf 91' lang='lat' dir='ltr'><strong>ubi</strong></span> <span class='ocrx_word' id='word_1_697' title='bbox 818 5194 1080 5249; x_wconf 89' lang='lat' dir='ltr'><strong>Dominus</strong></span> <span class='ocrx_word' id='word_1_698' title='bbox 1102 5180 1401 5249; x_wconf 85' lang='lat' dir='ltr'><strong>secundum</strong></span> <span class='ocrx_word' id='word_1_699' title='bbox 1420 5206 1640 5248; x_wconf 88' lang='lat' dir='ltr'><strong>carnem</strong></span> <span class='ocrx_word' id='word_1_700' title='bbox 1659 5202 1820 5249; x_wconf 90' lang='lat' dir='ltr'><strong>natus</strong></span> <span class='ocrx_word' id='word_1_701' title='bbox 1844 5191 1954 5247; x_wconf 82' lang='lat' dir='ltr'><strong>fue-</strong></span> 
     </span>
    </p>
   </div>
   <div class='ocr_carea' id='block_1_105' title="bbox 372 5278 1954 5355">
    <p class='ocr_par' dir='ltr' id='par_1_105' title="bbox 372 5278 1954 5355">
     <span class='ocr_line' id='line_1_105' title="bbox 372 5278 1954 5355; baseline -0.003 -11"><span class='ocrx_word' id='word_1_702' title='bbox 372 5278 460 5345; x_wconf 82' lang='lat' dir='ltr'><strong>rat</strong></span> <span class='ocrx_word' id='word_1_703' title='bbox 485 5331 500 5355; x_wconf 90' lang='lat'><strong>,</strong></span> <span class='ocrx_word' id='word_1_704' title='bbox 539 5299 593 5344; x_wconf 87' lang='lat' dir='ltr'><strong>et</strong></span> <span class='ocrx_word' id='word_1_705' title='bbox 623 5290 676 5344; x_wconf 92' lang='lat' dir='ltr'><strong>in</strong></span> <span class='ocrx_word' id='word_1_706' title='bbox 710 5297 899 5344; x_wconf 90' lang='lat' dir='ltr'><strong>monte</strong></span> <span class='ocrx_word' id='word_1_707' title='bbox 933 5286 1234 5353; x_wconf 86' lang='lat' dir='ltr'><strong>Olivarum,</strong></span> <span class='ocrx_word' id='word_1_708' title='bbox 1271 5285 1360 5341; x_wconf 90' lang='lat' dir='ltr'><strong>ubi</strong></span> <span class='ocrx_word' id='word_1_709' title='bbox 1392 5284 1650 5340; x_wconf 89' lang='lat' dir='ltr'><strong>Dominus</strong></span> <span class='ocrx_word' id='word_1_710' title='bbox 1676 5283 1954 5354; x_wconf 88' lang='lat' dir='ltr'><strong>discipulis</strong></span> 
     </span>
    </p>
   </div>
   <div class='ocr_carea' id='block_1_106' title="bbox 374 5375 1955 5451">
    <p class='ocr_par' dir='ltr' id='par_1_106' title="bbox 374 5375 1955 5451">
     <span class='ocr_line' id='line_1_106' title="bbox 374 5375 1955 5451; baseline -0.005 -10"><span class='ocrx_word' id='word_1_711' title='bbox 374 5385 700 5441; x_wconf 88' lang='lat' dir='ltr'><strong>benedicens</strong></span> <span class='ocrx_word' id='word_1_712' title='bbox 723 5422 739 5448; x_wconf 88' lang='lat'><strong>,</strong></span> <span class='ocrx_word' id='word_1_713' title='bbox 768 5389 1077 5451; x_wconf 83' lang='lat' dir='ltr'><strong>assumptus</strong></span> <span class='ocrx_word' id='word_1_714' title='bbox 1105 5388 1184 5435; x_wconf 89' lang='lat' dir='ltr'><strong>est</strong></span> <span class='ocrx_word' id='word_1_715' title='bbox 1205 5419 1220 5443; x_wconf 91' lang='lat'><strong>,</strong></span> <span class='ocrx_word' id='word_1_716' title='bbox 1251 5378 1481 5451; x_wconf 89' lang='lat' dir='ltr'><strong>aliisque</strong></span> <span class='ocrx_word' id='word_1_717' title='bbox 1495 5376 1770 5449; x_wconf 84' lang='lat' dir='ltr'><strong>praeclaris</strong></span> <span class='ocrx_word' id='word_1_718' title='bbox 1792 5375 1844 5431; x_wconf 86' lang='lat' dir='ltr'><strong>id</strong></span> <span class='ocrx_word' id='word_1_719' title='bbox 1862 5391 1955 5448; x_wconf 84' lang='lat' dir='ltr'><strong>ge-</strong></span> 
     </span>
    </p>
   </div>
   <div class='ocr_carea' id='block_1_107' title="bbox 371 5468 1279 5541">
    <p class='ocr_par' dir='ltr' id='par_1_107' title="bbox 371 5468 1279 5541">
     <span class='ocr_line' id='line_1_107' title="bbox 371 5468 1279 5541; baseline -0.008 -9"><span class='ocrx_word' id='word_1_720' title='bbox 371 5491 475 5533; x_wconf 86' lang='lat' dir='ltr'><strong>nus</strong></span> <span class='ocrx_word' id='word_1_721' title='bbox 504 5472 797 5541; x_wconf 82' lang='lat' dir='ltr'><strong>conlectis,</strong></span> <span class='ocrx_word' id='word_1_722' title='bbox 821 5472 885 5529; x_wconf 84' lang='lat' dir='ltr'><strong>ad</strong></span> <span class='ocrx_word' id='word_1_723' title='bbox 915 5472 1081 5528; x_wconf 82' lang='lat' dir='ltr'><strong>lilium</strong></span> <span class='ocrx_word' id='word_1_724' title='bbox 1100 5468 1279 5527; x_wconf 81' lang='lat' dir='ltr'><strong>rediit.</strong></span> 
     </span>
    </p>
   </div>
   <div class='ocr_carea' id='block_1_108' title="bbox 380 5734 1953 5816">
    <p class='ocr_par' dir='ltr' id='par_1_108' title="bbox 380 5734 1953 5816">
     <span class='ocr_line' id='line_1_108' title="bbox 380 5734 1953 5816; baseline 0.003 -24"><span class='ocrx_word' id='word_1_725' title='bbox 380 5734 387 5741; x_wconf 84' lang='grc'><em>’</em></span> <span class='ocrx_word' id='word_1_726' title='bbox 444 5740 618 5810; x_wconf 77' lang='lat' dir='ltr'><strong>Quam</strong></span> <span class='ocrx_word' id='word_1_727' title='bbox 643 5756 835 5816; x_wconf 87' lang='lat' dir='ltr'><strong>magna</strong></span> <span class='ocrx_word' id='word_1_728' title='bbox 864 5756 988 5800; x_wconf 89' lang='lat' dir='ltr'><strong>cum</strong></span> <span class='ocrx_word' id='word_1_729' title='bbox 1013 5741 1287 5814; x_wconf 78' lang='lat' dir='ltr'><strong>voluptate</strong></span> <span class='ocrx_word' id='word_1_730' title='bbox 1314 5740 1614 5812; x_wconf 78' lang='lat' dir='ltr'><strong>suscipiens</strong></span> <span class='ocrx_word' id='word_1_731' title='bbox 1664 5738 1953 5798; x_wconf 69' lang='lat' dir='ltr'><strong>adoranda:</strong></span> 
     </span>
    </p>
   </div>
   <div class='ocr_carea' id='block_1_109' title="bbox 2046 5007 3628 5080">
    <p class='ocr_par' dir='ltr' id='par_1_109' title="bbox 2046 5007 3628 5080">
     <span class='ocr_line' id='line_1_109' title="bbox 2046 5007 3628 5080; baseline -0.002 -19"><span class='ocrx_word' id='word_1_732' title='bbox 2046 5009 2150 5079; x_wconf 72' lang='grc' dir='ltr'><strong>τῆς</strong></span> <span class='ocrx_word' id='word_1_733' title='bbox 2190 5008 2419 5074; x_wconf 87' lang='grc' dir='ltr'>πόλεως,</span> <span class='ocrx_word' id='word_1_734' title='bbox 2479 5011 2560 5073; x_wconf 84' lang='grc' dir='ltr'>εἰς</span> <span class='ocrx_word' id='word_1_735' title='bbox 2613 5008 2960 5080; x_wconf 88' lang='grc' dir='ltr'>μνημόσυνον</span> <span class='ocrx_word' id='word_1_736' title='bbox 3014 5007 3218 5071; x_wconf 87' lang='grc' dir='ltr'>πάσαις</span> <span class='ocrx_word' id='word_1_737' title='bbox 3264 5007 3500 5075; x_wconf 89' lang='grc' dir='ltr'>γενεαῖς,</span> <span class='ocrx_word' id='word_1_738' title='bbox 3534 5007 3628 5059; x_wconf 81' lang='grc' dir='ltr'>καὶ</span> 
     </span>
    </p>
   </div>
   <div class='ocr_carea' id='block_1_110' title="bbox 2053 5096 3628 5172">
    <p class='ocr_par' dir='ltr' id='par_1_110' title="bbox 2053 5096 3628 5172">
     <span class='ocr_line' id='line_1_110' title="bbox 2053 5096 3628 5172; baseline -0.001 -20"><span class='ocrx_word' id='word_1_739' title='bbox 2053 5098 2359 5154; x_wconf 80' lang='grc' dir='ltr'>θεσπίσασα</span> <span class='ocrx_word' id='word_1_740' title='bbox 2392 5100 2693 5172; x_wconf 80' lang='grc' dir='ltr'>ἐκκλησίαν</span> <span class='ocrx_word' id='word_1_741' title='bbox 2732 5098 2985 5169; x_wconf 85' lang='grc' dir='ltr'>γενέσθαι</span> <span class='ocrx_word' id='word_1_742' title='bbox 3027 5101 3085 5154; x_wconf 86' lang='grc' dir='ltr'><strong>ἐν</strong></span> <span class='ocrx_word' id='word_1_743' title='bbox 3109 5097 3187 5168; x_wconf 81' lang='grc' dir='ltr'>τῷ</span> <span class='ocrx_word' id='word_1_744' title='bbox 3217 5096 3463 5168; x_wconf 81' lang='grc' dir='ltr'>ζωοποιῷ</span> <span class='ocrx_word' id='word_1_745' title='bbox 3491 5098 3628 5168; x_wconf 81' lang='grc' dir='ltr'>μνή-</span> 
     </span>
    </p>
   </div>
   <div class='ocr_carea' id='block_1_111' title="bbox 2057 5185 3629 5261">
    <p class='ocr_par' dir='ltr' id='par_1_111' title="bbox 2057 5185 3629 5261">
     <span class='ocr_line' id='line_1_111' title="bbox 2057 5185 3629 5261; baseline -0.001 -18"><span class='ocrx_word' id='word_1_746' title='bbox 2057 5206 2187 5261; x_wconf 91' lang='grc' dir='ltr'>ματι</span> <span class='ocrx_word' id='word_1_747' title='bbox 2223 5190 2318 5243; x_wconf 76' lang='grc' dir='ltr'><strong>καὶ</strong></span> <span class='ocrx_word' id='word_1_748' title='bbox 2347 5188 2425 5260; x_wconf 80' lang='grc' dir='ltr'>τῷ</span> <span class='ocrx_word' id='word_1_749' title='bbox 2453 5188 2595 5261; x_wconf 83' lang='grc' dir='ltr'>ἁγίῳ</span> <span class='ocrx_word' id='word_1_750' title='bbox 2622 5187 2863 5259; x_wconf 83' lang='grc' dir='ltr'>Γολγοθᾷ</span> <span class='ocrx_word' id='word_1_751' title='bbox 2888 5188 2983 5242; x_wconf 62' lang='grc' dir='ltr'>καὶ</span> <span class='ocrx_word' id='word_1_752' title='bbox 3020 5189 3077 5241; x_wconf 87' lang='grc' dir='ltr'><strong>ἐν</strong></span> <span class='ocrx_word' id='word_1_753' title='bbox 3106 5190 3171 5258; x_wconf 81' lang='grc' dir='ltr'>τῇ</span> <span class='ocrx_word' id='word_1_754' title='bbox 3198 5186 3447 5258; x_wconf 84' lang='grc' dir='ltr'>Βηθλεέμ</span> <span class='ocrx_word' id='word_1_755' title='bbox 3467 5188 3524 5241; x_wconf 90' lang='grc' dir='ltr'><strong>ἐν</strong></span> <span class='ocrx_word' id='word_1_756' title='bbox 3551 5185 3629 5256; x_wconf 84' lang='grc' dir='ltr'><strong>τῷ</strong></span> 
     </span>
    </p>
   </div>
   <div class='ocr_carea' id='block_1_112' title="bbox 2055 5276 3632 5351">
    <p class='ocr_par' dir='ltr' id='par_1_112' title="bbox 2055 5276 3632 5351">
     <span class='ocr_line' id='line_1_112' title="bbox 2055 5276 3632 5351; baseline -0.003 -18"><span class='ocrx_word' id='word_1_757' title='bbox 2055 5279 2328 5351; x_wconf 85' lang='grc' dir='ltr'>σπηλαίῳ,</span> <span class='ocrx_word' id='word_1_758' title='bbox 2373 5280 2502 5334; x_wconf 74' lang='grc' dir='ltr'>ἔνθα</span> <span class='ocrx_word' id='word_1_759' title='bbox 2526 5282 2555 5333; x_wconf 82' lang='grc' dir='ltr'><strong>δ</strong></span> <span class='ocrx_word' id='word_1_760' title='bbox 2582 5279 2784 5350; x_wconf 84' lang='grc' dir='ltr'>Κύριος</span> <span class='ocrx_word' id='word_1_761' title='bbox 2823 5278 2982 5349; x_wconf 84' lang='grc' dir='ltr'>ἡμῶν</span> <span class='ocrx_word' id='word_1_762' title='bbox 3030 5276 3239 5347; x_wconf 84' lang='grc' dir='ltr'>Ἰησοῦς</span> <span class='ocrx_word' id='word_1_763' title='bbox 3267 5278 3499 5349; x_wconf 80' lang='grc' dir='ltr'>Χριστὸς</span> <span class='ocrx_word' id='word_1_764' title='bbox 3531 5276 3632 5347; x_wconf 83' lang='grc' dir='ltr'>τὴν</span> 
     </span>
    </p>
   </div>
   <div class='ocr_carea' id='block_1_113' title="bbox 2056 5369 3630 5443">
    <p class='ocr_par' dir='ltr' id='par_1_113' title="bbox 2056 5369 3630 5443">
     <span class='ocr_line' id='line_1_113' title="bbox 2056 5369 3630 5443; baseline -0.004 -16"><span class='ocrx_word' id='word_1_765' title='bbox 2056 5374 2195 5429; x_wconf 89' lang='grc' dir='ltr'><strong>κατά</strong></span> <span class='ocrx_word' id='word_1_766' title='bbox 2254 5375 2430 5443; x_wconf 86' lang='grc' dir='ltr'>σάρκα</span> <span class='ocrx_word' id='word_1_767' title='bbox 2481 5372 2733 5441; x_wconf 86' lang='grc' dir='ltr'>γέννησιν</span> <span class='ocrx_word' id='word_1_768' title='bbox 2786 5371 3070 5442; x_wconf 74' lang='grc' dir='ltr'>ὑπέμεινε,</span> <span class='ocrx_word' id='word_1_769' title='bbox 3104 5371 3199 5425; x_wconf 72' lang='grc' dir='ltr'><strong>καὶ</strong></span> <span class='ocrx_word' id='word_1_770' title='bbox 3250 5372 3308 5424; x_wconf 80' lang='grc' dir='ltr'><strong>ἐν</strong></span> <span class='ocrx_word' id='word_1_771' title='bbox 3360 5370 3477 5440; x_wconf 82' lang='grc' dir='ltr'>δρει</span> <span class='ocrx_word' id='word_1_772' title='bbox 3521 5369 3630 5423; x_wconf 85' lang='grc' dir='ltr'><strong>τῶν</strong></span> 
     </span>
    </p>
   </div>
   <div class='ocr_carea' id='block_1_114' title="bbox 2068 5460 3634 5534">
    <p class='ocr_par' dir='ltr' id='par_1_114' title="bbox 2068 5460 3634 5534">
     <span class='ocr_line' id='line_1_114' title="bbox 2068 5460 3634 5534; baseline -0.003 -17"><span class='ocrx_word' id='word_1_773' title='bbox 2068 5465 2315 5532; x_wconf 84' lang='grc' dir='ltr'>Ἐλαιῶν,</span> <span class='ocrx_word' id='word_1_774' title='bbox 2345 5462 2471 5517; x_wconf 78' lang='grc' dir='ltr'>ἔνθα</span> <span class='ocrx_word' id='word_1_775' title='bbox 2495 5465 2523 5517; x_wconf 85' lang='grc' dir='ltr'>ὁ</span> <span class='ocrx_word' id='word_1_776' title='bbox 2557 5462 2759 5534; x_wconf 86' lang='grc' dir='ltr'>Κύριος</span> <span class='ocrx_word' id='word_1_777' title='bbox 2785 5462 3085 5533; x_wconf 84' lang='grc' dir='ltr'>εὐλογήσας</span> <span class='ocrx_word' id='word_1_778' title='bbox 3108 5461 3235 5524; x_wconf 76' lang='grc' dir='ltr'>τοὺς</span> <span class='ocrx_word' id='word_1_779' title='bbox 3268 5460 3512 5531; x_wconf 78' lang='grc' dir='ltr'>μαθητὰς</span> <span class='ocrx_word' id='word_1_780' title='bbox 3543 5462 3634 5513; x_wconf 87' lang='grc' dir='ltr'>ἀν-</span> 
     </span>
    </p>
   </div>
   <div class='ocr_carea' id='block_1_115' title="bbox 2046 5551 3631 5631">
    <p class='ocr_par' dir='ltr' id='par_1_115' title="bbox 2046 5551 3631 5631">
     <span class='ocr_line' id='line_1_115' title="bbox 2046 5551 3631 5631; baseline -0.003 -23"><span class='ocrx_word' id='word_1_781' title='bbox 2046 5555 2286 5631; x_wconf 80' lang='grc' dir='ltr'>ελήφθη.</span> <span class='ocrx_word' id='word_1_782' title='bbox 2313 5556 2421 5609; x_wconf 71' lang='grc' dir='ltr'>Καὶ</span> <span class='ocrx_word' id='word_1_783' title='bbox 2445 5555 2581 5609; x_wconf 82' lang='grc' dir='ltr'>ἄλλα</span> <span class='ocrx_word' id='word_1_784' title='bbox 2637 5554 2809 5608; x_wconf 83' lang='grc' dir='ltr'>πολλὰ</span> <span class='ocrx_word' id='word_1_785' title='bbox 2838 5555 3110 5625; x_wconf 77' lang='grc' dir='ltr'>ποιήσασα</span> <span class='ocrx_word' id='word_1_786' title='bbox 3125 5554 3181 5607; x_wconf 87' lang='grc' dir='ltr'><strong>ἐν</strong></span> <span class='ocrx_word' id='word_1_787' title='bbox 3215 5551 3631 5623; x_wconf 81' lang='grc' dir='ltr'>Ἱεροσολύμοις,</span> 
     </span>
    </p>
   </div>
   <div class='ocr_carea' id='block_1_116' title="bbox 2056 5645 2851 5719">
    <p class='ocr_par' dir='ltr' id='par_1_116' title="bbox 2056 5645 2851 5719">
     <span class='ocr_line' id='line_1_116' title="bbox 2056 5645 2851 5719; baseline -0.001 -18"><span class='ocrx_word' id='word_1_788' title='bbox 2056 5646 2352 5717; x_wconf 73' lang='grc' dir='ltr'>ἀνέστρεψε</span> <span class='ocrx_word' id='word_1_789' title='bbox 2379 5648 2515 5719; x_wconf 82' lang='grc' dir='ltr'>πρὸς</span> <span class='ocrx_word' id='word_1_790' title='bbox 2545 5645 2637 5701; x_wconf 81' lang='grc' dir='ltr'><strong>τὸν</strong></span> <span class='ocrx_word' id='word_1_791' title='bbox 2669 5647 2851 5701; x_wconf 88' lang='grc' dir='ltr'>παῖδα.</span> 
     </span>
    </p>
   </div>
   <div class='ocr_carea' id='block_1_117' title="bbox 2143 5734 3635 5814">
    <p class='ocr_par' dir='ltr' id='par_1_117' title="bbox 2143 5734 3635 5814">
     <span class='ocr_line' id='line_1_117' title="bbox 2143 5734 3635 5814; baseline -0.004 -19"><span class='ocrx_word' id='word_1_792' title='bbox 2143 5740 2203 5809; x_wconf 72' lang='lat' dir='ltr'><strong>&#39;Q</strong></span> <span class='ocrx_word' id='word_1_793' title='bbox 2228 5739 2282 5795; x_wconf 81' lang='grc' dir='ltr'><strong>δέ</strong></span> <span class='ocrx_word' id='word_1_794' title='bbox 2327 5738 2465 5811; x_wconf 69' lang='grc' dir='ltr'>μετὰ</span> <span class='ocrx_word' id='word_1_795' title='bbox 2508 5740 2684 5814; x_wconf 70' lang='grc' dir='ltr'>χαράς</span> <span class='ocrx_word' id='word_1_796' title='bbox 2732 5737 2901 5809; x_wconf 76' lang='grc' dir='ltr'>αὐτὴν</span> <span class='ocrx_word' id='word_1_797' title='bbox 2937 5736 3355 5811; x_wconf 74' lang='grc' dir='ltr'>ὑποδεξάμενος,</span> <span class='ocrx_word' id='word_1_798' title='bbox 3388 5734 3486 5807; x_wconf 71' lang='grc' dir='ltr'>τὴν</span> <span class='ocrx_word' id='word_1_799' title='bbox 3533 5735 3635 5806; x_wconf 69' lang='grc' dir='ltr'><strong>μὲν</strong></span> 
     </span>
    </p>
   </div>
  </div>
