4036 6226
395 372 526 443 4031
590 384 593 389 ’
728 392 734 399 ’
1364 370 1955 441 DEINYENTIONE
1997 376 2304 439 SANCTa-E
2336 376 2630 440 CilUClS.
2898 422 2901 423 ν
3518 369 3661 435 ιθὸὶ

395 489 486 541 τοῦ
507 488 685 557 τιμίου
720 486 951 558 σταυροῦ
987 486 1177 558 μερξδα
1211 488 1266 538 ἒν
1298 488 1474 557 χρυσῇ
1507 484 1651 555 θήκῃ
1683 482 1958 551 ἀποθέμε-
1998 496 2014 545 Α

2115 487 2243 541 ·ιιοίε
2283 496 2486 556 partem
2513 489 2564 541 in
2589 486 2969 544 loculisaurcis
2996 489 3254 554 reposuit,
3275 500 3503 554 eamque
3540 485 3654 550 epi-

396 594 504 641 νος,
543 578 824 647 παρέδωκε
853 577 929 647 τῷ
966 576 1246 645 ὲπισκόπῳ
1274 576 1353 638 είς
1380 578 1631 645 τήρησιν,
1669 573 1967 635 ὲνιαυσίαις
1994 592 2001 597 θ

2115 593 2237 647 :0po
2283 587 2541 648 perpetuo
2578 579 2987 634 custodiendam
3015 580 3157 635 dedit
3182 622 3196 645 ,
3238 579 3434 632 annuis
3481 577 3656 643 festis,

402 671 643 739 μνήμαις
673 669 953 740 ἑορτάζειν
976 668 1071 739 τὴν
1097 667 1367 733 ἀνάδειξιν
1394 666 1487 720 τοῦ
1513 666 1700 733 τιμίου
1734 663 1970 733 σταυροῦ

402 761 730 832 προστάξας.
763 763 884 815 Τῶν
913 763 970 815 δὲ
996 763 1142 833 ἥλων
1166 763 1289 824 τοὺς
1313 761 1410 830 μὲν
1433 762 1511 823 εἰς
1538 759 1637 831 τὴν
1665 759 1801 811 ἰδίαν
1819 774 1974 829 περι-

402 854 701 922 κεφαλαίαν
747 855 1094 926 ὲχάλκευτεν.
1127 855 1254 916 τοὺς
1281 853 1338 905 δὲ
1383 851 1604 921 ἀνέμιξε
1643 851 1721 920 τῷ
1757 851 1972 918 συμϐα-
2060 848 2063 853 λ

405 947 506 1021 ρίῳ
530 948 624 1001 τοῦ
654 948 821 1002 ἵππου
851 947 1039 1013 αὐτοῦ,
1072 949 1159 1001 ἵνα
1184 946 1445 1017 πληρωθῇ
1465 945 1522 998 τὸ
1553 943 1717 1015 ῥηθὲν
1745 941 1837 995 τοῦ
1862 944 1974 995 Κυ-

407 1038 523 1108 ρίου
569 1038 655 1092 διὰ
706 1038 800 1092 τοῦ
856 1040 1134 1109 προφήτου
1173 1037 1458 1104 λέγοντος⁹
1496 1053 1512 1084 ι
1561 1035 1649 1087 Ἐν
1692 1035 1758 1105 τῇ
1795 1033 1977 1104 ἡμέρᾳ

405 1131 612 1200 ἐκείνῃ,
655 1130 804 1185 ἔσται
844 1133 903 1183 τὸ
940 1130 1032 1184 ἐπὶ
1058 1130 1149 1183 τὸν
1201 1126 1556 1200 χαλινὸνιτοῦ
1593 1127 1785 1192 ἵππου,
1827 1126 1979 1192 ’ἅγιον

407 1220 598 1290 Κυρίῳ
630 1221 1051 1291 παντοκράτορι.
1097 1239 1115 1268 ι

491 1314 551 1365 ⁸0
583 1313 639 1366 δὲ
684 1313 936 1383 βασιλεὺς
970 1311 1503 1391 ἐγραψεὲπισικόπῳ
1542 1309 1813 1381 Μακαρίῳ
1864 1312 1981 1361 ἑπι-

416 1405 668 1458 σπεύδειν
716 1404 815 1477 τὴν
870 1406 1179 1474 οἰκοδομὴν,
1238 1408 1332 1458 καὶ
1383 1405 1617 1473 ἄρχοντα
1667 1401 1767 1456 τοῦ
1820 1402 1982 1473 ἔργου

412 1494 701 1549 ἀπέστειλε
735 1494 873 1564 μετά
917 1493 1195 1563 δαψιλείας
1237 1493 1556 1563 χρημάτων,
1612 1490 1984 1561 παραγγείλας

413 1586 562 1655 αὑτῷ
592 1585 890 1656 φιλοτίμως
940 1585 1222 1653 κτισθῆναι
1271 1585 1397 1647 τοὺς
1429 1585 1616 1653 ἁγίους
1660 1584 1879 1646 τόπους,
1910 1583 1983 1646 ὼς
2025 1586 2029 1590 ’

418 1672 493 1742 μὴ
518 1666 658 1726 εἶναι
690 1671 945 1742 τοιαύτην
974 1672 1240 1742 καλλονὴν
1268 1675 1328 1726 ἐν
1357 1672 1504 1744 πάσῃ
1530 1675 1594 1742 τῇ
1621 1675 1714 1742 γῇ.
1740 1669 1985 1742 Ἔγραψε

415 1765 470 1818 δὲ
505 1767 597 1818 καὶ
630 1766 742 1828 τοῖς
769 1765 1005 1835 ἡγεμόσι
1039 1765 1136 1835 τῆς
1188 1766 1458 1835 ἐπαρχίας
1492 1762 1760 1825 παντοίως
1800 1761 1987 1814 συνελ-

2076 667 2437 723 inventionem
2459 670 2637 726 crucis
2662 671 3034 726 celebrandam
3060 671 3441 741 praescribens.
3468 669 3662 725 (llavns

2075 767 2253 813 autem
2294 760 2490 828 partim
2534 762 2698 830 galeae
2742 777 2851 817 suae
2884 763 3060 818 incudi
3104 764 3411 827 mandavit,
3466 762 3661 832 partim

2075 850 2196 919 equi
2220 850 2517 921 sttilupatis
2546 852 2871 919 immiscuit,
2896 867 2954 907 ut
2981 854 3297 923 impleretur
3321 853 3461 923 quod
3495 870 3521 906 a
3562 855 3661 906 lin-

2076 942 2224 998 ntino
2245 959 2339 1013 per
2360 945 2672 1013 prophetam
2707 945 2907 1001 d?etum
2930 946 3142 1002 fuerat:
3176 946 3260 998 tln
3293 946 3378 998 illa
3423 946 3505 998 die
3543 946 3664 1007 erit,

2078 1037 2221 1103 quod
2240 1052 2398 1102 super
2423 1038 2632 1093 frenum
2656 1041 2775 1108 equi
2805 1049 2887 1095 est
2905 1079 2920 1105 ,
2945 1049 3192 1095 sanetum
3230 1040 3454 1094 Domino
3496 1039 3670 1090 omni-

2091 1130 2291 1196 potenti
2309 1128 2374 1184 ³³.
2390 1147 2408 1180 ι

2149 1304 2446 1375 Imperator
2468 1309 2659 1362 deinde
2680 1308 2745 1362 ad
2772 1307 3059 1364 Macarium
3088 1312 3399 1378 episcopum
3418 1309 3631 1376 scripsit
3654 1341 3667 1362 .

2085 1405 2153 1451 ut'
2178 1399 2586 1454 aediﬁcationem
2636 1399 2956 1468 templorum
2992 1409 3284 1455 maturaret
3305 1404 3337 1464 ,’
3360 1409 3413 1454 et
3441 1401 3671 1455 archite—

2085 1500 2229 1544 ctum
2247 1504 2321 1543 eoa
2335 1490 2501 1556 tnisit,
2519 1507 2639 1544 cum
2662 1506 2852 1561 magno
2870 1491 3107 1558 pecuniae
3125 1492 3378 1559 pondere,
3403 1491 3487 1546 t-ui
3513 1491 3673 1546 etiam

2086 1580 2137 1635 in
2174 1582 2440 1636 mandatis
2491 1581 2634 1636 dedit
2661 1621 2678 1645 ,
2710 1592 2767 1635 ut
2793 1581 3074 1652 diligenter
3104 1596 3260 1636 sacra
3287 1581 3402 1634 loca
3435 1580 3675 1635 aediliciis

2084 1682 2390 1736 exornaret,
2423 1676 2492 1728 ita
2519 1685 2576 1728 ut
2602 1690 2784 1730 eorum
2808 1673 3219 1742 magniﬁcentiae
3248 1673 3383 1728 nihil
3411 1682 3523 1726 toto
3542 1676 3674 1727 orbe

2090 1780 2187 1832 par
2227 1764 2451 1818 inveniri
2491 1776 2688 1833 posset.
2720 1761 2951 1832 Scripsit
2980 1764 3140 1817 etiam
3183 1763 3247 1816 ad
3287 1762 3569 1831 praefectos
3616 1762 3680 1815 il-

416 1857 530 1909 θεῖν
566 1856 644 1926 τῷ
679 1831 832 1929 ἔργίρ-
854 1831 917 1911 ἐκ
942 1857 1035 1911 τοῦ
1076 1831 1550 1926 δημοσίοίιλόγου,
1582 1855 1638 1908 ἓν
1671 1871 1727 1906 τε
1746 1856 1989 1925 χρήμασι

2117 1859 2199 1912 ius
2227 1858 2536 1925 provinciae,
2570 1866 2621 1910 ιιι
2652 1856 2864 1925 publico
2884 1857 3398 1924 mt-eetsumptibus,
3421 1864 3471 1909 et
3509 1865 3678 1908 matc-

418 1949 512 2000 καὶ
544 1947 865 2016 ἀναλώμασι
894 1949 990 2003 καὶ
1016 1948 1193 2011 ῦλαις.
1215 1944 1322 2013 Ἦν
1343 1947 1399 2000 δὲ
1428 1949 1454 2000 ὁ
1478 1946 1730 2016 βασιλεὺς
1753 1945 1991 2015 φαιδρῶς

419 2038 569 2105 ἄγων
594 2041 694 2104 τῆς
723 2041 1160 2110 είκοσαετηρίδος
1183 2041 1282 2108 τὴν
1310 2040 1522 2111 ἑορτὴν,
1556 2037 1891 2110 εὐχαριστῶν
1915 2036 1993 2107 τῷ

420 2129 541 2200 Θεῷ
570 2133 709 2203 ὑπὲρ
735 2133 954 2185 πάντων
987 2132 1095 2185 τῶν
1123 2131 1366 2199 ἀγαθῶν,
1396 2126 1471 2184 ὦν
1513 2131 1765 2201 ἐποίησεν
1801 2131 1857 2182 ἐν
1883 2132 1993 2191 τοῖς

421 2222 636 2293 χρόνοις
659 2223 759 2291 τῆς
791 2222 1066 2292 βασιλείας
1102 2223 1287 2278 αὑτοῦ.
1328 2225 1657 2292 Συνάγονται
1696 2223 1750 2277 δὲ
1790 2222 1865 2276 τὰ
1900 2222 1994 2293 ἔτη

421 2314 531 2368 ἀπὸ
574 2305 670 2384 μὲν
718 2314 957 2385 Χριστοῦ
991 2316 1291 2386 παρουσίας
1338 2316 1442 2378 ἕως
1478 2316 1578 2385 τῆς
1609 2315 1874 2383 εὑρέσεως
1903 2313 1994 2367 τοῦ

424 2406 686 2477 σταυροῦ,
723 2409 1009 2479 τριακόσια
1064 2410 1399 2480 πεντήκοντα
1446 2408 1540 2462 δύο
1599 2408 1714 2479 ἔτη.
1761 2408 1894 2462 Ἀπὸ
1941 2408 1997 2461 δὲ

436 2498 609 2568 ’Λδὰμ
639 2498 746 2562 ἕως
792 2499 1091 2570 παρουσίας
1141 2500 1400 2570 Χριστοῦ,
1453 2500 1546 2570 ἔτη
1588 2498 1999 2569 πεντακισχίλια

427 2591 782 2645 πεντακόσια.
829 2590 968 2645 Καθ’
999 2591 1215 2661 ἑτέρους
1254 2591 1310 2644 δὲ
1341 2590 1753 2661 πεντακισχίλια
1802 2605 1998 2660 τετρα-

429 2682 586 2736 κόσια
621 2682 992 2754 ἑϐδομήκοντα
1028 2682 1212 2736 πέντε.

513 2857 601 2911 Ἐν
628 2857 683 2909 δὲ
720 2856 878 2926 Αἱλίξι
920 2857 1012 2910 τὸν
1041 2855 1362 2930 φερώνυμον
1398 2857 1686 2928 Μακάριον
1734 2855 2004 2920 διεδέξατο

434 2946 787 3016 Μαξιμωνᾶς.
819 2941 989 3010 Οὗτος
1012 2948 1068 3002 δὲ
1095 2950 1267 3019 πρᾶος
1292 2948 1429 3018 ἀνὴρ
1455 2948 1548 3001 καὶ
1575 2948 1842 3018 ἐπίσημος
1859 2948 2001 3002 λίαν.

448 3038 536 3090 Ἐν
565 3038 672 3108 γὰρ
702 3037 781 3108 τῷ
815 3038 1043 3109 διωγμῷ
1084 3039 1282 3103 πολλὰς
1325 3039 1590 3108 βασάνους
1635 3039 1895 3110 ὑπέμεινε
1919 3038 2007 3092 διὰ

2097 1953 2172 2005 ria
2194 1951 2322 2005 illud
2356 1966 2518 2020 opus,
2548 1959 2809 2020 quantum
2854 1961 3074 2019 possent
3098 1959 3497 2017 pronioverettt.
3524 1948 3680 2003 (lele-

2096 2042 2290 2098 ltrabat
2333 2052 2509 2096 autem
2547 2051 2671 2096 tunc
2717 2042 3012 2110 imperator
3047 2040 3323 2108 splendide
3369 2039 3576 2108 imperii
3599 2040 3680 2092 sui

2099 2128 2416 2200 vicenualia,
2449 2134 2647 2205 gratias
2677 2150 2843 2204 agens
2865 2134 2972 2187 Deo
3004 2149 3100 2201 pro
3127 2133 3380 2188 omnibus
3402 2130 3677 2185 beneﬁciis

2101 2238 2341 2296 tempore
2370 2227 2583 2296 imperii
2606 2227 2656 2281 iu
2692 2242 2750 2281 se
2790 2226 3020 2280 collatis.
3048 2225 3391 2295 Colliguntur
3437 2233 3615 2276 autem
3652 2236 3681 2273 a

2097 2318 2299 2374 Christi
2317 2319 2369 2373 in
2393 2316 2555 2374 carne
2578 2319 2883 2388 praesentia,
2903 2332 3072 2385 usque
3089 2317 3153 2371 ad
3184 2326 3396 2384 tempus
3421 2313 3687 2369 inventio-

2100 2411 2186 2466 nis
2248 2409 2422 2466 crueis
2469 2411 2820 2473 venerandae,
2858 2410 2984 2463 anui
3027 2406 3251 2463 trecenti
3295 2406 3701 2475 quinquaginta.

2102 2505 2229 2558 duo.
2275 2503 2356 2557 Ab
2400 2502 2569 2555 Adam
2589 2516 2739 2565 vero,
2777 2501 3033 2567 usquead
3060 2509 3272 2570 tempus
3315 2514 3422 2568 quo
3441 2496 3689 2552 Christus

2102 2599 2156 2650 in
2202 2610 2366 2650 carne
2396 2591 2663 2664 apparuit,
2711 2593 2836 2646 anni
2860 2590 3144 2661 quinquies
3196 2590 3340 2645 mille
3364 2588 3641 2660 quingenti
3672 2608 3685 2644 :

2103 2688 2393 2744 secundum
2424 2687 2559 2740 alios
2576 2700 2701 2741 vero
2738 2684 3025 2756 quinquies
3041 2683 3182 2739 mille
3205 2681 3584 2754 quadringenti
3604 2697 3690 2736 se-

2105 2764 2381 2851 ptuaginta
2416 2779 2671 2849 quinque.

2176 2869 2232 2925 In
2287 2870 2418 2925 uthe
2456 2881 2633 2923 autem
2667 2869 2807 2924 .Elia
2847 2868 3113 2924 successit
3150 2866 3388 2923 Macario
3443 2867 3694 2936 episcolio

2106 2962 2428 3018 Maximinus
2459 2963 2540 3015 vir
2573 2962 2996 3031 placidissimus,
3037 2971 3092 3016 et
3125 2958 3453 3015 venerabilis
3498 2958 3549 3013 in
3585 2959 3699 3028 pri-

2111 3054 2246 3119 mis,
2282 3063 2467 3122 utpote
2533 3054 2623 3123 qui
2684 3054 2736 3108 in
2779 3055 3150 3122 persecutione
3177 3052 3405 3122 plurima
3430 3057 3698 3106 tormenta

438 3129 531 3181 τὸν
562 3129 718 3195 Θεὸν,
749 3132 843 3183 καὶ
862 3131 951 3183 τὸν
981 3130 1151 3195 δεξιὸν
1171 3130 1448 3202 ὀφθαλμὸν
1471 3131 1740 3194 ἀπολέσας
1763 3130 2006 3203 ἀπελύθη

2115 3147 2443 3217 pertulerat;
2486 3147 2610 3200 huic
2628 3146 2817 3201 oculus
2838 3146 2974 3201 alter
3001 3146 3236 3200 extritus
3262 3144 3461 3199 fuerat.
3493 3141 3693 3197 Eodem

437 3218 531 3270 ἐπὶ
562 3222 626 3288 τῇ
677 3220 938 3292 ὁμολογίᾳ
979 3221 1076 3290 τῆς
1121 3221 1377 3282 πίστεως.
1406 3221 1543 3273 Κατ’
1593 3222 1799 3274 ἐκεῖνον
1833 3221 1888 3274 δὲ
1919 3221 2011 3274 τὸν

440 3309 679 3379 καιρὸνή
713 3312 958 3381 μακαρία
988 3312 1173 3382 Ἑλένη
1204 3315 1235 3379 ἠ
1281 3313 1570 3383 βασίλισσα
1593 3313 1745 3376 τέλος
1773 3311 1866 3364 τοῦ
1901 3312 2015 3383 βίου

442 3402 734 3472 ἐχρήσατο,
765 3403 900 3456 ἐτῶν
926 3398 1062 3456 οὖσα
1087 3404 1437 3472 ὀγδοήκοντα,
1471 3402 1638 3457 πολλά
1665 3405 2016 3475 ἐντειλαμένη

443 3491 521 3559 τῷ
548 3490 697 3544 παιδὶ
722 3493 850 3563 περὶ
875 3495 975 3565 τῆς
1007 3496 1086 3557 εἰς
1121 3497 1354 3566 Χριστὸν
1398 3494 1700 3558 εὐσεϐείας.

515 3583 658 3645 Ἕως
686 3578 788 3639 ὦδε
838 3587 966 3654 περὶ
998 3586 1096 3656 τῆς
1130 3587 1401 3656 εὑρέσεως
1430 3586 1525 3639 τοῦ
1571 3584 1834 3650 ξωοποιοῦ
1868 3601 2022 3636 σταυο

449 3674 542 3744 ροῦ
575 3677 606 3743 ἡ
638 3676 844 3746 ἱστορία
886 3676 1048 3730 ἔστω.
1108 3679 1214 3730 Καὶ
1267 3679 1458 3747 μηδεὶς
1514 3675 1712 3730 ἑαυτὸν
1759 3676 2024 3728 ἀπατάτω

451 3766 821 3834 ματαιολογῶν
847 3767 1140 3837 ἀσύμφορα
1169 3769 1262 3820 καὶ
1300 3766 1623 3836 μυθοποιίας
1657 3767 1721 3819 δι’
1747 3766 2024 3835 ὀνομάτων

448 3857 770 3927 παραξένων
803 3857 1154 3925 παρεισάγων
1182 3860 1249 3928 τῇ
1283 3857 1559 3910 ὑποθέσει.
1599 3856 1734 3911 Οὐδὲ
1770 3855 1879 3926 γὰρ
1903 3855 2021 3907 ὲπί-

450 3964 649 4009 σκοπος
699 3946 886 4018 ἔτερος
928 3948 1319 4018 Ἰεροσολύμων
1377 3949 1572 4017 γέγονε
1621 3946 1842 4000 πώποτε
1877 3947 2029 4016 παρὰ

449 4041 575 4101 τοὺς
620 4040 1143 4110 προγεγραμμένους
1168 4081 1182 4101 ,
1232 4039 1351 4092 οὐδὲ
1382 4037 1639 4109 βασιλεὺς
1671 4038 1860 4110 ἔτερος
1899 4039 2028 4091 Ῥω-

454 4131 650 4201 μαίων,
701 4131 820 4184 οὐδὲ
877 4131 982 4201 μὴν
1036 4131 1207 4201 ἑτέρῳ
1254 4130 1443 4202 τρόπῳ
1479 4130 1512 4182 δ
1547 4131 1728 4200 τίμιος
1796 4130 2030 4200 σταυρὸς

452 4222 670 4293 εὑρέθη.
713 4222 847 4274 Ἀπὸ
891 4225 1001 4293 γὰρ
1024 4222 1337 4290 Αὐγούστου
1383 4220 1478 4274 τοῦ
1529 4221 1815 4291 βασιλέως,
1859 4214 2031 4289 ὲφόῦ

453 4316 716 4387 ἐγεννήθη
746 4316 774 4367 ὁ
808 4314 1008 4384 Κύριος
1057 4315 1216 4386 ἡμῶν
1277 4313 1486 4384 Ἰησοῦς
1542 4313 1777 4384 Χριστὸς
1799 4314 1858 4368 τὸ
1892 4315 2033 4369 κατά

456 4406 658 4477 σάρκα,
690 4406 797 4469 ἓως
837 4405 933 4460 τοῦ
989 4405 1245 4468 εὐσεϐοῦς
1273 4405 1536 4476 βασιλέως
1586 4406 2027 4472 Κωνσταντίνου,

2122 3250 2361 3307 tempore
2400 3238 2554 3292 beata
2582 3237 2782 3292 Helena
2812 3237 3064 3303 moritur,
3091 3246 3191 3292 aeta
3204 3237 3271 3292 tis
3306 3248 3702 3301 annttttragens

2100 3318 2529 3401 'octogesianntn,
2564 3330 2735 3384 multa
2781 3330 2891 3384 tilio
2923 3344 3022 3384 suo
3048 3329 3115 3384 de
3141 3328 3447 3383 Christiana
3488 3326 3696 3395 pietate

2122 3422 2460 3492 praecipiens.

2198 3598 2312 3651 llnc
2345 3612 2515 3665 usque
2560 3600 2625 3650 de
2668 3597 2977 3649 inventione
3018 3601 3218 3648 sanctae
3261 3590 3446 3645 crucis
3497 3588 3703 3643 dictum

2127 3691 2218 3753 sit,
2249 3704 2302 3743 et
2334 3704 2491 3741 nemo
2516 3689 2755 3755 seipsutn
2783 3686 3015 3753 decipiat
3047 3698 3185 3737 vana
3213 3680 3526 3744 referendo,
3558 3679 3709 3733 fabu-

2128 3782 2377 3847 losasque
2410 3777 2749 3831 narrationes
2795 3773 3093 3844 peregrinis
3139 3771 3447 3828 nominibus
3490 3780 3711 3826 contex-

2132 3881 2212 3926 tas
2242 3876 2562 3937 argumento
2597 3868 2725 3922 huic
2772 3865 3087 3921 inserendo.
3133 3864 3316 3932 Neque
3371 3863 3515 3918 enim
3572 3861 3713 3916 ullus

2130 3960 2267 4014 alius
2294 3957 2577 4027 episcopus
2619 3953 3143 4025 Ilierosolymitanus
3189 3961 3383 4021 praeter
3424 3948 3712 4020 praedictos

2133 4051 2255 4115 fuit,
2310 4062 2486 4117 neque
2559 4047 2698 4102 alius
2748 4044 3119 4101 Romanorum
3172 4046 3489 4113 imperator,
3538 4055 3730 4110 neque

2134 4142 2240 4196 alio
2269 4140 2428 4194 modo
2459 4138 2764 4194 veneranda
2811 4152 2943 4191 crux
2980 4128 3196 4190 inventa
3230 4143 3330 4188 est.
3358 4134 3440 4186 Ab
3474 4133 3716 4201 Augusto

2133 4232 2278 4286 enim
2329 4231 2685 4299 imperatore,
2726 4227 2827 4283 sub
2861 4241 2967 4295 quo
3000 4226 3247 4281 Christus
3269 4223 3561 4280 secundum
3597 4239 3717 4279 car-

2132 4338 2255 4377 nem
2309 4329 2469 4374 nattts
2503 4327 2605 4384 est,
2649 4332 2821 4387 usque
2868 4316 2935 4370 ad
2964 4315 3408 4371 tConstantiuunt
3465 4311 3716 4382 Magnum

2139 4409 2357 4478 triginta
2388 4407 2632 4478 quinque
2667 4407 3026 4475 imperatores
3068 4403 3520 4458 intercesserunt.
3548 4400 3717 4455 Simi-

455 4497 747 4570 τριάκοντα
781 4498 872 4550 καὶ
920 4498 1082 4567 πέντε
1117 4498 1374 4565 γεγόνασι
1417 4495 1678 4567 βασιλεῖς.
1715 4496 1947 4567 Ὁμοίως
1977 4497 2014 4550 δὲ

2139 4499 2265 4554 liter
2295 4515 2323 4553 a
2360 4497 2564 4553 Jacohn
2594 4496 2765 4551 fratre
2806 4495 3017 4550 Domini
3058 4509 3230 4565 usque
3259 4493 3326 4547 ad
3354 4491 3513 4562 hujus
3544 4490 3717 4559 impe-

457 4590 553 4642 καὶ
607 4589 715 4642 ἀπὸ
747 4588 1004 4643 Ἰακώϐου
1066 4589 1160 4643 τοῦ
1214 4589 1517 4643 ἀποστόλου
1549 4590 1641 4642 καλ¹
1668 4586 1884 4659 πρώτου
1924 4587 2036 4641 τῶν
2096 4598 2100 4613 λ

459 4680 773 4733 ἐπισκόπων
811 4679 916 4743 ἓως
946 4681 1046 4751 τῆς
1076 4681 1247 4751 αὐτῆς
1278 4679 1578 4751 βασιλείας,
1615 4680 1912 4751 τριάκοντα
1944 4681 2043 4733 καὶ

461 4773 622 4825 πέντε
679 4772 1065 4843 Ἰεροσολύμων
1113 4772 1404 4826 ἐπίσκοποι
1452 4774 1731 4842 γεγόνασι.
1808 4772 1919 4844 Τὴν
1978 4771 2037 4824 δὲ

464 4865 762 4936 σεϐάσμιον
815 4865 1031 4937 ἡμέραν
1056 4866 1167 4920 τῶν
1198 4867 1491 4935 ὲγκαινῐων
1508 4865 1618 4920 τῶν
1638 4865 1809 4934 ἁγίων
1832 4866 2034 4931 τόπων,

464 4958 558 5010 καί
574 4958 672 5024 τῆς
692 4956 813 5026 ὑψώ
822 4973 955 5021 seu);
970 4958 1065 5010 τοῦ
1086 4957 1615 5029 προσκυνητοῦισταυ
1625 4957 1742 5029 ροῦ,
1769 4957 2039 5030 ὡρίσαντο

462 5051 516 5104 οἱ
554 5050 799 5122 Πατέρες
849 5050 987 5123 μετά
1027 5051 1305 5122 βασιλικοῦ
1336 5051 1760 5123 προστάγματος
1794 5052 2041 5122 γίνεσθαι

466 5142 570 5196 ἀνά
599 5140 717 5206 ἔτος
743 5141 973 5198 ἕκαστον
992 5146 1056 5215 τῇ
1087 5143 1663 5215 τεσσαρεσκαιδεκάτῃ
1679 5142 1773 5197 τοῦ
1796 5145 2042 5213 Σεπτεμ-

2148 4593 2312 4660 rium,
2351 4590 2568 4661 triginta
2609 4589 2848 4659 quinque
2915 4587 3135 4642 fuerunt
3178 4576 3722 4654 Hierosolymis'epi-

2153 4685 2326 4756 seupi.
2352 4682 2730 4739 V'enerandam
2756 4668 2933 4736 autem
2967 4675 3479 4735 d‘iem‘dedieationis
3504 4681 3724 4730 sancto-

2146 4792 2267 4833 rum
2300 4776 2568 4841 locorum,
2613 4783 2668 4828 et
2699 4773 3044 4829 exaltationis
3075 4771 3362 4827 adorandae
3391 4765 3727 4847 crucis,.Pa-_
3819 4761 3823 4766 ’

2148 4880 2276 4934 tres,
2311 4882 2377 4922 ex
2420 4867 2769 4937 imperatorio
2809 4865 2985 4937 jussu,
3040 4862 3367 4926 deﬁnierunt
3424 4840 3747 4933 quotannis

2150 4959 2536 5014 celebrandam
2585 4959 2795 5013 decimo
2846 4964 3045 5026 quarto
3085 4954 3172 5009 die
3222 4949 3580 5020 Septembris,
3629 4946 3726 5014 Qui

2150 5060 2235 5106 est
2264 5065 2398 5105 xvut
2446 5049 2674 5105 Kalend.
2710 5048 2987 5112 Octobris,
3031 5047 3085 5102 iu
3139 5027 3400 5100 honorem
3438 5036 3724 5131 Patrislet
3789 5108 3795 5117 ν
3832 5060 3839 5075 ι

2154 5143 2313 5209 Filii,
2334 5154 2388 5198 et
2418 5143 2655 5213 Spiritus
2685 5140 2882 5198 sancti.

468 5234 624 5307 ὁρίου
672 5236 861 5307 μηνὸς,
886 5239 1032 5310 -ἧτις
1064 5239 1267 5310 ὲστὶνή
1302 5240 1409 5311 πρὸ
1438 5237 1714 5292 δεκαοκτὼ
1773 5237 2067 5292 Καλανδῶν
2118 5236 2484 5307 Ὀκτωϐρίων,
2553 5237 2631 5301 είς
2687 5234 2845 5300 δόξαν
2895 5229 2990 5285 τοῦ
3035 5228 3270 5299 Πατρὺς,
3322 5224 3417 5279 καὶ
3455 5220 3544 5279 τοῦ
3574 5221 3727 5281 Υίοῦ,
3793 5282 3799 5295 μ

468 5332 563 5383 καὶ
593 5328 688 5383 τοῦ
721 5330 879 5399 ἁγίου
912 5332 1252 5403 Πνεύματος.

552 5423 770 5493 Ἐπειδὴ
784 5423 842 5476 δὲ
867 5424 1049 5494 χάριτι
1068 5425 1161 5478 τοῦ
1185 5423 1320 5479 Θεοῦ
1350 5426 1774 5496 κατηντήσαμεν
1792 5424 1870 5495 τῷ
1899 5423 2040 5494 λόγῳ

408 5586 415 5589 ν
473 5515 553 5578 είς
580 5513 678 5584 τὴν
697 5513 938 5585 εὔσημον
959 5515 1173 5586 ἡμέραν
1201 5517 1302 5587 τῆς
1329 5516 1520 5587 ἑορτῆς
1543 5515 1720 5585 ἡμῶν,
1753 5515 1871 5585 ἥτις
1898 5515 2045 5567 ἐστὶν

476 5605 510 5677 ἡ
535 5604 800 5672 ἀνάδειξις
830 5605 923 5658 τοῦ
955 5606 1218 5670 ζωοποιοῦ
1262 5608 1517 5678 σταυροῦ,
1567 5606 1698 5678 φέρε
1728 5604 1908 5669 καθὼς
1938 5598 2048 5658 οἷόν

558 5782 607 5815 ³³»
625 5780 852 5837 Zatrltar.
886 5797 999 5848 xlv,
1025 5783 1114 5841 20.

2216 5418 2484 5487 Quoniam
2497 5430 2645 5480 vero,
2663 5413 2843 5470 divina
2862 5409 3259 5480 nosadjuvaute
3271 5405 3467 5474 gratia,
3481 5400 3734 5456 oratione
3789 5462 3798 5472 ,

2153 5509 2518 5579 processimus
2565 5508 2631 5559 ad
2663 5500 2997 5570 splendidam
3036 5498 3157 5554 festi
3193 5496 3366 5553 nostri
3408 5494 3572 5558 diem,
3610 5505 3734 5562 qua

2156 5613 2238 5659 est
2266 5600 2504 5658 ostensio
2539 5606 2593 5652 et
2647 5595 2903 5652 exultatio
2945 5602 3143 5650 sanctae
3168 5588 3366 5655 erucis,
3413 5600 3532 5658 age,
3560 5597 3731 5653 quau-
