4036 6226
433 369 574 462 4037

1617 384 2062 448 ALEXANDRI
2104 384 2446 448 MONACHI

2904 339 3028 350 ’.π’
3066 342 3075 349 υ

3558 400 3703 467 4088

440 483 596 543 cibus
626 485 808 541 erucis
854 488 1023 542 armis
1072 489 1125 543 in
1174 491 1433 553 humeros
1479 495 1730 560 sublatis,
1764 500 2015 567 hymnum

2128 500 2520 565 ἀναλαϐόντες,
2558 502 2652 554 καὶ
2685 502 2916 573 ἄραντες
2945 506 3039 559 ἐπὶ
3065 507 3171 562 τῶν
3210 508 3379 580 ὤμων
3406 514 3466 567 τὸ
3494 533 3710 586 νικητι-

439 576 590 635 ilium
643 578 974 648 angelicum,
1008 585 1102 650 qui
1135 582 1290 637 nobis
1331 586 1547 640 ttL-litus
1590 589 1655 640 ad
1700 590 2019 656 placandam

434 683 653 735 omnem
684 671 821 724 iram
862 672 1097 728 donatus
1130 685 1234 740 est,
1272 675 1380 730 Deo
1426 694 1524 747 pro
1569 695 1719 735 more
1760 681 2015 736 decante-

438 775 557 817 mus
603 780 617 816 :
676 780 697 814 ι
754 763 990 820 Sanctus
1041 766 1215 830 Deus,
1268 782 1497 825 sanctus
1559 771 1748 839 fortis,
1800 785 2020 831 sanctus

437 856 796 920 immortalis',
858 858 1119 913 miserere
1176 864 1362 924 nobis,
1423 882 1441 915 ι
1514 874 1701 918 sancta
1757 865 2017 931 Trinitas,

434 948 1033 1017 incomprehensibilis,
1074 954 1582 1024 int-ircuntscripta,
1622 968 1776 1012 extra
1810 975 1869 1013 se
1910 977 2016 1014 nott

432 1040 711 1108 prodiens,
763 1044 1273 1111 consubstantialis,
1311 1049 1537 1117 aqualis
1575 1053 1883 1119 potestatis,
1919 1055 2019 1107 dav

434 1132 680 1194 rationis,
720 1132 929 1201 glorite,
962 1133 1228 1190 adserere
1271 1140 1449 1203 ttohis,
1474 1149 1529 1193 et
1559 1142 1855 1210 propitiare
1884 1158 2014 1211 pec-

431 1225 569 1279 catis
608 1228 812 1282 nostris
845 1238 1064 1297 propter
1096 1244 1291 1285 nomen
1336 1244 1592 1286 sanctum
1632 1244 1801 1302 tuutn,
1844 1248 1897 1289 et
1945 1239 2010 1290 da

433 1318 594 1372 nobis
641 1318 889 1375 invenire
938 1321 1376 1378 misericordiam
1426 1335 1482 1378 et
1528 1328 1913 1383 miserationes
1959 1330 2013 1384 in

429 1410 519 1464 illa
564 1412 652 1465 die
689 1411 849 1479 jttSlu!
904 1415 1282 1470 retributionis
1327 1426 1448 1472 tua».
1484 1417 1561 1472 Tu
1598 1420 1743 1472 enim
1777 1435 1835 1475 es
1871 1419 2014 1476 Deus

433 1516 640 1570 noster,
675 1518 728 1561 et
764 1523 813 1560 te
850 1506 1090 1571 Patrem,
1124 1519 1178 1562 et
1212 1508 1433 1576 Filium,
1466 1523 1519 1566 et
1572 1512 1834 1578 Spiritum
1886 1530 2012 1568 san-

429 1610 576 1651 ctntn
635 1601 789 1658 decet
848 1600 1055 1670 gloria,
1112 1604 1552 1674 magniﬁcentia,
1612 1607 1900 1675 imperium
1957 1619 2013 1663 et

426 1699 671 1757 potestas
728 1704 856 1746 ante
893 1710 1054 1749 omne
1100 1698 1377 1758 stet-olom,
1414 1707 1467 1751 et
1517 1716 1658 1753 nunc
1699 1712 1753 1755 et
1796 1702 1847 1756 in
1886 1704 2010 1755 uni-

429 1796 586 1841 versa
626 1785 949 1839 sa‘culurum
988 1788 1204 1844 sareula.
1238 1791 1431 1846 Amen.

2127 591 2224 644 κον
2266 591 2431 645 ὅπλον
2496 593 2589 647 τοῦ
2643 593 2911 658 ζωοποιοῦ
2962 600 3219 671 σταυροῦ,
3247 601 3340 656 τὸν
3387 605 3709 677 δωρηθέντα

2122 685 2256 752 ἡμῖν
2298 684 2589 755 οὐρανόθεν
2616 687 2698 752 εἰς
2752 686 2952 743 παῦσιν
2990 692 3172 762 πάσης
3203 695 3375 766 ὀργῆς
3409 698 3711 767 ἀγγελικὸν

2126 773 2294 842 ὕμνον
2321 774 2571 842 συνήθως
2607 777 2745 848 πρὸς
2769 778 2860 831 τὸν
2889 778 3022 834 Θεὸν
3059 781 3364 855 βοήσωμεν·
3403 807 3423 840 r
3463 791 3653 858 Ἄγιος
3674 795 3710 845 ὸ

2124 867 2278 932 θεὸς,
2306 868 2457 936 ἆγιος
2480 869 2720 939 ἰσχυρὸς.
2747 872 2897 941 ἅγιος
2923 873 3208 943 ἀθάνατος,
3236 878 3458 950 ἐλέησον
3481 884 3649 952 ἡμᾶς’
3678 904 3701 936 ι

2126 959 2257 1027 ἁγία
2310 960 2522 1029 Τριάς,
2568 964 2951 1035 ἀκατάληπτε,
3010 969 3386 1041 ἀπεριόριστε,
3443 976 3711 1044 ἀνεκςοίο

2120 1070 2273 1123 τητε,
2296 1055 2569 1124 ὁμοούσιε,
2603 1058 2698 1111 καὶ
2719 1059 3001 1130 ὀμόθρονε,
3032 1063 3126 1115 καὶ
3144 1064 3433 1135 ὁμόχρονε,
3457 1069 3551 1120 καὶ
3568 1071 3707 1138 ὁμό-

2120 1144 2258 1211 δοξε,
2321 1146 2541 1215 ἐλέησον
2587 1150 2755 1218 ἡμᾶς,
2814 1152 2910 1205 καὶ
2945 1153 3192 1225 ἱλάσθητι
3239 1160 3361 1220 ταῖς
3406 1160 3708 1230 ἁμαρτίαις

2120 1237 2275 1305 ἡμῶν
2317 1238 2503 1292 ἕνεκεν
2553 1240 2646 1294 τοῦ
2689 1242 2950 1312 ὀνόματός
2988 1262 3082 1298 σου
3111 1248 3206 1302 τοῦ
3256 1250 3432 1318 ἁγίου,
3479 1253 3574 1304 καὶ
3612 1251 3709 1316 δὸς

2122 1332 2256 1399 ἡμῖν
2296 1333 2478 1402 εὑρεῖν
2526 1332 2674 1398 ἔλεος
2719 1337 2813 1389 καὶ
2842 1338 3162 1409 οἰκτιρμοὺς
3198 1344 3255 1393 ὲν
3278 1345 3345 1413 τῇ
3384 1344 3571 1415 ἡμέρᾳ
3600 1345 3709 1412 τῆς

2120 1423 2531 1487 ἁνταποδὸσεὼς
2588 1442 2681 1479 σου
2718 1429 2816 1499 τῆς
2855 1431 3095 1495 δικαίας.
3152 1435 3224 1487 Σὺ
3261 1435 3368 1507 γὰρ
3409 1433 3463 1489 εἷ
3507 1439 3535 1490 ὸ
3565 1437 3708 1502 Θεὸς

2120 1515 2300 1584 ἡμῶν,
2337 1520 2428 1571 καὶ
2445 1520 2648 1589 πρέπει
2676 1536 2762 1573 σοι
2782 1520 2860 1591 τῷ
2891 1523 3082 1594 Πατρδ,
3115 1527 3209 1578 καὶ
3238 1525 3317 1596 τῷ
3344 1526 3481 1598 Υἱῷ,
3514 1530 3729 1599 καὶτῷ·

2122 1610 2400 1681 Πνεύματι
2432 1612 2578 1678 δόξα,
2612 1613 2975 1686 μεγαλοσύνη,
3007 1620 3211 1687 κράτος
3232 1620 3328 1673 καὶ
3350 1620 3568 1687 ἐξουσία
3594 1625 3711 1692 πρὸ

2120 1705 2322 1767 παντὸς
2371 1705 2587 1770 αἰῶνος,
2638 1708 2737 1761 καὶ
2791 1708 2888 1761 νῦν
2937 1711 3030 1763 καὶ
3075 1712 3156 1775 εἰς
3208 1714 3333 1777 τοὺς
3375 1712 3710 1785 σύμπαντας

2121 1795 2324 1859 αἰῶνας
2348 1797 2455 1851 τῶν
2487 1796 2718 1853 αἰώνων.
2770 1801 2964 1871 Ἀμήν.

1212 1962 1219 1977 Α
1884 1949 1893 1955 .

429 2000 2015 2041 mm

3024 2022 3519 2038 ....---._-......._...

2119 2016 3223 2063 ἓξὲξ-...ψη-
3256 2028 3662 2056 ___-__._.=a

708 2167 1241 2293 Αιιχιιιιιιιι
1315 2170 1731 2289 illlNAClll
1802 2173 2015 2289 Ml]!

2119 2174 2265 2291 l‘l0
2337 2176 2431 2294 IN
2484 2179 2814 2298 APllS'l‘.
2896 2181 3432 2304 BARNABMI.

1393 2388 1617 2458 (Sumus
1674 2389 1806 2445 l'itte
1836 2391 2149 2446 Sanctorum
2188 2411 2239 2448 χι
2272 2395 2389 2465 jun.
2435 2414 2556 2469 pag.
2595 2400 2743 2471 169.)

2013 2536 2081 2547 ..-

508 2647 545 2701 ι.
570 2647 859 2702 ilarimttm
902 2647 1166 2700 orationis
1198 2659 1575 2716 argumentum
1619 2650 1799 2714 nobis,
1822 2665 2014 2719 magna
2046 2659 2088 2713 Α
2125 2659 2268 2701 ctam
2317 2651 2596 2719 suscipere
2639 2651 2902 2705 hactenus
2937 2653 3204 2715 recusavi,
3236 2669 3358 2708 eum
3386 2669 3560 2709 meam
3594 2656 3698 2709 im-

424 2756 697 2794 aerutonts
720 2749 1041 2809 paupertate
1070 2740 1473 2804 laborantibus,
1511 2743 1688 2810 patrio
1723 2752 1871 2796 certe
1901 2753 2010 2796 stu-

421 2835 512 2887 dio
542 2843 597 2888 et
628 2833 823 2886 all‘ccm
860 2843 1163 2887 commotus
1198 2834 1558 2905 proposuisti,
1593 2834 1753 2888 Pater
1780 2836 2007 2904 Optime,

424 2937 481 2980 rt
529 2942 756 2989 eorum,
809 2926 900 2994 qui
961 2926 1181 2980 virtutis
1234 2926 1635 2982 exercitatione
1688 2935 2008 2997 praestantes

425 3033 575 3086 sunt,
621 3019 1023 3089 probatissimo.
1055 3017 1222 3073 Nobis
1248 3018 1393 3072 enim
1437 3019 1768 3073 laudandum
1807 3034 2007 3089 propo-

428 3114 586 3168 suisti
629 3113 872 3167 divinum
935 3123 989 3169 et
1031 3111 1408 3165 beatissimum
1462 3112 1678 3174 virum,
1735 3112 2004 3181 insignem

429 3210 760 3277 apostolum,
792 3207 1187 3262 consolationis
1221 3206 1413 3271 lilium,
1448 3209 1599 3263 orbis
1629 3219 1895 3263 terrarum
1929 3209 2009 3261 l‘a-

422 3317 585 3371 cem,
615 3298 939 3363 Barnabam,
984 3298 1229 3367 inquam,
1280 3298 1574 3353 multarum
1608 3300 1826 3354 landum
1871 3316 2006 3371 prte-

425 3370 602 3445 caniis
634 3389 987 3444 celebratum.
1039 3388 1150 3457 ligo
1182 3404 1307 3443 vero
1346 3392 1620 3446 inscitiam
1670 3384 1857 3447 rtteanf
1881 3406 2003 3449 eum

432 3482 737 3554 argurttcttti
802 3481 1176 3550 magnitudine
1233 3482 1564 3548 cool‘ercns,
1621 3487 2003 3542 tractationem

435 3578 576 3629 hanc
606 3575 1028 3636 t'xlzorrescens,
1055 3576 1222 3642 jussis
1248 3574 1353 3633 tuis
1385 3592 1579 3646 parere
1613 3578 1815 3633 diutius
1842 3596 2003 3633 recu-

426 3670 570 3724 savi.
600 3669 730 3736 Quae
760 3669 906 3721 enim
958 3670 1137 3721 oratio
1172 3677 1278 3722 tam
1319 3669 1546 3739 pct'l‘erti
1581 3672 1811 3740 apostoli
1842 3674 2004 3727 rebus

428 3762 722 3817 narrandis
766 3778 865 3833 pur
909 3778 1030 3817 esse
1060 3762 1278 3832 poterit,
1318 3779 1440 3817 cum
1491 3765 1797 3834 hujusmodi
1845 3782 2006 3837 nego-

425 3864 562 3907 ttum
598 3852 704 3906 talc
736 3855 829 3917 sit,
865 3861 922 3904 ttt
959 3866 1065 3905 non
1097 3852 1274 3904 solum
1309 3868 1460 3908 meas
1489 3856 1635 3909 vires
1668 3855 1891 3909 omnino
1915 3872 2006 3911 su-

424 3957 599 4017 peret,
642 3950 736 4001 sed
782 3948 1037 4002 omnibus
1063 3946 1229 4001 etiam
1264 3947 1385 4001 aliis
1412 3946 1783 4003 dillicultatem
1809 3949 2005 4006 allerre

424 4044 599 4109 |0$Sll
624 4041 868 4096 ⁸ἶΟιιιιιιξδ
901 4040 1067 4109 igitur
1097 4041 1388 4095 inferiores
1417 4055 1538 4095 csse
1562 4041 1823 4104 arbitror,
1849 4059 2011 4113 quant

427 4149 486 4191 ιιι
533 4134 797 4190 Barnalm
859 4118 945 4190 res
988 4145 1168 4203 gestas
1212 4151 1443 4190 narrare
1486 4138 1718 4190 Valeant.
1773 4137 1925 4203 Quod
1966 4140 2009 4192 si

428 4229 554 4298 quis
574 4230 640 4282 de
661 4227 752 4283 illo
770 4226 973 4298 aliquid
993 4227 1176 4282 dicere
1194 4242 1482 4297 aggressus
1505 4227 1691 4294 fuerit,
1714 4233 1804 4294 sit,
1824 4245 2015 4299 quam-

429 4323 516 4376 vis
583 4321 829 4394 sapiens,
895 4320 1101 4389 peritus
1146 4329 1197 4372 et
1240 4319 1507 4372 orationis
1562 4319 1817 4373 facultate
1878 4336 2015 4389 prae-

434 4412 837 4475 stantissimus,
881 4411 1044 4480 longo
1076 4419 1257 4464 tamen
1294 4409 1578 4465 intervallo
1608 4429 1636 4465 a
1671 4424 1821 4480 tergo
1855 4413 2016 4466 relin-

429 4515 651 4572 quetur,
685 4505 846 4574 longe
871 4502 1095 4558 inferior
1140 4503 1433 4567 exsisteus,
1465 4519 1627 4574 quam
1660 4506 1891 4577 apostoli
1937 4506 2018 4558 di-

428 4580 609 4665 gnitas
652 4597 914 4668 postulat,
962 4596 1099 4649 etin
1143 4594 1260 4665 ejus
1297 4595 1517 4650 laudum
1568 4596 1758 4667 pelago
1796 4598 2018 4651 omnino

425 4697 792 4762 demergetttr.
843 4691 996 4745 Alius
1031 4691 1253 4761 quidem
1296 4706 1362 4745 ex
1409 4690 1688 4762 justornm
1740 4692 2017 4745 hominum

440 4801 667 4839 numero
696 4784 842 4837 aliud
872 4786 1144 4853 quoddaut
1171 4803 1199 4837 a
1231 4784 1438 4852 Spiritu
1478 4795 1670 4839 saneto
1698 4786 1895 4838 donum
1928 4801 2019 4839 as-

434 4889 653 4935 secutus
680 4888 763 4934 cst
796 4895 808 4931 :
837 4878 1065 4944 apostoli
1100 4889 1279 4932 autem
1337 4880 1435 4946 ipsi
1472 4894 1662 4933 omnes
1715 4880 2018 4939 divinarum

438 4972 736 5041 gratiarum
777 4972 1065 5025 thesauros
1088 4981 1438 5041 acceperunt,
1474 4982 1526 5025 et
1561 4974 1789 5027 virtutes
1827 4990 2020 5027 mones

431 5087 490 5122 se
517 5068 721 5123 habere
752 5070 1135 5122 ostenderunt.
1165 5066 1265 5133 Qui
1294 5078 1485 5137 potero
1513 5069 1681 5137 igitur
1715 5070 1881 5122 miser
1920 5085 2019 5136 ego

432 5162 666 5218 inlinitis
693 5161 1203 5232 perturbationibus
1227 5176 1540 5231 Oppressus,
1567 5162 1880 5233 apostolica:
1907 5167 2019 5217 vir—

430 5253 562 5308 tutis
590 5264 814 5322 pontum
851 5253 1118 5307 tranare?
1147 5238 1391 5323 Namque
1429 5256 1575 5308 tenui
1611 5264 1666 5310 et
1697 5257 1848 5309 tarda
1893 5272 2016 5310 sum

432 5349 617 5418 lingua
652 5350 734 5417 (ut
773 5347 919 5430 quod
943 5357 1027 5401 est
1060 5348 1111 5400 in
1145 5345 1370 5407 Litteris
1392 5347 1590 5402 divinis
1628 5348 1913 5421 scriptum,
1956 5348 2023 5404 de
2049 5387 2093 5446 ϐ

429 5455 518 5503 tne
548 5440 721 5494 dicam
746 5440 809 5511 ’),
840 5454 1013 5509 neque
1044 5439 1116 5493 ita
1148 5439 1414 5508 eloquens
1440 5455 1581 5506 sum,
1608 5441 1899 5494 utdiviuas
1926 5440 2023 5492 ad—

433 5533 702 5588 mirabilis
732 5533 962 5604 apostoli
1005 5530 1266 5587 Baruaba:
1297 5532 1525 5597 virtutes
1564 5534 1851 5588 commode
1891 5547 2021 5597 nar-

434 5640 564 5679 rare
596 5626 819 5694 possim.
855 5623 930 5678 lta
963 5627 1107 5679 enim
1134 5623 1369 5695 petl’ecte
1397 5625 1651 5679 virtutem
1693 5638 1912 5679 omnem
1941 5623 2026 5677 vir

437 5721 532 5772 hic
571 5721 835 5784 exercuit,
879 5729 935 5772 ut
970 5716 1129 5773 nemo
1171 5718 1311 5771 alius
1354 5719 1406 5772 itt
1446 5734 1548 5783 una
1590 5719 1773 5789 aliqua
1824 5717 2025 5779 virtute

430 5808 687 5891 pt‘clecll.
732 5814 1100 5878 Quamobrem
1143 5812 1479 5882 provinciam
1506 5811 1644 5867 hanc
1685 5809 1815 5865 mihi
1852 5810 2026 5881 injun-

505 5949 523 5977 ¹
562 5947 732 6005 Exod.
766 5964 846 6013 tv,
882 5950 964 6006 l0.
1045 5954 1064 5984 ²
1111 5950 1241 6008 Luc.
1282 5967 1396 6017 χχι,
1435 5952 1471 6008 2
1496 5967 1650 6029 seqq.

2070 3100 2216 3163 'non
2293 3119 2512 3175 servat,
2597 3109 2875 3165 interitum
2932 3111 3114 3166 subire

2116 2741 2466 2796 hecillitatem
2496 2744 2628 2796 tanti
2656 2743 2754 2796 viri
2782 2743 3033 2813 gloriosis
3056 2745 3214 2800 factis
3239 2745 3563 2801 enarrandis
3586 2748 3693 2800 im-

2114 2849 2296 2901 parem
2327 2848 2446 2887 esse
2479 2837 2851 2903 cognoverim.

2187 2922 2251 2978 ll.
2293 2926 2359 2979 At
2385 2942 2505 2979 cum
2543 2927 2804 2980 memoria
2838 2939 3160 2996 repeterem,
3202 2932 3341 2999 quod
3385 2930 3437 2984 in
3467 2930 3694 2988 Litteris

2112 3018 2310 3071 divinis
2357 3018 2621 3086 scriptum
2671 3016 2798 3086 legi,
2850 3019 3153 3086 hominem,
3191 3020 3693 3090 qui-obedientiam

3181 3129 3195 3166 :
3254 3114 3345 3185 qui
3412 3128 3541 3171 vero
3616 3126 3705 3172 est

2112 3201 2393 3266 obediens,
2426 3217 2548 3257 eum
2575 3204 2643 3258 ab
2672 3203 2898 3259 interitu
2924 3203 3155 3260 liberum
3188 3221 3311 3262 esse
3342 3226 3355 3261 :
3391 3209 3476 3263 vix
3515 3214 3582 3264 ad
3605 3211 3685 3275 id,

2115 3297 2259 3363 quod
2288 3296 2618 3366 praecepisti,
2652 3296 2880 3351 multum
2913 3306 3064 3352 certe
3102 3309 3369 3367 metuens,
3396 3316 3684 3373 aggresSus

2113 3404 2255 3455 sum,
2289 3390 2462 3444 satius
2507 3403 2629 3444 esse
2658 3391 2863 3445 ducens
2909 3390 2961 3444 in
2999 3406 3064 3445 eo
3087 3391 3203 3461 ipso
3232 3396 3502 3458 accusari,
3541 3399 3686 3464 quod

2110 3485 2284 3537 orat’o
2325 3496 2442 3537 mea
2479 3497 2666 3537 manca
2702 3483 2793 3548 sit,
2824 3498 2985 3553 quam
3014 3483 3069 3538 in
3096 3487 3456 3543 contumaciae
3480 3491 3685 3544 crimen

2111 3588 2412 3640 incurrere.
2439 3574 2571 3628 lllud
2599 3575 2768 3642 igitur
2793 3590 2957 3627 unum
2985 3591 3012 3629 a
3045 3577 3198 3632 vobis
3221 3588 3365 3648 peto,
3392 3590 3448 3634 ut
3480 3597 3679 3639 mecum

2113 3683 2215 3720 una
2257 3668 2665 3721 sanctissimum
2724 3666 3029 3722 Barnabarn
3075 3672 3340 3727 orationis
3388 3673 3688 3742 adjutorem

2112 3761 2244 3815 mihi
2267 3775 2391 3816 esse
2424 3760 2745 3829 precemini,
2781 3761 2882 3829 ipsi
2911 3772 3094 3815 autem
3132 3763 3270 3829 viro,
3314 3779 3471 3834 quem
3505 3767 3694 3819 lauda—

2108 3856 2456 3922 bitnus,_non
2512 3856 2698 3912 dultito
2746 3855 2797 3908 id
2831 3863 3041 3924 gratum
3076 3854 3209 3919 fore,
3258 3857 3403 3925 quod
3440 3872 3468 3911 a
3516 3859 3691 3921 ήσεως,

2120 3953 2211 4022 qui
2248 3953 2401 4007 nihili
2433 3928 2643 4017 sumus,
2671 3949 2925 4005 dicet‘hr:
2957 3966 3076 4003 nam
3111 3958 3166 4004 et
3187 3950 3302 4016 ejus
3332 3949 3562 4006 Domino
3597 3955 3697 4006 ali-

2051 4038 2092 4092 Β
2122 4046 2341 4116 quando
2393 4045 2663 4115 plaettisse
2712 4045 2939 4115 leginnts
2970 4045 3076 4096 duo
3111 4043 3199 4096 illa
3241 4044 3469 4107 minuta,
3504 4046 3635 4099 olim
3669 4062 3699 4101 ει

2120 4141 2276 4193 vidua
2337 4150 2392 4193 et
2437 4153 2676 4208 paupere
2718 4138 3028 4192 muliercula
3082 4138 3264 4191 oblata
3299 4138 3341 4195 ⁸.
3393 4137 3508 4192 Non
3554 4142 3703 4193 enim

2122 4231 2232 4286 Deo
2282 4232 2381 4302 ipsi
2429 4243 2536 4285 tam
2574 4241 2725 4301 grata
2778 4243 2834 4284 et
2872 4239 3092 4298 accepta
3132 4241 3215 4285 est
3258 4246 3443 4285 earnm
3492 4247 3702 4293 rerum,

2121 4342 2240 4396 qua:
2281 4324 2619 4390 olTeruntur,
2671 4324 2980 4393 magnitudo
3009 4365 3023 4389 ,
3071 4340 3231 4391 quam
3290 4339 3442 4377 mens
3496 4324 3613 4397 ipsa
3655 4336 3710 4377 et

2121 4434 2313 4489 arquus
2353 4417 2588 4482 animus,
2625 4433 2786 4488 quem
2830 4418 2872 4472 is
2894 4419 3155 4484 ostendit,
3186 4435 3213 4470 ιι
3246 4434 3351 4485 quo
3380 4419 3587 4486 aliquid
3619 4420 3707 4473 ol-

2124 4512 2316 4576 l'ertur,
2363 4513 2479 4567 sive
2515 4527 2763 4581 parvum,
2809 4512 2923 4566 sive.
2961 4527 3214 4581 magnum
3255 4511 3383 4563 illud
3426 4511 3519 4565 sit.
3568 4510 3707 4564 Cum

2124 4621 2254 4661 vero
2286 4604 2593 4658 Barnabam
2622 4603 2925 4664 laudamus.
2964 4613 3091 4657 tunc
3120 4613 3173 4657 et
3202 4603 3444 4657 omnium
3484 4613 3709 4673 aposto-

2124 4699 2295 4754 lorum
2323 4712 2539 4751 sacrmn
2573 4696 2857 4765 collegium
2878 4694 3268 4760 collaudatuus,
3296 4711 3525 4764 quorum
3555 4697 3702 4748 cuitu

2126 4789 2341 4844 vocalio
2376 4803 2483 4843 una
2528 4787 2662 4852 fuit,
2705 4801 2895 4842 eonttn
2939 4788 3130 4841 eadem
3185 4799 3266 4840 est
3314 4795 3368 4839 el.
3400 4788 3569 4856 gloria
3604 4803 3619 4839 :
3650 4800 3707 4841 et

2124 4897 2354 4950 quorum
2390 4881 2522 4935 ordo
2545 4894 2701 4943 unus,
2749 4892 2938 4932 eorum
2981 4880 3168 4932 eadem
3202 4889 3286 4931 est
3325 4889 3379 4932 et
3405 4879 3644 4948 dignitas
3685 4898 3701 4934 :

2123 4988 2355 5043 quorum
2404 4971 2555 5044 paria
2605 4971 2927 5035 certamina,
2977 4971 3291 5025 eorumdem
3345 4987 3560 5025 corona:
3614 4973 3700 5024 di-

2125 5084 2298 5122 versa:
2323 5082 2427 5120 non
2464 5076 2591 5121 sunt
2618 5080 2885 5135 :quorum
2919 5064 3153 5133 denique
3179 5064 3538 5118 institutionis
3561 5068 3703 5118 ratio

2126 5162 2456 5227 communis,
2488 5176 2675 5215 eorum
2701 5158 2919 5229 prmtnia
2942 5174 3096 5227 mque
3119 5158 3386 5212 honorata
3405 5165 3555 5212 sunt.
3583 5156 3705 5210 .lam

2127 5271 2178 5307 vo
2195 5272 2254 5309 ro
2298 5255 2598 5310 Barnabam
2637 5255 2811 5325 ipsum
2848 5255 3099 5309 oratione
3143 5267 3329 5306 nostra
3370 5254 3421 5305 itt
3466 5254 3703 5306 medium

2128 5349 2518 5417 producamus,
2561 5356 2616 5401 et
2657 5360 2820 5417 quam
2864 5344 3099 5405 maxime
3134 5358 3441 5414 possumus,
3487 5345 3703 5397 laudum

2127 5421 2397 5519 praeconia
2428 5438 2500 5494 illi
2520 5438 2927 5504 concinnemus,
2955 5452 3076 5491 sum
3102 5436 3246 5491 enim
3281 5437 3399 5505 ejus
3423 5438 3522 5491 viri
3549 5451 3706 5488 ama-

2128 5541 2216 5597 tor
2249 5531 2687 5584 ardentisslmus.
2739 5528 2864 5583 Scio
2891 5539 3093 5593 autem,
3126 5539 3182 5581 et
3211 5528 3341 5581 mihi
3387 5527 3711 5597 persuadeo,

2130 5622 2290 5691 hujus
2320 5620 2552 5695 apostoli
2595 5619 2679 5676 vel
2704 5635 2901 5675 nomen
2928 5619 3104 5688 ipsum
3134 5619 3359 5672 auribus
3388 5618 3586 5670 vestris
3617 5615 3708 5684 ju-

2129 5714 2523 5773 cundissimum
2571 5712 2840 5768 accidere.
2892 5710 3080 5778 Itaque
3122 5708 3271 5768 illum
3337 5709 3709 5773 houoremus,

2128 5821 2400 5887 quatenus
2437 5819 2538 5877 pro
2570 5805 2773 5864 viribus
2812 5805 2879 5865 de
2915 5803 3004 5861 illo
3046 5804 3311 5866 dicentes,
3368 5799 3507 5873 aequi
3540 5798 3713 5863 animi
