4036 6226
355 383 494 450 4089

1338 385 1720 450 LAUDATIO
1760 386 1841 446 IN
1886 382 2140 445 APOS’I‘.
2183 381 2614 442 BARNABAM.

3466 385 3605 448 4000

357 498 805 569 signiﬁcationem
828 502 1015 556 demus
1047 500 1224 570 :quod
1251 503 1395 556 enim
1421 503 1537 573 ejus
1570 503 1667 557 viri
1689 503 1925 573 dignitas
1954 503 2004 560 Α
2030 501 2288 554 mundum
2327 499 2633 568 dereliquit,
2660 509 2713 552 ct
2738 499 2920 552 etnnia
2948 500 3138 567 quaein
3159 500 3247 552 illo
3276 513 3419 568 sunt,
3460 507 3609 572 quis-

359 591 619 661 postulat,
655 593 705 648 id
737 593 842 649 tale
866 606 970 662 est,
999 603 1057 648 ut
1079 609 1295 650 omnem
1325 597 1627 652 orationem
1657 597 1724 649 ab
1754 610 1821 649 eo
1843 611 1934 648 su-

359 679 536 753 perari
561 683 846 744 fateamur.

433 774 522 829 Ill.
568 775 843 832 Laudetur
878 780 1042 851 igitur
1087 797 1116 835 a
1168 782 1326 836 nobis
1355 781 1554 834 inﬁmis
1591 795 1821 848 magnus
1851 778 1947 854 ille.

369 867 650 934 apostolus
691 868 990 926 Barnabas.
1023 871 1346 928 Celebretur
1376 874 1763 927 consolationis
1801 875 1942 925 ﬁlius

373 957 440 1011 ab
475 957 784 1012 hominibus
816 963 909 1030 qui
969 963 1189 1018 Christo
1231 965 1609 1018 crediderunt.
1642 962 1944 1016 Extollatur

374 1066 402 1102 a
434 1049 624 1116 quovis
650 1051 866 1106 homine
893 1054 1000 1119 ille,
1036 1056 1124 1121 qui
1158 1072 1185 1110 a
1219 1056 1380 1109 Patre.
1409 1057 1523 1125 ipso
1555 1057 1876 1114 honoratus.
1915 1069 1941 1104 τι

374 1139 513 1194 Filio
545 1150 788 1206 vocatus,
814 1154 866 1197 et
897 1161 925 1197 a
950 1146 1150 1216 Spiritu
1175 1159 1361 1204 sancto
1393 1147 1661 1218 perfectus
1691 1157 1792 1202 est.
1815 1145 1949 1199 Bar-

377 1232 565 1298 nabas,
591 1234 829 1304 inquam,
868 1250 1094 1307 magnus
1125 1239 1376 1295 Ecclesiae
1417 1248 1625 1298 orator,
1660 1239 1747 1292 illa
1783 1254 1947 1292 evan-

379 1324 566 1393 gelicaa
597 1327 996 1394 praedicationis
1031 1331 1180 1394 tuba,
1212 1345 1403 1398 magna
1440 1327 1644 1383 Christi
1670 1343 1795 1392 vox,
1831 1326 1952 1394 Spi-

382 1417 517 1471 ritus
557 1420 726 1473 sancti
759 1420 990 1485 cithara,
1031 1421 1221 1475 divina:
1267 1421 1454 1490 gratia:
1485 1419 1772 1486 plectrum.
1821 1419 1953 1471 Bar-

382 1510 552 1565 nabas
587 1512 641 1564 in
669 1513 1018 1583 expediendis
1048 1529 1145 1583 pro
1180 1513 1397 1568 Christo
1430 1513 1582 1565 bellis
1611 1511 1764 1564 utiles
1796 1512 1956 1564 robu-

383 1603 655 1659 stissimus
683 1623 695 1658 :
723 1607 814 1674 qui
840 1621 1066 1673 corpore
1091 1607 1140 1658 in
1167 1620 1490 1674 corporeum
1530 1605 1762 1667 hostem,
1792 1603 1953 1655 simul

387 1708 610 1749 versans
648 1711 768 1750 cum
794 1697 1162 1765 apostolorum
1199 1695 1462 1761 exercitu,
1493 1694 1818 1746 validissime
1844 1708 1961 1761 pro-

386 1781 628 1856 ﬂigavit:
669 1787 757 1855 qui
790 1787 1054 1840 bonarum
1077 1785 1484 1856 disciplinarum
1517 1802 1554 1837 rt
1575 1785 1798 1854 ligiosus
1825 1798 1961 1851 prae-

386 1884 575 1941 ceptor
611 1875 844 1940 exstitit,
886 1886 940 1928 et
966 1874 1262 1930 Christiani
1308 1876 1466 1929 ovilis
1507 1874 1610 1928 dux
1657 1882 1860 1934 certus,
1909 1880 1962 1925 et
1999 1850 2035 1902 Β

388 1965 672 2021 ratiooalis
709 1966 925 2035 quidam
965 1966 1160 2020 sunnni
1209 1965 1298 2018 Dei
1351 1965 1632 2033 paradisus
1659 2002 1674 2026 ,
1720 1962 1959 2015 omnium

389 2057 648 2111 virtutum
700 2057 942 2127 germina
997 2055 1246 2110 ﬂorentia
1299 2058 1349 2109 in
1397 2071 1453 2108 se
1493 2056 1775 2108 continens
1818 2072 1830 2105 :
1873 2052 1962 2119 qui

391 2147 666 2218 egregium
694 2147 960 2216 quoddam
988 2148 1105 2202 ﬁdei
1131 2164 1348 2218 germen
1378 2145 1795 2210 fuit,charitatis
1816 2159 1962 2209 rosa,

393 2238 776 2292 suavissimum
804 2235 1024 2291 odorem
1043 2238 1317 2302 emittens,
1349 2237 1462 2305 spei
1489 2234 1961 2301 ﬁosincorrnptus,

394 2328 590 2382 divina:
635 2328 823 2397 gratiae
867 2325 1075 2382 fructus
1113 2328 1576 2396 jurundissimus,
1629 2327 1772 2380 illius
1820 2325 1964 2387 vitis,

395 2435 516 2488 quae
565 2419 729 2472 vitam
771 2420 1023 2473 omnibus
1066 2419 1290 2487 praebet,
1332 2419 1534 2488 palmes
1575 2418 1966 2481 feracis-imus,

399 2511 829 2565 immortalitatis
877 2526 1160 2574 racemus,
1211 2512 1314 2564 mel
1353 2511 1657 2576 distillans,
1699 2510 1970 2578 patientia:

403 2603 865 2670 propugnaculum
903 2602 1114 2655 ﬁrmum
1155 2613 1317 2672 atque
1350 2603 1644 2666 immobile,
1685 2601 1970 2656 continen-

404 2692 490 2747 tiae
515 2703 752 2748 sectator
776 2695 845 2746 ita
877 2694 1104 2757 validus,
1127 2706 1181 2746 ut
1207 2711 1421 2748 crucem
1455 2696 1767 2763 gestaret-it,
1787 2702 1837 2746 et
1863 2695 1971 2744 atl—

403 2799 595 2838 versus
621 2783 825 2838 Christi
873 2784 1254 2839 interfectores
1295 2785 1595 2856 intrepidus
1633 2786 1837 2838 Htlilllai‘.
1864 2786 1969 2836 dux

404 2872 593 2938 fuerit,
636 2874 839 2928 Christi
893 2876 1134 2930 cruciﬁxi
1185 2892 1406 2944 germen
1451 2876 1516 2928 ad
1563 2875 1756 2930 coelum
1805 2889 1974 2941 usque

405 2973 741 3035 protensmn.
798 2967 1070 3022 Barnabas
1114 2968 1503 3022 consolationis
1542 2968 1708 3032 ﬁlius,
1759 2968 1976 3036 pietatis

406 3056 684 3127 magister,
720 3059 840 3112 ﬁdei
867 3059 1114 3112 columna
1142 3075 1204 3114 ac
1229 3059 1526 3129 fastigium,
1561 3061 1724 3114 turris
1750 3060 1900 3113 ﬁrma
1922 3068 1979 3112 et

2037 595 2232 662 quilias
2261 593 2517 662 quasdam
2584 592 2758 654 duxit,
2800 603 2856 644 ut
2892 591 3166 646 Clarisnam
3211 603 3414 647 tantum
3449 596 3612 649 lucri-

2038 686 2243 739 faceret
2284 685 2605 739 saeculorum
2645 685 2865 752 Regem.
2911 684 3002 737 lile
3040 699 3194 738 suam
3244 700 3460 740 crucem
3493 687 3612 742 sine

2043 777 2383 831 dubitatione
2421 777 2596 845 aliqua
2629 779 2883 846 portavit,
2920 787 2976 829 et
3011 787 3068 830 ιιι
3112 793 3272 833 verus
3313 779 3614 850 discipulus
3696 827 3704 844 ,

2043 877 2288 935 prompto
2325 869 2504 920 animo
2546 866 2822 920 Christum
2866 874 3084 921 secutus
3119 874 3200 919 est
3236 883 3247 918 :
3286 867 3378 936 qui
3414 869 3616 924 daemo-
3694 855 3707 914 ἶ

2046 976 2141 1013 nes
2171 959 2496 1029 profugavit,
2516 968 2569 1012 et
2605 958 2822 1012 diabolo
2847 959 3068 1012 vulnera
3101 957 3292 1012 inflixit
3321 977 3334 1012 :
3369 961 3457 1028 qui
3484 975 3618 1031 qua-

2049 1060 2170 1104 tuor
2216 1052 2364 1104 orbis
2397 1061 2661 1104 terrarum
2699 1051 2832 1105 ﬁnes
2871 1051 3025 1104 ﬁrmo
3048 1061 3101 1104 et
3132 1053 3402 1106 constanti
3432 1068 3617 1121 gressu

2050 1143 2378 1212 peragravit,
2409 1155 2460 1196 et
2496 1154 2554 1197 ut
2581 1159 2734 1197 sacer
2757 1159 2820 1196 ac
2849 1143 3040 1206 bonus,
3067 1143 3258 1211 suique
3288 1143 3494 1198 Domini
3520 1146 3620 1199 mi-

2052 1233 2224 1284 nister
2259 1231 2688 1296 amantissimus,
2720 1247 2908 1286 omnes
2942 1244 3128 1301 gentes
3163 1233 3436 1302 Evangelii
3474 1252 3626 1305 prae-

2052 1323 2322 1377 dicatione
2353 1325 2418 1376 ad
2462 1325 2664 1378 Christi
2708 1325 2863 1378 ﬁdem
2902 1327 3192 1380 convertit.
3226 1327 3320 1380 llle
3353 1345 3412 1382 se
3451 1330 3627 1383 domi-

2055 1412 2235 1466 cilium
2288 1425 2531 1482 paratum
2568 1415 2816 1484 praebuit,
2857 1417 2909 1468 in
2946 1433 3053 1485 quo
3095 1419 3336 1487 ejusdem
3381 1422 3630 1475 essentia:

2017 1537 2022 1541 -
2056 1506 2327 1574 particeps
2369 1501 2653 1560 Trinitatis
2689 1507 2998 1572 habitaret,
3044 1511 3246 1578 quique
3286 1514 3484 1566 sutnmi
3535 1512 3631 1567 Dei

2060 1595 2316 1662 templum
2345 1597 2497 1649 ﬁeret
2537 1615 2549 1650 :
2583 1596 2879 1662 Barnabas,
2917 1599 3159 1666 inquam,
3193 1601 3514 1671 Cypriorum
3553 1605 3634 1655 in-

2061 1685 2213 1754 sigue
2243 1696 2646 1754 ornamentum,
2680 1699 2733 1743 et
2767 1692 2915 1744 orbis
2951 1702 3219 1745 terrarum
3268 1705 3636 1764 propugnator

2064 1777 2518 1848 ineXpugnabilis,
2536 1782 2626 1848 qui
2646 1781 2918 1834 Christum
2944 1785 3116 1848 ipsum
3138 1785 3330 1837 tnirum
3350 1787 3399 1837 in
3423 1787 3636 1840 modum

2067 1869 2279 1932 dilexit,
2306 1879 2359 1922 et
2392 1886 2488 1938 pro
2515 1872 2630 1940 ipso
2648 1873 2892 1939 quotidie
2917 1875 3153 1926 animam
3182 1891 3332 1928 suam
3351 1878 3634 1945 exposuit:

2065 1960 2155 2026 qui
2187 1975 2328 2012 lltlllc
2364 1975 2465 2013 una
2501 1978 2622 2013 cum
2658 1962 2746 2014 illo
2776 1963 2828 2015 in
2870 1964 3021 2017 caelis
3063 1975 3274 2034 regnat,
3311 1975 3362 2020 et
3391 1968 3641 2022 Omnibus

2068 2050 2283 2104 sat-culis
2326 2052 2596 2119 regnabit.

2141 2141 2227 2198 IV.
2270 2141 2488 2196 Defessa
2521 2152 2602 2196 est
2629 2144 2803 2196 oratio
2837 2154 3046 2209 nostra,
3085 2147 3208 2201 dum
3242 2147 3637 2210 admirabilem.

2071 2233 2311 2286 divinum
2345 2241 2398 2284 et
2431 2232 2834 2300 optatissimum
2871 2234 3174 2303 apostolum
3210 2233 3510 2288 Barnabam
3537 2235 3647 2287 lau-

2071 2322 2228 2375 dibus
2286 2322 2549 2376 extollere
2602 2324 2771 2391 cupit,
2823 2337 2984 2392 atque
3037 2325 3347 2390 contendit,
3398 2325 3648 2396 quodque

2072 2415 2266 2468 mirum
2320 2424 2425 2477 est,
2467 2416 2701 2468 nondum
2747 2416 2813 2469 ad
2849 2417 3130 2470 exordium
3173 2418 3436 2486 pervenit.
3483 2417 3650 2485 llujus

2073 2507 2218 2559 enim
2251 2507 2585 2560 admirabilis
2618 2507 2716 2560 viri
2747 2509 2932 2562 laudes
2962 2508 3195 2575 majores
3226 2518 3372 2573 sunt,
3401 2524 3560 2578 quam
3595 2521 3653 2562 ut

2077 2605 2260 2650 nostra
2312 2595 2491 2650 oratio
2535 2595 2654 2649 illas
2705 2598 2973 2665 attingere
3020 2598 3214 2666 possit.
3257 2596 3454 2651 Earum
3493 2597 3657 2667 igitur

2079 2689 2480 2754 tractationem,
2509 2701 2569 2741 ut
2591 2688 2934 2743 orationibus
2965 2690 3166 2742 nostris
3186 2689 3467 2757 majorem,
3489 2689 3655 2742 omit-

2079 2789 2274 2846 tentes,
2311 2795 2480 2849 pauca
2531 2781 2776 2850 quaedam
2809 2782 2876 2834 de
2908 2779 3024 2848 ejus
3049 2782 3156 2834 vita
3207 2791 3258 2836 et
3292 2784 3553 2852 martyrio
3591 2785 3656 2835 ab

2079 2883 2302 2928 auctore
2333 2873 2671 2928 Stromalutu
2705 2873 3007 2940 Clemente,
3049 2875 3390 2944 aliorumque
3409 2887 3650 2932 veterum

2082 2967 2363 3019 hominum
2400 2967 2637 3035 scriptis,
2690 2968 2917 3034 repetita
2949 2969 3120 3033 vobis,
3154 2971 3448 3023 venerandi
3494 2971 3655 3023 audi-

2084 3068 2249 3124 tores,
2276 3072 2564 3127 exponam,
2598 3069 2651 3110 et
2689 3059 2760 3111 ita
2801 3061 3099 3115 narrationi
3139 3061 3263 3115 huic
3294 3062 3450 3115 ﬁnem
3488 3063 3660 3130 impo-

409 3149 725 3215 immobilis,
751 3148 1156 3205 fundamentum
1182 3153 1394 3210 stabile.
1418 3162 1471 3206 et
1497 3153 1712 3222 crepida
1747 3152 1977 3206 indisso-
2008 3186 2049 3240 ϐ
2083 3167 2295 3216 nemus,
2334 3152 2534 3206 divinis
2581 3150 2801 3206 Litteris
2835 3156 3215 3220 concedentes,
3261 3166 3320 3209 ut
3363 3156 3518 3223 hujus
3554 3156 3658 3215 viri

412 3238 614 3304 lnbilis,
648 3255 837 3292 saxum
871 3241 1177 3303 immotum.
1213 3242 1588 3295 ﬂuctuantium
1619 3236 1804 3310 portus
1825 3243 1982 3295 valde

417 3331 760 3396 tranquillus.
789 3333 963 3388 ﬁdelis
1001 3343 1053 3385 et
1089 3334 1322 3401 prudens
1361 3336 1719 3402 dispensator,
1748 3335 1982 3388 archite-

417 3434 537 3476 ctus
575 3423 985 3478 nobilissimus:
1028 3427 1117 3494 qui
1141 3427 1414 3480 caelestem
1457 3428 1506 3480 in
1544 3427 1703 3480 terris
1737 3429 1985 3482 semitam

419 3515 608 3576 tenuit,
643 3523 696 3566 et
738 3528 920 3581 parem
963 3517 1167 3584 angelis
1200 3516 1363 3568 vitam
1391 3516 1542 3568 duxit
1573 3535 1584 3569 :
1624 3516 1713 3584 qui
1744 3515 1841 3568 luit
1891 3515 1989 3568 Ec-

420 3607 709 3659 clesiarum
785 3616 1073 3677 patronus,
1129 3607 1344 3676 atljutor
1415 3624 1745 3676 pauperum,
1806 3607 1993 3675 inopes

423 3699 634 3752 abunde
661 3701 924 3762 nutriens,
960 3699 1250 3755 viduarum
1281 3701 1604 3764 consolatio,
1631 3691 1692 3754 et]
1713 3699 1985 3766 orphano-

425 3805 543 3840 rnm
575 3790 1028 3856 diligentiSsimns
1062 3802 1386 3861 procurator
1414 3807 1474 3844 ac
1507 3800 1679 3862 pater.
1717 3791 1996 3844 Barnabas

424 3876 628 3930 Christi
658 3879 1040 3946 mysteriorum
1069 3879 1383 3944 thesaurus,
1410 3881 1836 3935 orthodoxorutn
1865 3895 1997 3934 san-

428 3979 528 4022 ctae
561 3966 654 4022 Dei
681 3968 937 4023 Ecclesiae
968 3970 1284 4040 dogmatum
1319 3972 1586 4036 minister,
1617 3973 1997 4039 aegrotantinm

431 4060 671 4114 medicus
697 4060 958 4127 liberalis,
985 4077 1148 4117 sanos
1183 4072 1236 4116 et
1257 4062 1500 4118 Valentes
1531 4065 1802 4128 homines,
1849 4062 2000 4116 ﬁrma

431 4161 684 4221 certaque
741 4152 906 4207 animi
947 4155 1286 4222 jucunditate
1365 4154 1636 4222 alliciens,
1705 4155 2001 4210 Christiani

434 4245 612 4314 gregis
643 4255 829 4300 custos
873 4246 1344 4316 vigilantissimus,
1387 4248 1439 4302 in
1477 4250 1635 4304 terris
1665 4263 1914 4312 manens,
1953 4257 2006 4302 et

435 4339 486 4391 in
541 4338 699 4393 caelis
743 4338 854 4392 vita
907 4351 1068 4409 atque
1133 4339 1475 4394 institutione
1521 4355 1744 4394 versans
1783 4355 1797 4393 :
1836 4340 2004 4408 quiin

437 4432 639 4485 mundo
668 4432 886 4502 pietatis
913 4434 1165 4502 dogmata
1196 4433 1343 4486 clara
1361 4442 1416 4487 et
1444 4433 1550 4487 alta
1581 4447 1714 4488 voce
1739 4433 2006 4503 praedica-

2088 3252 2302 3306 semper
2347 3238 2616 3292 decantati
2666 3248 2719 3292 et
2758 3239 3094 3294 celeberrimi
3159 3253 3322 3312 caput
3372 3244 3666 3312 magniﬁco

2092 3331 2183 3384 illo
2225 3333 2495 3400 praeconio
2524 3343 2788 3386 Coronent
2819 3352 2832 3386 :
2865 3331 2995 3386 Erat
3044 3333 3319 3389 Barnabas
3347 3339 3424 3390 vir
3479 3337 3665 3402 bonus,

2093 3436 2140 3478 et
2172 3424 2358 3490 plenus
2384 3424 2586 3493 Spiritu
2627 3434 2812 3479 sancto
2846 3435 2894 3479 et
2924 3426 3029 3494 ﬁde
3061 3427 3101 3482 ³.
3133 3429 3272 3494 Quid
3303 3429 3426 3481 huic
3457 3443 3670 3496 praeco-

2101 3516 2187 3568 nio
2219 3532 2338 3584 par,
2371 3525 2461 3568 aut
2487 3532 2722 3582 unquam
2755 3517 2853 3571 fuit
2890 3517 3109 3570 simile?

2175 3604 2239 3657 γ.
2265 3607 2454 3658 Ortum
2477 3605 2626 3659 duxit
2647 3606 2991 3660 beatissimus
3012 3605 3100 3660 hic
3123 3607 3203 3660 vir
3219 3607 3284 3660 de
3303 3607 3670 3662 laudatissima

2101 3695 2186 3748 illa
2223 3697 2362 3748 trihu
2401 3697 2548 3758 Levi,
2584 3711 2652 3748 ex
2699 3710 2803 3764 qua
2850 3695 3026 3750 Moses
3065 3703 3118 3749 et
3149 3697 3354 3763 Aaron,
3388 3699 3564 3767 magni
3598 3700 3672 3754 illi

2104 3787 2194 3840 Dei
2237 3787 2512 3856 propheta!
2571 3797 2621 3840 et
2659 3787 2840 3856 pepuli
2891 3787 3182 3856 optimates
3213 3798 3390 3843 ortum
3447 3790 3672 3854 duxere,

2105 3881 2258 3948 cujus
2284 3879 2621 3946 cognationis
2645 3878 2808 3931 etiam
2855 3877 3071 3932 Samuel
3103 3879 3363 3948 propheta
3405 3882 3675 3950 particeps

2106 3972 2227 4026 fuit.
2285 3972 2412 4041 Ejus
2452 3983 2630 4025 autem
2687 3972 2871 4040 proavi
2908 3972 3176 4028 bellorum
3217 3989 3378 4028 causa
3429 3989 3550 4027 cum
3610 3977 3676 4028 ad

2105 4065 2430 4138 Cypriorum
2491 4065 2764 4135 regionem
2826 4065 3228 4134 migravisseut,
3282 4082 3434 4136 a‘quo
3497 4068 3680 4120 animo

2108 4157 2218 4210 illic.
2250 4154 2588 4210 habitabant.
2626 4155 2794 4210 Erant
2843 4166 3024 4211 autem
3071 4157 3174 4211 viri
3213 4157 3498 4210 admodum
3555 4158 3681 4212 reli-

2108 4249 2266 4319 giosi,
2302 4248 2391 4303 Dei
2421 4248 2591 4316 legem
2619 4255 3018 4311 reverentes,et
3046 4248 3198 4302 valde
3232 4248 3460 4303 divites:
3495 4264 3682 4317 quam-

2109 4345 2296 4396 obrem
2336 4348 2390 4396 et
2437 4339 2825 4411 Hierosolymis
2861 4340 3147 4396 facultates
3184 4340 3380 4395 multas
3433 4341 3680 4407 posside-

2111 4437 2260 4498 bant,
2293 4441 2348 4486 et
2394 4447 2580 4501 agrum
2617 4447 2783 4502 prope
2813 4433 3000 4486 urbem
3048 4431 3194 4486 illam
3238 4431 3684 4498 pulcherrimum,

438 4524 535 4588 vit,
563 4533 618 4576 et
646 4525 701 4576 in
729 4524 885 4578 caelis
914 4525 1305 4592 sempiternam
1337 4538 1595 4579 coronam
1625 4526 1830 4593 recepit
1869 4542 1882 4578 :
1916 4523 2008 4592 qui
2041 4513 2088 4571 Ι)
2118 4542 2223 4581 non
2261 4524 2432 4581 solum
2463 4524 2704 4579 omnium
2756 4539 3014 4594 generum
3049 4523 3342 4577 fructuosis
3392 4523 3687 4578 arboribus

438 4617 538 4672 fuit
578 4617 815 4686 gentium
849 4620 979 4685 dux,
1023 4621 1088 4672 ad
1120 4621 1286 4673 Deum
1335 4635 1428 4676 eas
1463 4621 1788 4690 perducens,
1827 4630 1882 4674 et
1908 4620 2010 4674 Ec-

438 4709 724 4764 cleslarum
765 4711 856 4765 Dei
898 4712 1245 4767 beatissimus
1276 4727 1472 4782 praeco,
1521 4727 1743 4783 campus
1789 4713 2010 4782 quidam

442 4802 855 4858 beneolentibus
885 4805 1084 4860 Christi
1125 4804 1344 4862 ﬁoribus
1383 4806 1794 4873 refertisslmus,
1835 4807 2010 4861 virtu-

443 4904 553 4946 tum
607 4895 883 4949 caelestem
925 4899 1146 4951 odorem
1185 4897 1506 4966 spirantium
1552 4899 1826 4967 quoddam
1859 4913 2009 4952 rose-

448 4995 580 5051 tum,
607 4985 808 5041 Christi
849 4990 1146 5058 gratiarum
1185 5004 1313 5059 ager
1345 4990 1716 5044 fertilissimus
1749 5007 1762 5043 :
1796 4990 1886 5059 qui
1934 4991 2015 5045 vi-

452 5090 560 5134 tam
604 5081 762 5134 valde
792 5082 1065 5135 sinceram
1119 5096 1184 5135 ac
1211 5096 1401 5150 puram
1451 5082 1504 5136 in
1533 5082 1695 5137 terris
1730 5083 2016 5154 transegit,

450 5179 558 5222 tam
591 5174 735 5225 recte
765 5171 815 5223 in
843 5181 986 5224 terra
1013 5171 1223 5236 vivens,
1255 5185 1416 5239 quam
1453 5169 1629 5238 angeli
1658 5169 1753 5239 ipsi
1787 5170 1838 5224 iu
1863 5171 2018 5224 caelis

449 5262 658 5316 vivunt.
696 5261 842 5316 ldem
889 5262 1154 5317 virtutum
1185 5261 1575 5318 exercitatione
1602 5261 1848 5332 insignis,
1890 5277 2019 5316 con-

453 5354 888 5424 templationibus
936 5363 990 5408 et
1042 5354 1320 5408 miraculis
1365 5363 1653 5424 praestans,
1689 5355 2020 5425 virginitatis

451 5448 740 5517 margarita
788 5447 1030 5516 quaedam
1084 5447 1339 5516 pretiosa,
1378 5459 1431 5501 et
1482 5448 1750 5503 castitatis
1784 5447 2023 5519 beryllus

453 5541 1217 5609 .ectissimus,"temperantiae
1257 5557 1467 5610 gemma
1508 5541 1818 5611 purissima,
1857 5541 2019 5596 Chri-

450 5645 590 5690 stum
618 5634 669 5688 iu
697 5647 756 5686 se
790 5633 1096 5697 loquentem
1136 5633 1363 5696 habens,
1396 5632 1623 5688 electum
1655 5631 1744 5688 Dei
1781 5649 1892 5700 vas,
1930 5635 2019 5703 qui

2117 4617 2440 4686 elegantem.
2479 4617 2571 4670 sed
2599 4615 2949 4669 aediﬁciorum
2979 4613 3346 4684 magnitudine
3387 4612 3538 4666 Valde
3568 4613 3688 4667 illu-

2120 4718 2311 4763 strem.
2342 4707 2422 4760 Ex
2452 4721 2558 4775 quo
2581 4706 2724 4761 enim
2758 4715 3002 4775 tempore
3026 4706 3190 4759 Isaias
3211 4705 3470 4774 propheta
3503 4705 3574 4758 ita
3612 4720 3690 4759 rc-

2122 4800 2277 4868 liquit
2305 4799 2602 4868 scriptum:
2651 4797 2870 4864 Beatus,
2918 4798 3006 4868 qui
3033 4797 3182 4850 habet
3215 4813 3387 4851 semen
3440 4797 3494 4850 in
3535 4795 3685 4859 Sion,

2122 4901 2168 4946 et
2199 4895 2411 4945 domum
2443 4891 2496 4944 in
2522 4889 2861 4956 Jerusalem;
2891 4892 3029 4945 hanc
3061 4889 3178 4956 ejus
3213 4889 3553 4961 prophetiam
3583 4887 3679 4945 lle-

2125 4985 2393 5039 braeorum
2446 4981 2537 5036 lilii
2584 4997 2847 5051 corporeo
2877 4996 3038 5035 sensu
3078 4981 3596 5050 interpretabantur,
3639 4987 3694 5032 et

2126 5077 2428 5132 ditissimus
2483 5076 2710 5146 quisque
2761 5075 2924 5128 dabat
2976 5088 3223 5143 operam,
3274 5080 3330 5126 ut
3382 5071 3584 5139 aliquid
3639 5071 3693 5124 in

2125 5169 2261 5224 urbe
2291 5167 2662 5237 Hierosolyma
2695 5167 3014 5236 possideret.
3046 5165 3182 5220 Cum
3221 5177 3353 5218 vero
3382 5163 3434 5216 in
3471 5163 3695 5234 Cyprio-

2130 5278 2246 5315 rum
2282 5259 2503 5329 regione
2540 5269 2701 5314 natus
2737 5268 2879 5313 esset
2916 5257 3024 5320 hie,
3057 5257 3123 5310 de
3151 5271 3259 5326 quo
3287 5254 3598 5319 scribimus,
3644 5264 3696 5307 ct

2127 5363 2384 5422 parentes
2411 5352 2706 5420 elegantem
2734 5365 2957 5419 puerum
2991 5349 3274 5409 vidissent,
3294 5347 3473 5400 statim
3504 5343 3698 5413 .loseph

2129 5461 2250 5502 eum
2289 5445 2656 5508 nominarunt,
2698 5457 2922 5512 puerum
2982 5456 3136 5494 somn
3191 5439 3514 5509 patriarchae
3558 5438 3702 5492 illius.

2131 5537 2492 5610 appellatione
2527 5537 2879 5589 honorantes.
2932 5531 3154 5586 Factum
3189 5545 3317 5584 vero
3359 5541 3464 5593 est,
3498 5541 3552 5582 ut
3579 5545 3703 5587 cunt

2132 5632 2366 5688 nominis
2413 5629 2791 5701 appellatione,
2845 5642 3052 5681 morum
3087 5626 3248 5679 etiam
3277 5623 3528 5678 nobilitas
3570 5638 3699 5683 con.

1764 5745 1771 5752 '
1807 5746 1834 5752 “’
1873 5753 1925 5786 Ιδ-
1964 5737 2099 5777 ιμ”τ-ῖι,

529 5810 548 5852 ³
585 5815 702 5878 Act.
737 5831 810 5882 Μ,
852 5814 939 5877 24,
