4036 6226
396 329 532 396 4091

1573 323 2016 386 ALEXAND!“
2045 317 2392 384 MONACIII

3524 325 3670 389 ιιι-ξ

395 448 626 508 veniret,
657 444 700 500 si
732 445 853 514 quis
880 443 1022 498 enim
1051 458 1238 498 vocem
1273 445 1432 506 lianc,
1469 440 1692 510 Joscpli,
1724 443 1990 508 interpre—
2018 452 2060 500 Α
2097 449 2154 493 ut
2194 440 2643 524 ingressionedua
2676 436 2890 492 ramulis
2924 437 3032 491 tuis
3062 437 3376 492 benediras.
3415 438 3544 508 Ejus
3578 457 3672 510 pe-

397 550 560 604 tetur,
606 536 839 592 inveniet
865 537 1002 590 idem
1033 537 1210 589 valere
1237 537 1376 604 quod
1405 535 1496 587 Dei
1530 534 1979 595 additamentum;

396 630 608 682 additus
647 629 790 681 enim
827 626 928 680 fuit
961 641 991 679 a
1024 626 1132 679 Dco
1161 626 1340 695 justus
1372 625 1461 679 hic
1507 625 1586 677 vir
1614 623 1979 693 apostolorum

392 719 580 783 cretui,
611 727 665 772 et
699 733 860 772 sacro
886 728 1199 772 sanctorum
1236 717 1534 771 consortio.
1571 715 1650 770 Ad
1686 717 1800 769 haec
1829 729 1979 767 eam-

390 811 513 865 dem
565 827 774 874 vocem,
829 811 922 866 Dei
973 811 1204 881 gloriam
1263 810 1608 880 interpretari
1671 824 1978 878 possumus.

390 901 580 971 Neque
611 904 895 971 quisquam
944 913 1094 971 putet
1141 905 1361 955 verbum
1430 901 1530 953 hoc
1578 898 1978 966 exsuperantite

387 1009 553 1047 causa
591 995 819 1056 dietuiu,
856 992 947 1046 sed
977 1009 1004 1044 a
1031 993 1228 1046 divinis
1261 991 1483 1044 Litteris
1513 1000 1784 1056 sumptum
1817 989 1973 1040 sciat.

386 1086 480 1139 Ait
518 1085 657 1137 enim
691 1083 922 1138 Paulus:
976 1083 1067 1137 Vir
1104 1100 1206 1136 iiaii
1239 1083 1382 1134 debet
1418 1091 1574 1149 caput
1619 1092 1806 1148 legere.
1856 1095 1973 1131 cum

389 1177 456 1230 ait
507 1178 682 1244 imago
726 1186 775 1229 et
839 1176 1010 1244 gloria
1064 1173 1163 1226 Dei
1212 1174 1254 1228 ³.
1289 1173 1438 1239 Quod
1480 1173 1523 1226 si
1577 1173 1749 1223 virum
1785 1186 1976 1238 quem-

389 1285 622 1338 cunque,
668 1269 954 1336 imaginem
1013 1267 1100 1319 Dei
1164 1276 1216 1318 et
1263 1266 1491 1332 gloriam
1524 1261 1975 1316 lectissimusille

386 1362 664 1431 apnsnilus
699 1361 1006 1431 appellavit,
1041 1359 1165 1427 quid
1214 1359 1458 1412 dicemus
1504 1361 1568 1412 de
1604 1358 1706 1411 hoc
1751 1357 1866 1409 viro
1916 1355 1967 1408 in

388 1456 551 1509 rebus
589 1456 787 1507 divitiis
821 1451 1269 1521 perfectissimo?

457 1547 546 1600 Ἥ.
577 1548 711 1600 Cum
741 1563 866 1598 vero
895 1545 1172 1596 Barnabas
1197 1545 1313 1611 ipse
1337 1543 1684 1602 adolevisset,
1713 1540 1859 1594 illum
1916 1542 1968 1595 in

386 1641 576 1694 urbem
617 1637 1048 1707 Hierosolymam
1079 1644 1333 1704 parentes
1360 1633 1750 1700 perduxterunt,
1782 1642 1835 1684 et
1867 1631 1972 1685 Ga-

386 1731 588 1784 malieli
653 1730 822 1798 legem
885 1743 946 1780 ac
1007 1727 1299 1794 prophetas
1353 1725 1644 1792 diligi-nter
1693 1724 1972 1776 edocendo

389 1825 748 1884 tradiderunt,
799 1821 887 1888 qui
938 1831 989 1873 et
1033 1817 1278 1882 Paulum,
1315 1825 1440 1868 tunc
1475 1815 1696 1867 Saulum
1731 1815 1968 1881 appella-

389 1926 522 1974 tttiii.
555 1912 992 1981 COIIiIISciptIIIlttt
1037 1911 1287 1962 habebat.
1322 1907 1579 1969 Quotidie
1607 1922 1734 1959 vero
1770 1905 1974 1959 Barna-

386 2008 485 2061 bas
553 2007 724 2075 magis
779 2004 1119 2072 proficiebat,
1157 2012 1267 2054 tnui
1325 2000 1596 2062 doctrina,
1644 2007 1754 2051 tum
1825 1999 1972 2052 omni

387 2099 614 2162 virtute,
675 2097 913 2149 nondum
979 2105 1158 2148 tamen
1225 2093 1290 2145 ad
1349 2091 1661 2145 Levitarum
1725 2091 1973 2142 ordinem

387 2198 714 2261 aggregatus
769 2185 970 2249 fuerat,
999 2201 1063 2239 eo
1112 2185 1255 2254 quod
1312 2198 1418 2236 non
1481 2193 1601 2235 erat
1649 2190 1811 2234 :etate
1861 2179 1971 2243 illa,

391 2297 551 2349 quam
585 2296 644 2333 ea
698 2294 784 2332 res
821 2276 1133 2346 postulabat
1163 2293 1176 2328 :
1213 2274 1389 2327 adhuc
1419 2273 1564 2326 enim
1594 2286 1716 2325 cum
1749 2268 1974 2338 ephebis

389 2371 799 2425 numerabatur.
832 2369 945 2422 Non
975 2378 1154 2420 tamen
1186 2383 1212 2418 a
1247 2365 1449 2431 templo
1480 2361 1816 2422 discedebat,
1845 2377 1970 2414 cum

389 2464 446 2517 in
477 2462 701 2532 jt'jtttiiis
734 2477 795 2514 ac
829 2460 1080 2528 precibus
1109 2459 1195 2510 die
1243 2472 1306 2511 ac
1348 2467 1503 2509 nocte
1539 2463 1869 2508 versaretur.
1900 2453 1974 2505 Ita

386 2569 520 2608 vero
562 2559 708 2622 teges
739 2563 795 2606 et
827 2553 1033 2620 reliqua
1065 2550 1242 2602 divina
1276 2549 1478 2616 scripta
1515 2547 1831 2600 memoriter
1859 2560 1980 2614 pro-

387 2646 702 2706 nuntiabat,
729 2653 788 2697 ut
827 2644 1128 2696 litterarum
1162 2640 1515 2695 monimentis
1542 2655 1650 2693 non
1684 2639 1973 2706 indigeret,

387 2738 735 2808 quietemque
776 2735 949 2804 ipsam
985 2745 1092 2786 tam
1128 2734 1346 2788 charam
1387 2732 1637 2792 habebat,
1679 2740 1736 2784 ut
1768 2741 1976 2798 tempe-

389 2831 582 2884 rantiae
623 2838 850 2882 matrem
893 2827 1034 2880 illam
1067 2842 1186 2881 esse
1215 2827 1458 2880 duceret.
1484 2823 1827 2879 Perniciosas
1848 2840 1978 2880 vero

388 2921 664 2974 hominum
681 2919 1101 2973 consuetudines
1119 2923 1531 2980 exsecraliatur,
1548 2932 1611 2970 ac
1630 2917 1981 2972 vehementer

386 3016 646 3083 fugiebat,
676 3029 868 3082 purum
894 3022 948 3067 et
978 3029 1006 3064 a
1036 3012 1181 3065 vitiis
1216 3011 1474 3065 intactum
1509 3010 1745 3076 seipsum
1769 3012 1840 3064 ita
1861 3022 1984 3064 con'

2001 1784 2048 1842 B

2087 531 2263 584 tilioni
2297 532 2553 586 Christus
2587 530 2845 584 Dominus
2879 545 3137 584 assensus
3168 540 3292 596 est;
3336 546 3498 600 quem
3548 549 3669 586 niu-

2084 629 2184 682 lier
2231 625 2323 679 illa
2386 624 2540 677 valde
2595 623 2715 676 laeta
2775 623 2828 677 in
2869 623 3208 678 cmnaculum
3234 637 3390 677 suum
3435 627 3667 694 accepit.

2083 719 2160 773 Ex
2196 720 2286 773 illo
2327 717 2492 787 igitur
2524 718 2634 782 die,
2681 717 2894 786 quoties
2934 717 3191 770 Dominus
3236 713 3665 789 Hierosolymam

2082 813 2347 875 venisset,
2390 812 2496 865 illic
2525 827 2628 864 una
2652 826 2774 865 cum
2811 811 3091 878 discipulis
3123 810 3233 863 suis
3265 810 3662 876 diversabatur,

2086 905 2406 974 quibuscum
2436 915 2483 958 et
2520 893 2724 956 Pascha
2757 902 2865 956 illic
2897 901 3044 965 fecit,
3092 901 3180 954 uhi
3211 911 3262 954 et
3287 904 3666 974 mysteriorum

2081 1006 2420 1052 sacramenta
2455 999 2670 1050 eosdem
2705 995 3002 1063 discipulos
3033 1011 3164 1050 suos
3191 995 3428 1051 edocuit.
3469 995 3667 1049 Seruio

2080 1089 2221 1142 enim
2254 1088 2470 1156 quidam
2507 1104 2533 1139 a
2570 1086 2822 1140 I’atribus
2860 1086 3090 1138 traditus
3153 1086 3218 1138 ad
3255 1101 3352 1140 nos
3397 1074 3664 1152 pervenit,

2080 1177 2336 1246 eum,qui
2374 1167 2620 1245 lat-getiam
2664 1191 2818 1243 aqua:
2863 1175 3136 1243 portabat,
3182 1190 3339 1242 quem
3403 1175 3665 1228 Dominus

2080 1271 2193 1340 ipse
2221 1269 2500 1338 discipulis
2529 1269 2642 1320 suis
2693 1267 2948 1335 praecepit
2981 1275 3036 1318 ut
3099 1276 3481 1333 sequerentur,
3518 1265 3664 1320 Mar-

2079 1377 2198 1412 cum
2235 1360 2400 1413 I'uiSse
2443 1362 2612 1414 beata:
2644 1360 2787 1413 illius
2836 1357 3017 1413 Maria:
3065 1358 3252 1413 ﬁliuni.
3294 1357 3446 1426 Quod
3478 1370 3661 1413 autem

2077 1451 2226 1504 illum
2260 1452 2517 1506 Dominus
2549 1468 2656 1504 non
2706 1452 3024 1513 nominarit,
3076 1451 3167 1503 sed
3203 1452 3435 1507 dixerit:
3466 1449 3551 1504 lle
3591 1451 3663 1503 ad

2077 1545 2350 1613 quemdam
2383 1544 2433 1608 ";
2485 1545 2822 1613 providentia
2874 1544 3106 1611 quadam
3143 1541 3342 1597 factum
3391 1553 3495 1608 est,
3522 1545 3665 1596 sicut

2078 1637 2271 1690 Patres
2301 1638 2473 1690 sancti
2508 1637 2681 1690 locum
2719 1673 2728 1688 .-
2746 1637 2890 1689 hunc
2940 1637 3362 1703 interpretantes
3386 1636 3661 1701 dixerunt,

2078 1739 2134 1781 ut
2162 1744 2218 1782 re
2257 1731 2490 1781 obscure
2521 1730 2664 1783 dicta
2701 1728 2801 1782 hoc
2833 1744 2931 1781 nos
2963 1729 3208 1794 doceret,
3249 1727 3536 1780 Dominum
3567 1724 3664 1782 Je-

2077 1836 2194 1873 snin
2249 1821 2390 1886 apud
2449 1835 2570 1873 eum
2619 1822 2906 1885 diversari,
2958 1822 3272 1891 quicunque
3319 1835 3381 1875 se
3415 1831 3662 1888 paratum

2077 1913 2299 1981 pra-bet.
2329 1917 2383 1964 tu
2414 1913 2501 1964 illo
2529 1913 2689 1978 igitur
2716 1913 2833 1980 ipso
2856 1913 3140 1967 uenat-nlo
3170 1911 3426 1966 Dominus
3455 1911 3661 1967 Pascha

2078 2005 2228 2068 fecit,
2266 2007 2316 2058 in
2353 2005 2442 2057 illo
2477 2005 2730 2075 apparuit
2759 2003 2980 2060 Thoiiite
3007 2005 3271 2071 apostolo,
3299 2021 3417 2057 cum
3451 2020 3479 2056 a
3516 2019 3661 2057 mor-

2080 2098 2185 2152 tuis
2223 2098 2552 2152 surrexisset
2579 2098 2600 2127 ⁸
2629 2116 2642 2151 :
2681 2099 2829 2162 illuc,
2867 2110 3154 2167 postquam
3189 2096 3344 2152 Jesus
3373 2100 3423 2151 in
3458 2101 3658 2156 coelum

2079 2199 2389 2257 assumptus
2423 2199 2530 2252 est,
2557 2190 2806 2258 discipuli
2837 2207 2956 2243 cum
2988 2192 3208 2256 reliquis
3240 2191 3499 2244 fratribus
3525 2207 3658 2248 cen-

2079 2289 2190 2333 tunt
2239 2279 2455 2350 viginti,
2503 2281 2553 2332 iii
2587 2281 2783 2348 quibus
2824 2291 2982 2334 erant
3027 2279 3305 2334 Barnabas
3335 2293 3388 2335 et
3419 2280 3656 2348 Marcus,

2080 2385 2146 2425 ex
2195 2383 2379 2424 monte
2411 2371 2690 2426 Olivarum
2745 2373 3200 2426 couveneruut’:
3241 2373 3364 2427 illuc
3422 2374 3660 2443 Spiritus

2080 2471 2302 2516 Sanctus
2338 2463 2387 2514 iu
2417 2462 2618 2532 linguis
2647 2463 2818 2531 igneis
2857 2463 2921 2515 ad
2965 2463 3258 2530 discipulos
3297 2465 3576 2518 desveudit
3603 2466 3656 2518 in

2081 2553 2168 2607 die
2216 2553 2566 2609 Pcutecostes
2600 2555 2642 2586 ¹⁰
2675 2572 2690 2620 ;
2723 2555 2836 2609 illic
2865 2555 3124 2606 collocata
3170 2571 3310 2608 nunc
3343 2567 3422 2610 est
3466 2571 3658 2626 magna

2079 2655 2133 2700 et
2161 2647 2504 2701 sanctissima
2533 2649 2685 2710 Sion,
2714 2650 2955 2702 omnium
2995 2649 3356 2702 Ecclesiarum
3397 2650 3656 2702 maxima.

2154 2738 2286 2794 VIII.
2330 2739 2481 2796 Tunc
2515 2756 2642 2795 vero
2671 2740 2946 2794 Barnabas
2991 2754 3211 2796 secutus
3243 2750 3327 2796 est
3372 2741 3657 2794 Dominum

2083 2840 2445 2886 revertentem
2481 2833 2549 2886 ab
2575 2832 2963 2904 Hierosolymis
2989 2835 3040 2887 iu
3077 2833 3374 2889 Galilaeam.
3407 2835 3541 2888 Cum
3567 2850 3664 2889 au-

2087 2933 2192 2977 tem
2232 2924 2385 2977 multi
2437 2925 2678 2992 undique
2735 2928 2801 2979 ad
2863 2925 3148 2979 Dominum
3195 2929 3563 2990 convenirent,
3606 2940 3660 2983 et

2085 3016 2200 3082 ejus
2232 3016 2388 3068 ﬁdem
2413 3028 2792 3085 Sequerentur,
2821 3015 2956 3070 dixit
2982 3016 3264 3084 discipulis
3293 3019 3441 3071 suis:
3469 3017 3660 3072 Messio

387 3125 632 3172 servans,
663 3119 720 3159 ut
745 3107 958 3161 virtutis
980 3115 1124 3158 esset
1152 3107 1425 3172 specimen
1457 3104 1752 3173 quoddam.
1773 3104 1976 3170 Quam-
2005 3127 2048 3186 α
2085 3106 2290 3178 quidem
2323 3106 2508 3168 multa,
2541 3107 2769 3174 operm-ii
2809 3120 2981 3160 autem
3007 3109 3183 3173 pauci.
3216 3106 3258 3139 “
3296 3108 3482 3177 Itaque
3518 3107 3661 3163 desi-

387 3203 576 3255 obrem
609 3201 748 3267 apud
763 3215 952 3252 omnes
969 3198 1370 3251 existimatione
1387 3207 1440 3250 et
1459 3197 1628 3266 gloria
1658 3195 1904 3249 ﬂorebat.

457 3291 574 3346 VII.
633 3292 846 3344 Accidit
896 3300 1100 3352 autem,
1159 3299 1216 3342 ut
1257 3298 1497 3358 tempore
1555 3288 1647 3342 illo
1702 3287 1964 3343 Dominus

385 3386 543 3441 Jcsus
572 3383 823 3440 Christus
865 3381 1294 3452 Hierosolymam
1349 3382 1581 3443 veniret,
1617 3389 1673 3434 et
1703 3381 1964 3451 paralyti-

387 3497 510 3534 ciim
563 3481 613 3533 in
675 3477 958 3546 probatica
1001 3475 1206 3542 piscina
1255 3481 1496 3537 sanaret,
1539 3472 1756 3540 aliaque
1812 3472 1963 3543 signa

384 3574 556 3631 multa
601 3581 656 3626 et
689 3571 930 3640 prodigia
995 3569 1048 3620 in
1107 3567 1306 3634 templo
1348 3567 1538 3620 ederet
1563 3569 1606 3622 '.
1638 3567 1730 3618 Illa
1781 3565 1967 3618 omnia

383 3681 510 3717 cum
571 3661 846 3715 Barnabas
899 3659 1144 3720 vidisset.
1191 3656 1506 3723 obstupuit,
1560 3664 1614 3710 et
1660 3655 1846 3708 statim
1899 3653 1965 3708 ad

385 3754 589 3808 Christi
624 3753 786 3823 pedes
833 3767 893 3806 se
936 3752 1155 3821 alijecit,
1201 3763 1434 3817 eumque
1468 3757 1721 3816 precatus
1755 3755 1859 3808 est,
1909 3754 1966 3799 ut

389 3848 465 3901 illi
501 3846 871 3900 beneiliceret.
900 3843 1154 3898 Christus
1188 3852 1390 3905 autem,
1425 3839 1516 3909 qui
1550 3854 1644 3894 cor
1689 3838 1966 3893 hominum

389 3949 444 3993 ct
471 3939 682 3991 animos
715 3937 958 4003 iuSpicit,
989 3934 1254 3988 Barnabte
1289 3935 1445 3987 iidem
1491 3941 1700 4002 gratam
1742 3932 1966 3995 habens,

381 4025 651 4084 tbeuevole
704 4026 880 4093 ipsum
931 4026 1245 4090 acccpit,et
1297 4021 1466 4076 divini
1514 4023 1594 4076 sui
1650 4034 1971 4091 congressus

376 4118 638 4171 .eumdem
676 4115 991 4185 participem
1040 4113 1208 4168 fecit:
1246 4129 1418 4182 quare
1449 4113 1512 4165 ad
1542 4111 1746 4166 Christi
1784 4112 1970 4166 chari-

378 4219 558 4263 .tatem
622 4209 792 4278 magis
848 4205 1266 4260 accendebatur.
1326 4203 1497 4269 Quarti
1550 4203 1782 4271 primum
1839 4217 1971 4256 vero

375 4301 528 4359 ,adiit
576 4302 793 4354 domum
851 4298 1034 4353 Maria:
1089 4297 1278 4350 inatris
1332 4296 1580 4360 Joannis,
1633 4297 1723 4364 qui
1761 4295 1972 4350 Marcus

379 4401 580 4464 postea
617 4393 792 4445 dictus
840 4401 924 4444 est
964 4408 976 4442 :
1014 4405 1132 4458 qua:
1169 4388 1330 4442 Maria
1363 4388 1476 4455 ejus
1522 4399 1814 4441 matertera
1850 4402 1970 4442 esse

2089 3199 2270 3268 gnavit
2307 3201 2648 3268 septuaginta
2680 3199 2797 3253 illos
2830 3199 3122 3267 discipulos
3148 3238 3162 3265 ,
3195 3214 3423 3270 quorum
3459 3201 3664 3270 primus

2080 3293 2206 3354 dux.
2245 3300 2298 3345 et
2330 3306 2573 3345 summus
2615 3300 2734 3345 erat
2769 3308 2995 3358 magnus
3039 3292 3334 3346 Barnabas.
3355 3291 3460 3348 Sed
3503 3308 3663 3348 nemo

2067 3382 2289 3435 audiens
2316 3381 2585 3450 apostolos
2607 3386 2746 3436 lianc
2786 3381 3195 3448 appellationem
3236 3382 3308 3435 illi
3346 3385 3460 3435 viro
3487 3381 3660 3447 impo-

2068 3472 2267 3532 siiisse,
2297 3480 2496 3524 temere
2516 3479 2570 3521 et
2599 3471 2717 3523 sine
2738 3471 2917 3522 divino
2931 3469 3154 3522 consilio
3180 3468 3229 3520 id
3260 3467 3460 3521 factum
3489 3467 3653 3521 fuisse

2069 3564 2353 3630 opinetur:
2382 3579 2502 3615 nam
2532 3561 2726 3616 Petrus
2745 3563 2945 3630 ipseilli
2976 3576 3169 3614 nomen
3197 3561 3646 3632 liocimposuit",

2066 3650 2184 3718 ille,
2203 3653 2447 3720 inquam.
2469 3654 2787 3723 I’ctrus,qui
2815 3654 3091 3728 persancti
3123 3655 3356 3721 Spiritus
3377 3654 3650 3722 revelatio-

2073 3758 2194 3797 nem
2222 3742 2341 3796 Filii
2377 3744 2466 3798 Dei
2500 3745 2822 3814 theologiam
2865 3745 3083 3798 edidicit
3115 3747 3178 3796 ¹³.
3214 3746 3278 3798 Et
3309 3748 3656 3816 quemadmoo

2074 3835 2197 3888 dum
2224 3833 2467 3889 Iacobus
2487 3844 2542 3889 et
2572 3834 2808 3890 Joannes
2839 3846 3059 3904 propter
3093 3835 3368 3901 virtutem,
3394 3837 3486 3888 lilii
3519 3837 3658 3891 toni.

2074 3929 2179 3983 triti
2225 3931 2396 3984 vocati
2455 3939 2585 3984 sunt
2629 3929 2696 3993 ”,
2751 3931 2826 3983 ita
2859 3939 2910 3984 et
2941 3928 3218 3983 Barnabas
3280 3929 3497 3983 virtutis
3550 3943 3659 3984 sua‘.

2087 4036 2250 4075 causa
2285 4023 2426 4074 [ilius
2452 4022 2847 4077 consolationis
2882 4023 3182 4091 appellatus
3211 4031 3314 4085 est,
3337 4021 3536 4091 quippe
3564 4023 3659 4092 qui

2073 4121 2298 4181 propter
2328 4113 2639 4169 sanctitatis
2685 4114 3079 4184 pra-stantiam,
3101 4113 3352 4168 omnibus
3391 4114 3645 4168 consola-

2076 4203 2208 4255 tioni
2239 4201 2362 4256 fuit.

2148 4293 2238 4348 IX.
2291 4294 2434 4348 Idem
2492 4311 2614 4350 cum
2669 4295 2908 4350 audisset
2969 4295 3255 4350 Dominum
3313 4297 3595 4350 docentem
3643 4312 3658 4351 :

2088 4385 2302 4440 Vendile
2335 4403 2451 4455 quia
2481 4388 2781 4455 possidetis,
2822 4398 2870 4442 et
2898 4390 3017 4442 date
3059 4388 3460 4459 eleemosynam,
3489 4399 3540 4444 et
3570 4389 3656 4458 {a-

381 4485 697 4543 diceliatur,
728 4480 1079 4548 quamobrem
1111 4488 1166 4531 et
1197 4477 1433 4531 Marcum
1483 4475 1741 4530 Barnabas
1775 4492 1970 4531 conso-
2005 4469 2050 4524 Ῑ)
2085 4480 2184 4534 cite
2231 4482 2379 4534 vobis
2407 4481 2668 4545 sacculos,
2701 4483 2791 4552 qui
2827 4500 2928 4534 non
2969 4490 3316 4544 veterascuiit,
3347 4484 3652 4536 thesaurum

381 4573 610 4630 -.briiium
638 4571 982 4639 appellabant
1015 4571 1054 4628 ‘.
1090 4570 1236 4623 Illam
1269 4587 1389 4623 cum
1423 4571 1682 4624 adiisset:
1718 4570 1852 4641 Age,
1886 4571 1973 4623 iii-

381 4665 533 4734 .quit,
574 4663 789 4726 mulier,
824 4661 945 4714 veni
977 4671 1030 4715 et
1056 4661 1198 4726 vide,
1232 4677 1353 4728 qua:
1383 4672 1561 4729 patres
1597 4662 1764 4715 nostri
1792 4663 1974 4716 videre

384 4757 823 4821 £oiicuptvcrunt
852 4770 864 4807 :
898 4768 1026 4806 ecce
1056 4753 1198 4805 enim
1227 4751 1386 4807 Jesus
1409 4754 1627 4822 quidam
1659 4755 1917 4823 propheta
1941 4770 1972 4810 e

386 4843 660 4907 Nazarctlt
694 4843 925 4898 Galiltete
955 4845 1004 4897 in
1051 4845 1250 4914 templo
1277 4854 1379 4908 est,
1405 4847 1692 4914 magniﬁca
1725 4846 1970 4915 qumdain

389 4933 560 4987 edens
610 4932 891 4998 miracula,
929 4935 1017 5001 qtti
1078 4935 1259 4988 multis
1309 4935 1519 4988 videtur
1548 4935 1773 4990 Messias
1829 4951 1970 4999 CSse,

387 5025 486 5092 qui
525 5033 786 5079 venturus
819 5035 957 5079 erat.
1002 5025 1135 5079 Cum
1187 5027 1299 5079 haec
1348 5026 1590 5082 audisset
1635 5027 1974 5081 admirabilis

393 5117 486 5170 illa
533 5117 746 5183 mulier,
800 5117 1006 5172 relictis
1041 5116 1293 5171 omnibus
1351 5117 1454 5181 bis,
1488 5134 1606 5186 quae
1654 5119 1885 5173 habt-hat
1920 5119 1971 5173 in

394 5210 668 5276 manibus,
701 5210 954 5279 templum
989 5208 1079 5262 Dei
1117 5210 1250 5262 adiit
1281 5227 1295 5262 :
1330 5209 1418 5263 tibi
1465 5227 1586 5265 cum
1629 5209 1810 5266 Jesum
1842 5223 1975 5264 tem-

394 5304 471 5373 pli
523 5304 812 5358 Dominum
865 5303 1108 5364 vidisset.
1145 5303 1208 5356 ad
1265 5302 1381 5369 ejus
1431 5305 1594 5372 pedes
1646 5319 1703 5358 se
1756 5301 1973 5370 θιὼ-(τη,

391 5411 628 5466 eumque
670 5397 748 5452 sic
781 5409 1000 5466 precata
1045 5405 1166 5451 est:
1205 5394 1259 5449 Si
1301 5397 1528 5466 gratiam
1571 5397 1772 5461 inveni,
1804 5412 1836 5449 ο
1879 5395 1974 5449 Do-

393 5504 564 5556 niuie,
597 5487 648 5543 ia
671 5498 963 5560 conspectu
987 5497 1098 5555 tuo,
1127 5488 1245 5544 veni
1275 5488 1338 5542 ad
1369 5487 1588 5543 domum
1619 5488 1824 5543 ancillae
1847 5497 1970 5555 tute,

462 5611 485 5643 ⁸
519 5610 533 5662 Ι
574 5611 782 5674 (ΖΜ-,τῃ
813 5611 863 5674 7,
891 5613 943 5665 8.

392 5681 548 5751 p.13.
600 5683 641 5712 ιο
675 5685 790 5735 Act.
828 5682 935 5741 ii,l
971 5699 1119 5751 seqq.

389 5746 433 5778 "
477 5748 607 5806 Luc.
651 5766 745 5817 xii,
778 5751 864 5806 53.

1022 5612 1041 5643 ⁸
1072 5610 1226 5664 Joan.
1257 5628 1306 5674 ν,
1326 5614 1360 5669 ‘2
1383 5628 1535 5682 seqq.

2073 4589 2339 4641 nunquam
2390 4574 2714 4643 deﬁcientem
2765 4575 2822 4628 in
2876 4574 3017 4628 cazlis
3069 4575 3153 4639 ¹⁸;
3208 4573 3338 4628 nihil
3389 4586 3651 4639 moratus,

2072 4669 2256 4722 statim
2297 4683 2410 4722 rem
2440 4684 2655 4722 omnem
2685 4671 2978 4738 pretiosam
3011 4685 3038 4721 a
3073 4670 3386 4739 parentibus
3425 4671 3656 4724 mortuis

2071 4758 2174 4812 sibi
2224 4758 2470 4813 relictam
2504 4760 2772 4826 vendidit,
2806 4772 2858 4816 et
2891 4763 3173 4832 egentibus
3203 4763 3518 4817 distribuit:
3550 4763 3654 4817 sibi

2072 4863 2203 4902 vero
2226 4849 2396 4903 solum
2431 4867 2622 4919 agrum
2651 4869 2812 4906 unum
2841 4853 3159 4919 reservavit,
3185 4854 3325 4907 unde
3350 4855 3420 4908 ali
3453 4867 3652 4924 posset.

2082 4939 2275 4997 Postea
2308 4959 2435 4999 vero
2473 4960 2634 5014 quam
2677 4945 2937 5000 Doininus
2975 4962 3190 5000 erucem
3232 4963 3523 5016 perpessus
3549 4957 3654 5012 est,

2082 5042 2137 5087 et
2172 5048 2200 5086 a
2265 5035 2493 5088 mortuis
2534 5039 2846 5098 resurrexit.
2897 5053 2958 5091 ac
2995 5035 3255 5106 Spiritum
3304 5048 3553 5093 sanctum
3585 5041 3653 5094 ad

2083 5123 2378 5194 discipulos
2400 5142 2526 5182 suos
2552 5129 2720 5191 misit,
2751 5139 2878 5182 tunc
2908 5130 3121 5181 divinus
3156 5127 3429 5184 Barnabas
3452 5130 3656 5186 Christi

2082 5215 2349 5271 cliaritate
2403 5219 2574 5289 magis
2625 5219 3010 5283 inﬂammatus,
3042 5221 3190 5274 illum
3248 5223 3411 5276 etiam
3461 5239 3652 5293 agrum

2084 5307 2348 5368 vendidit.
2385 5321 2616 5379 cumque
2659 5312 2884 5364 multum
2921 5311 3161 5380 pecunia:
3189 5327 3254 5366 ex
3295 5314 3412 5382 ejus
3481 5315 3656 5381 pretio

2084 5399 2404 5470 accepisset,
2435 5416 2649 5456 omnem
2680 5403 2964 5472 pecuniam
3004 5403 3144 5458 illam
3182 5405 3246 5458 ad
3281 5405 3651 5474 apostolorum

2024 5564 2028 5569 .
2084 5491 2246 5560 pedes
2273 5493 2543 5562 deposuit,
2571 5509 2742 5564 nequc
2775 5493 3068 5566 quidquam
3099 5496 3320 5550 omnino
3347 5496 3447 5550 sibi
3481 5511 3656 5550 reser-

1613 5613 1632 5643 ⁸
1658 5611 1864 5666 Colosa.
1895 5628 1966 5677 Iv,
2009 5614 2093 5670 IO.

1202 5685 1240 5713 ”
1276 5685 1439 5738 Matth
1500 5700 1573 5749 ιι,
1605 5684 1703 5748 37;
1742 5682 1872 5736 Luc.
1908 5701 1958 5745 χ,
1989 5685 2040 5739 2,

2205 5615 2419 5689 ngarc.
2452 5633 2561 5678 xiv,
2605 5619 2665 5673 t5
2695 5635 2850 5689 seqq.
2937 5620 2958 5651 ⁸
2989 5617 3145 5673 Joau.
3187 5633 3278 5681 xx.
3315 5617 3408 5674 26.
3483 5621 3504 5651 ⁹
3530 5620 3652 5674 Art.

2123 5685 2164 5717 ¹’
2209 5686 2368 5741 Marc.
2407 5703 2486 5752 iii,
2534 5689 2616 5743 l6.
2651 5697 2686 5726 τε
2711 5685 3118 5761 Matth.xvi,l7.
3188 5689 3228 5719 “
3256 5689 3420 5744 Marc.
3451 5707 3530 5754 iii,
3566 5693 3650 5747 l7.
