4036 6226
269 381 411 449 ιίοῦὂ

1259 396 1648 463 LAUDATIO
1685 358 1768 463 tu
1807 402 2066 468 APOST.
2100 411 2535 483 BARNABAM;

3390 445 3534 511 40M

2523 481 2533 483 '
3390 481 3532 511 IU‘J'I

272 498 438 561 vavit,
486 511 586 554 suo
619 481 863 570 exemplo
913 516 1102 558 omnes
1150 506 1445 578 discipulos
1490 511 1556 564 ad
1605 513 1850 566 eamdem
1881 517 1927 574 Α
1958 518 2182 583 spherae
2210 533 2262 577 et
2289 541 2634 595 persecutore
2682 535 2775 593 illo
2804 540 2968 610 dicta,
2992 547 3284 620 obstupuit,
3320 571 3372 611 et
3415 578 3532 629 pm,

272 588 523 629 υἶιθιιιιριη
554 588 793 629 allia-inn:
1061 606 1107 629 ΔΙ
1143 611 1264 629 Ωιι-ιι
1301 598 1466 629 αεὶ-..Λ
1503 602 1811 629 ιΙῖι-ηηι..ι..ιι
1956 611 2135 629 _.._-,|!,
2224 615 2236 627 ι
2412 621 2422 629 .
2568 623 2582 629 -

266 588 523 653 virtutem
553 588 795 646 alliciens
826 593 891 648 ‘°.
923 592 1017 649 ille
1061 606 1115 649 et
1143 611 1264 650 cum
1301 598 1466 653 Saulo
1502 602 1836 671 disputabat,

267 695 425 749 quem
469 683 536 737 ad
562 683 764 739 Christi
792 686 1000 742 Domini
1035 689 1192 744 tidem
1220 693 1520 761 perducere
1560 693 1839 762 cupiebat.

267 772 468 829 Saulus
490 785 667 830 autem
698 793 819 833 cum
843 780 977 847 legis
1004 782 1340 839 institutione
1365 784 1650 854 diligenter
1675 796 1837 856 atque

267 874 520 918 accurate
562 866 847 933 niteretur,
880 870 1185 925 But-nabant
1234 875 1405 942 ipsum
1449 888 1508 930 ut
1552 878 1835 947 deceptum

264 951 544 1019 irridebat,
575 966 629 1011 et
672 959 724 1013 in
777 960 1050 1017 Christum
1086 965 1373 1021 maledicta
1409 967 1640 1037 iaciens.
1698 970 1837 1026 fabri

265 1045 458 1112 filium,
502 1049 728 1105 idiotam
766 1064 822 1108 et
871 1068 1138 1125 agrestem
1186 1059 1459 1113 hominem
1506 1063 1832 1130 appellabat,

262 1154 423 1207 quem
480 1151 535 1199 ut
586 1154 640 1200 et
691 1157 862 1201 morte
909 1148 1142 1203 violenta
1201 1153 1479 1205 sublatum
1531 1154 1832 1211 deridebat.

258 1229 392 1286 Cum
434 1249 559 1288 vero
589 1238 868 1302 miracula,
890 1256 1008 1308 quae
1032 1257 1124 1311 per
1144 1245 1417 1311 apostolos
1437 1242 1831 1313 eﬂlciehantur,

258 1330 313 1374 et
360 1325 540 1391 populi
599 1315 998 1383 multitudinem
1049 1335 1236 1388 indies
1277 1335 1537 1404 majorem
1594 1336 1658 1389 ad
1708 1338 1830 1393 fidei

255 1415 697 1480 praedicationem.
743 1420 1101 1477 conﬂuentem
1136 1426 1366 1491 videret,
1412 1429 1596 1481 animo
1616 1431 1831 1483 crucia-

254 1504 452 1565 batur:
534 1526 768 1581 cumque
812 1529 917 1567 una
973 1531 1096 1569 cum
1154 1516 1466 1585 Libertinis,
1513 1519 1832 1589 Cyrenensi-

252 1596 356 1652 bus
407 1609 568 1670 atque
617 1603 1001 1660 Alexandrinis
1050 1624 1304 1680 magnum
1361 1611 1513 1666 illum
1571 1614 1828 1669 Ecclesiae

251 1696 523 1742 oratorem
553 1690 886 1760 Stephanum
914 1698 1139 1753 adortus
1161 1710 1328 1763 esset,
1353 1717 1527 1771 neque
1549 1706 1827 1771 sapientiae

247 1789 301 1833 et
332 1780 578 1849 Spiritui,
606 1788 696 1854 qui
721 1803 817 1855 per
839 1786 1176 1857 Stephanum
1204 1794 1546 1864 loquebatur,
1572 1799 1827 1854 resistere

246 1879 447 1935 posset,
474 1870 679 1926 insania
705 1887 757 1929 et
778 1876 960 1933 furore
985 1881 1472 1957 nmho_correptns,
1496 1887 1831 1943 inordinatos
1866 1871 1905 1925 Β

245 1959 426 2027 ιιι-ρειιὶ
479 1964 725 2020 homines
772 1981 961 2025 contra
1039 1972 1377 2041 Stephanum
1434 1980 1730 2035 concitavit
1762 1985 1824 2039 ”.

243 2050 361 2117 Quo
399 2053 710 2128 ἰιιιετιίιϊιο,
758 2063 1193 2126 persecutionem
1224 2082 1474 2138 tuaguam
1535 2077 1829 2131 commovit

241 2141 507 2197 adversus
538 2144 861 2215 Ecclesiam,
891 2166 1011 2219 quae
1044 2164 1165 2207 erat
1194 2157 1610 2230 Hierosolymis.

313 2230 378 2287 Χ.
414 2232 609 2291 Verum
649 2253 771 2292 cum
805 2241 875 2295 ita
915 2244 1224 2303 inordinate
1278 2248 1604 2307 Damascum
1656 2257 1825 2323 proii-

241 2323 537 2380 cisceretnr
588 2330 654 2384 ad
703 2337 981 2391 vexandos
1042 2349 1209 2407 atque
1261 2342 1579 2414 atlligeudos
1633 2348 1821 2405 fideles

237 2414 509 2484 homines,
542 2418 798 2477 Christus
836 2423 1099 2482 Dominus
1129 2429 1276 2484 illum
1305 2432 1520 2501 dejecit,
1551 2450 1607 2491 et
1629 2439 1682 2492 in
1711 2448 1820 2494 ter-

236 2520 350 2560 ram
383 2512 634 2578 supinum
664 2520 957 2584 prostravit
982 2538 996 2574 :
1020 2521 1109 2589 qui
1152 2539 1273 2577 cum
1307 2538 1612 2594 prostratus
1647 2542 1813 2599 esset,

234 2615 358 2654 eum
391 2601 605 2656 tandem
643 2610 899 2673 cognovit
940 2626 1102 2679 quem
1134 2618 1581 2687 persequebatur,
1614 2631 1669 2677 et
1699 2626 1813 2681 visu

232 2704 495 2763 cqrporeo
522 2708 852 2764 excaecatus,
886 2688 1083 2755 méntis
1122 2703 1293 2758 aciem
1330 2709 1398 2760 ad
1427 2711 1549 2764 caeli
1593 2713 1814 2769 celsiu-

232 2791 338 2838 tem
371 2787 593 2840 omnino
620 2788 816 2843 erexit.
842 2790 976 2845 Cum
1011 2808 1139 2850 vero
1167 2794 1595 2873 Hierosolymam
1632 2820 1813 2859 rever-

230 2888 324 2928 sus
369 2887 533 2944 esset,
570 2880 729 2935 dabat
759 2897 1000 2951 operam,
1051 2898 1111 2940 ut
1143 2886 1351 2945 Christi
1389 2893 1670 2963 discipulis
1708 2899 1808 2953 ad-

227 2959 458 3019 haereret
491 2981 692 3035 :quem
748 2981 927 3025 tamen
961 2988 1153 3030 onmes
1193 2977 1289 3044 illi,
1319 2980 1543 3035 multam
1561 2983 1681 3053 ejus
1705 3000 1805 3043 sa-

227 3053 412 3108 vitiam
447 3056 822 3125 formidantes,
856 3063 1154 3136 fugiebant.
1181 3069 1252 3124 At
1277 3087 1504 3144 magnus
1523 3074 1802 3136 Barnabas

224 3145 297 3200 illi
340 3163 652 3214 occurrens,
686 3155 799 3208 ait:
836 3157 1129 3229 Quousque
1166 3165 1407 3231 tandem,
1450 3166 1634 3237 Saule,
1669 3188 1795 3240 per—

222 3237 306 3309 gis
336 3254 456 3295 esse
494 3240 663 3297 Sani?
705 3246 884 3314 Quare
929 3250 1001 3305 ita
1053 3254 1357 3321 petulanter
1412 3260 1798 3319 beneﬁciorum

220 3339 497 3385 auctorem
528 3331 711 3390 Jesum
748 3347 1348 3413 persequeris?Desine
1386 3355 1646 3413 horribile
1667 3360 1795 3416 illud

219 3424 542 3488 mysterium
574 3443 903 3500 Oppugnare,
930 3439 1073 3506 quod
1107 3456 1137 3495 a
1185 3447 1467 3513 prephetis
1500 3450 1632 3518 ipsis
1665 3453 1796 3510 olim

215 3511 359 3562 clara
390 3527 521 3570 voce
546 3526 965 3586 pramuutiatum
1000 3539 1104 3593 est,
1137 3536 1340 3590 nostris
1379 3550 1559 3595 autem
1586 3553 1795 3615 tempo-

215 3601 364 3656 ribus
419 3618 518 3675 pro
564 3624 744 3667 nostra
780 3618 956 3674 salute
986 3623 1319 3690 patefactum
1349 3629 1469 3686 fuit.
1506 3632 1631 3691 Haec
1661 3653 1790 3694 eum

213 3696 456 3752 audisset
487 3700 701 3771 Saulus,
734 3708 800 3760 ad
834 3713 998 3777 pedes
1026 3713 1291 3773 Barnabas
1321 3735 1379 3775 se
1416 3723 1633 3794 dejecit,
1656 3731 1794 3785 mul-

214 3785 390 3854 tisque
440 3791 696 3861 lacrymis
734 3806 789 3850 et
829 3800 1161 3861 clamoribus
1199 3828 1213 3866 :
1251 3808 1510 3879 lgImSce,
1555 3819 1734 3889 inquit
1770 3865 1785 3890 ,

212 3876 367 3944 mihi,
402 3881 510 3936 dux
560 3884 781 3943 luminis
813 3901 867 3947 et
906 3895 1155 3954 veritatis
1186 3876 1445 3973 magister
1487 3876 1736 3969 Bern-aha
1770 3936 1783 3972 :

206 3974 461 4038 expertus
501 3979 645 4031 enim
688 3996 828 4047 sum,
870 3994 923 4041 et
975 4004 1035 4043 re
1065 3991 1179 4060 ipsa
1211 4001 1440 4065 cognovi
1482 4018 1608 4059 vera
1650 4023 1773 4065 esse

207 4076 326 4129 quae
363 4072 416 4117 tu
467 4067 672 4124 dixisti.
718 4073 889 4139 Quem
929 4080 1075 4135 enim
1115 4099 1219 4152 ego
1265 4091 1564 4151 maledictis
1596 4114 1781 4167 perse-

206 4167 396 4220 quens,
434 4156 571 4214 fabri
614 4163 781 4218 lilium
822 4171 1184 4241 appellabam,
1227 4180 1377 4237 illum
1427 4202 1567 4243 nunc
1596 4156 1782 4248 confi-

204 4252 323 4299 teor
357 4248 445 4304 Dei
491 4254 592 4307 vivi
628 4255 823 4312 Filium
848 4262 1206 4333 unigenitum,
1233 4270 1472 4337 ejusdem
1505 4287 1776 4352 essentne,

204 4336 387 4406 gloria:
418 4352 469 4395 et
499 4344 618 4399 solii
641 4351 979 4421 participem,
1003 4369 1351 4429 eomternum,
1372 4375 1430 4421 et:
1449 4373 1775 4442 principium

203 4443 440 4486 izetcvum
478 4455 491 4489 :
524 4440 613 4506 qui
655 4457 777 4496 cum
816 4446 886 4499 sit
932 4451 1188 4518 splendor
1227 4457 1412 4525 gloriae
1436 4502 1452 4526 ,
1484 4474 1538 4518 et
1577 4469 1773 4525 chara-

200 4532 315 4577 cter
345 4529 659 4588 substantia:
697 4536 980 4594 invisibilis
1000 4544 1536 4613 Dei“,iunovissimis
1556 4561 1770 4619 hisdie-

199 4613 301 4669 bus
331 4632 553 4688 propter
590 4640 691 4680 nos
719 4639 774 4681 et
807 4642 1047 4689 nostram
1096 4639 1328 4698 salutem
1370 4649 1609 4716 seipsum
1652 4658 1771 4710 exi-

197 4708 424 4774 nanivit,
461 4711 688 4770 formam
722 4722 862 4775 servi
895 4727 1167 4796 accipiens
1205 4733 1282 4799 ¹⁹,
1323 4736 1427 4791 hoc
1473 4753 1558 4796 est
1590 4746 1771 4814 perfe-

195 4809 340 4852 cutm
388 4802 659 4863 hominem
723 4827 790 4866 ex
836 4829 1021 4874 sancta
1069 4820 1292 4895 Virgine
1328 4843 1381 4884 et
1419 4834 1509 4888 Dei
1542 4852 1768 4904 parente

190 4886 357 4944 Maria
380 4909 437 4947 se
466 4896 616 4963 fecit,
644 4917 747 4958 non
779 4908 1177 4981 confusionem,
1203 4934 1307 4973 non
1332 4929 1764 4999 com‘ersionem,

189 4995 289 5037 nec
313 4985 654 5057 divisionem,
682 5005 775 5050 attt
803 5003 1200 5068 separationem
1245 5026 1439 5079 passus
1466 5034 1480 5070 :
1518 5030 1570 5072 et
1596 5020 1762 5090 figura

188 5071 438 5131 inventus
486 5089 546 5132 ut
582 5082 765 5147 homo,
810 5086 1116 5145 humiliavit
1162 5071 1532 5169 semetipsum,
1587 5071 1765 5165 fat-tus

187 5164 443 5223 obediens
473 5185 643 5241 usque
666 5177 731 5228 ad
759 5190 1011 5247 mortem,
1032 5196 1259 5242 mortem
1277 5201 1457 5246 autem
1480 5199 1756 5254 crucis“:

186 5254 276 5322 qui
308 5266 360 5311 et
409 5267 708 5319 resurrexit
739 5282 769 5320 a
800 5273 1037 5328 mortuis
1064 5276 1222 5331 tertia
1256 5280 1362 5344 die,
1405 5294 1459 5338 et
1507 5293 1760 5356 apparuit

182 5347 338 5402 vobis
366 5354 625 5418 apostolis
658 5358 794 5423 suis,
825 5370 880 5415 et
918 5378 1229 5436 assumptus
1259 5384 1343 5428 est
1373 5375 1425 5429 in
1463 5379 1682 5447 C(Bltlttt,
1704 5395 1757 5438 et

184 5437 334 5493 sedet
365 5442 430 5494 ad
450 5443 726 5503 dexteram
747 5448 945 5521 Patris,
960 5467 1218 5518 etrursus
1241 5467 1415 5521 veniet
1444 5482 1565 5524 cum
1584 5473 1763 5542 gloria'

177 5529 419 5604 judicare
438 5535 587 5594 vivos
605 5548 661 5595 et
693 5553 952 5612 mortuos,
974 5559 1028 5602 et
1047 5555 1192 5621 regni
1209 5555 1325 5624 ejus
1345 5573 1448 5613 non
1468 5564 1574 5618 erit
1604 5565 1748 5623 finis.

252 5623 339 5681 X1.
370 5625 491 5682 Haec
520 5647 641 5688 cum
672 5636 965 5696 audivisset
995 5642 1210 5704 divinus
1241 5623 1524 5712 Barnabas
1556 5675 1584 5713 a
1630 5660 1748 5716 bla-

253 5742 320 5822 “_
346 5746 463 5802 Art.
509 5762 592 5822 tv;
617 5749 686 5804 56
714 5771 860 5822 seqq.

944 5760 1248 5842 ”_Act.vt,
1320 5766 1355 5823 8
1426 5784 1579 5842 sejq.

186 5826 267 5877 at...
297 5816 329 5871 4.
365 5833 516 5889 δυιιτι.
552 5816 847 5891 υιιμίιι,;;;(ἰ

895 5829 938 5858 τ’
968 5832 1084 5885 Act.
1124 5829 1243 5904 xt't,
1284 5844 1319 5903 2
1366 5829 1513 5919 «qi:

1707 5791 1750 5823 ³³
1779 5790 1939 5849 llebr,
1990 5806 2027 5858 l,
2048 5792 2102 5847 3.

1951 611 2145 674 gaudio
2189 615 2307 686 ejus
2339 621 2516 677 vultus
2567 623 2847 699 lacrymis,
2885 646 2942 689 ut
2974 641 3243 697 matutino
3280 664 3399 703 rore
3428 654 3533 709 llos

1950 696 2167 766 aliquis,
2223 707 2474 772 perfusus
2532 723 2616 769 est
2691 736 2722 772 ε’
2762 738 2994 795 cumque
3044 730 3191 788 illum
3247 741 3529 806 amplexus

1950 796 2003 841 et
2034 788 2311 851 osculatus
2341 799 2572 859 fuisset:
2606 788 2958 883 Ecquisnam,
3005 820 3201 893 inquit,
3256 788 3441 901 surde,
3476 848 3528 891 ιρ

1953 879 2132 901 .ι----ε.
2186 895 2197 901 -
2244 887 2277 901 ..
2366 892 2395 901 ..
2440 894 2451 901 .
2498 895 2509 901 -
2644 900 2649 901 ,

2704 879 2710 880 ,
2944 879 2952 883 .
3085 879 3096 893 ι
3188 879 3200 892 ι
3257 879 3441 901 ν--η-νν
3476 879 3513 891 “

1946 879 2135 936 docuit
2185 887 2312 961 talia
2345 892 2606 954 divinitus
2639 900 2902 973 inSpirata
2935 916 3099 969 verba
3135 926 3527 984 pronuntiare?

1947 968 2145 1041 Ecquis
2198 979 2290 1032 tibi
2344 995 2645 1058 persuasit,
2706 968 2974 1055 tithsum
3034 968 3369 1070 Nazarenum
3426 1021 3521 1076 Dei

1944 1061 2138 1118 Filium
2170 1071 2557 1134 conﬁtereris?
2584 1085 2861 1145 Uudenam
2887 1097 3188 1155 rmlestium
3210 1106 3520 1176 dogmatum

1946 1164 2052 1208 tam
2105 1162 2400 1228 perfectam
2451 1174 2731 1232 scientiam
2779 1184 3065 1245 didicisti?
3100 1194 3233 1249 Tum
3279 1200 3400 1267 ille,
3433 1206 3522 1257 dc-

1942 1249 2109 1305 m'rsso
2142 1255 2312 1320 vultu,
2347 1270 2402 1313 et
2450 1261 2717 1337 lacrymas
2756 1271 3009 1344 fundens,
3055 1299 3119 1338 ac
3150 1291 3315 1344 corde
3364 1296 3520 1352 valde

1940 1356 2317 1415 compunctus,
2373 1361 2649 1424 respondit
2690 1379 2706 1417 :
2760 1365 2850 1423 llle
2885 1369 3001 1438 ipse
3037 1374 3294 1437 Dominus
3335 1384 3516 1454 Jesns,

1944 1449 2103 1504 quem
2159 1454 2258 1509 ego
2316 1459 2573 1513 peccator
2612 1457 2914 1519 maledictis
2957 1467 3206 1527 lacessivi
3244 1487 3299 1530 et
3329 1495 3514 1546 perse-

1935 1536 2094 1580 θ¹¹ί¹¹³
2146 1544 2286 1597 5m".
2333 1536 2447 1594 hinc
2493 1547 2675 1601 omnia
2737 1567 2822 1606 me
2853 1557 3054 1613 docuit.
3081 1561 3216 1617 Nam
3252 1578 3550 1642 tanquam,

1939 1615 2181 1642 nl......:-___
2227 1634 2268 1642 -.
2364 1628 2396 1642 ι.
2424 1631 2436 1642 ο
2701 1640 2710 1642 Α

3253 1615 3511 1642 -,.-,,..,.,..

1937 1615 2186 1674 abortivo
2220 1634 2273 1678 et
2307 1628 2439 1683 mihi
2490 1640 2758 1705 apparuit,
2807 1645 2962 1711 cujus
2987 1652 3164 1707 divina
3195 1667 3248 1709 et
3271 1660 3511 1729 jucunda

1936 1721 2068 1763 voce
2105 1729 2278 1769 .aures
2319 1718 2461 1788 ipsas
2516 1728 2693 1784 adhuc
2737 1748 3090 1800 personantes
3146 1746 3364 1806 habeo:
3413 1772 3510 1811 sua

1934 1801 2078 1854 enim
2106 1803 2440 1877 benignitate
2465 1815 2725 1886 singulari
2759 1835 2813 1879 et
2847 1833 3089 1886 omnium
3119 1841 3351 1898 itiaxima
3386 1862 3512 1913 pro-

1934 1904 2154 1951 secutus
2201 1914 2284 1953 tne
2311 1900 2432 1967 fuit,
2468 1910 2663 1978 quippe
2693 1916 2784 1983 qui
2832 1916 3291 1996 mithrostrato,
3317 1900 3508 1993 et'mi-

1932 1984 2237 2043 serabiliter
2257 1989 2484 2062 jacenti,
2521 2002 2758 2069 seipsum
2785 2009 3098 2081 defendens,
3133 2023 3313 2086 potius
3343 2042 3511 2096 quam

1932 2074 2022 2096 ---εὶ
2051 2081 2061 2090 ⁸
2578 2094 2592 2096 ⁸

3086 2074 3097 2081 ,
3133 2074 3144 2086 ,
3178 2074 3183 2075 γ
3232 2074 3310 2078 η--
3346 2074 3506 2096 τη...

1930 2074 2062 2131 mihi
2112 2097 2439 2145 succensens
2483 2110 2497 2144 :
2560 2094 2748 2163 Saule,
2798 2102 2992 2172 inquit,
3058 2108 3237 2178 Suule,
3269 2132 3366 2171 cur
3423 2138 3506 2178 me

1925 2174 2450 2246 persequeris“?Ego
2468 2201 2598 2238 vero
2625 2189 2856 2248 horrens
2897 2210 3246 2273 etinctucns,
3280 2226 3505 2281 respon-

1933 2262 1977 2281 ᾉι,
2073 2264 2112 2281 n
2162 2267 2173 2279 ν
2389 2269 2420 2281 ’-
2521 2276 2532 2281 -
2675 2279 2709 2281 *’

1926 2262 1978 2316 di
2016 2281 2030 2318 :
2068 2264 2198 2329 Qui:
2252 2284 2328 2331 es,
2379 2269 2639 2334 Domine?
2673 2279 2808 2338 Tum
2846 2288 2935 2345 ille
2964 2262 3151 2351 multa
3186 2262 3501 2361 rnausnetu-

1923 2360 2049 2417 dine
2081 2374 2136 2417 et
2176 2367 2525 2427 miseratione
2561 2393 2647 2431 me
2709 2398 3043 2455 prosequens
3073 2408 3087 2445 :
3134 2392 3267 2462 Ego,
3302 2397 3496 2467 inquit,

1919 2469 2036 2506 sum
2064 2454 2220 2510 Jews
2278 2458 2615 2534 Nazarenus,
2647 2488 2798 2542 quem
2845 2454 2900 2530 tu
2945 2490 3290 2553 persequeris.
3334 2488 3416 2547 0b
3444 2494 3496 2549 id

1919 2560 2017 2614 ego
2084 2550 2412 2619 singularem
2490 2559 2608 2627 ejus
2689 2568 2999 2632 patientiam
3078 2578 3492 2654 ohstupcseens,

1918 2637 2204 2711 ipsumque
2248 2659 2436 2712 orans,
2490 2650 2601 2706 dixi
2643 2672 2657 2709 :
2702 2658 2968 2723 Quidnam
3005 2683 3098 2738 ego
3129 2672 3359 2748 faciam,
3388 2678 3496 2734 Do-

1914 2728 2384 2789 mine“?Tttttcille
2418 2741 2602 2798 statim
2627 2751 2810 2804 omnia
2834 2752 2966 2822 inec,
3009 2728 3290 2832 q'ttaa'dixi,
3325 2728 3381 2823 et
3407 2770 3494 2828 his

1912 2817 2065 2886 plura
2103 2837 2187 2875 me
2218 2825 2507 2886 instruxit.

1981 2908 2097 2964 Xll.
2133 2912 2230 2970 llis
2274 2921 2474 2977 auditis
2505 2940 2730 2999 magnus
2762 2930 3041 2996 Barnabas
3069 2939 3295 3003 Saulqu
3323 2967 3487 3009 manu

1908 3003 2303 3068 apprehensum
2319 3011 2550 3071 duxitad
2569 3008 2865 3091 apostolos,
2887 3030 3075 3099 eisque
3100 3036 3239 3092 dixit
3266 3059 3278 3093 :
3310 3042 3492 3108 Quare

1905 3100 2175 3157 pastorem
2206 3092 2411 3167 fugitis,
2444 3102 2622 3172 lupum
2654 3092 3061 3176 existimantes?
3091 3125 3269 3191 Quare
3292 3092 3492 3199 gubero

1824 3209 1871 3273 ο
1907 3195 2174 3253 natorem,
2213 3200 2272 3245 ut
2328 3195 2581 3263 piratam,
2616 3205 2994 3273 propulsatis?
3022 3214 3135 3269 Cur
3162 3218 3486 3282 bellatorem

1903 3276 2189 3345 optimum,
2217 3291 2273 3336 ut
2303 3289 2658 3357 proditorem,
2700 3305 3058 3359 exsecramini
3089 3304 3242 3364 ?Cnr
3279 3311 3482 3372 Christi

1903 3363 2168 3435 Sponsam
2198 3373 2577 3447 deducentem,
2612 3395 2670 3440 ut
2700 3388 2923 3446 thalami
2955 3397 3309 3473 direptorem,
3347 3409 3477 3478 reji-

1900 3460 2062 3515 citis?
2134 3465 2473 3536 (Spiritualis
2529 3478 2673 3532 enim
2733 3493 2817 3539 est
2903 3460 3176 3549 thalamus
3232 3460 3473 3559 Ecclesia

1898 3544 2038 3617 Dei.)
2073 3547 2223 3606 Hunc
2267 3571 2365 3623 pro
2420 3572 2655 3627 pastore,
2683 3570 3054 3635 gubernatore
3078 3592 3131 3632 et
3157 3597 3479 3653 propugnar-

1898 3644 2014 3690 tore
2045 3638 2304 3697 Dominus
2345 3647 2447 3701 sibi
2486 3653 2708 3724 delegit.
2761 3656 2915 3717 Tunc
2952 3670 3197 3725 narravit
3220 3673 3300 3726 eis
3333 3672 3488 3728 Pan-.

1893 3725 1999 3792 ius,
2050 3746 2387 3804 qttzecunque
2427 3741 2528 3807 ipsi
2586 3747 2902 3804 acciderant
2958 3755 3011 3808 in
3073 3758 3181 3826 via,
3217 3766 3493 3835 quodqui),

1894 3817 2118 3875 vidisset
2167 3821 2445 3882 Christum
2489 3831 2797 3903 Dominum,
2850 3852 2905 3896 et
2945 3843 3253 3914 loquentem
3282 3868 3491 3911 secum.

1889 3911 2207 3978 audivisset,
2259 3931 2324 3971 ac
2390 3926 2846 3989 quemadmodmu
2906 3934 2957 3988 in
3012 3940 3145 3996 urbe
3211 3941 3481 4004 D.unasco.

1890 3996 2089 4056 Christi
2124 4022 2319 4063 nomen
2370 4011 2543 4067 libera
2578 4022 2823 4073 oratione
2854 4029 3226 4092 praedicasset.
3276 4038 3468 4109 itaque

1887 4104 1992 4144 una
2026 4107 2147 4147 cum
2182 4096 2287 4154 illis
2321 4100 2372 4155 in
2409 4104 2545 4160 urbe
2579 4106 2947 4185 Hierosolyma
2974 4118 3173 4177 Christi
3201 4129 3462 4195 pradica-

1887 4186 2087 4241 tionem
2133 4195 2444 4252 exercebat.
2498 4199 2627 4254 Erat
2655 4216 2837 4260 autem
2888 4208 3095 4269 Jud;eis
3145 4217 3280 4287 ipsis
3309 4223 3469 4281 valde

1882 4280 2141 4340 molestus
2192 4300 2354 4357 atque
2399 4294 2628 4364 invisus,
2658 4305 2801 4369 quod
2852 4308 2943 4375 qui
3000 4312 3111 4366 heri
3144 4325 3197 4369 et
3236 4319 3469 4376 nudius-t

1881 4374 2072 4428 tertius
2115 4376 2297 4434 Jesum
2331 4399 2647 4452 persecutus
2708 4392 2907 4464 fuerat,
2943 4403 3030 4457 ille
3078 4405 3211 4475 ipse,
3251 4423 3477 4478 mutato.

1878 4466 2104 4522 consilio
2182 4479 2308 4529 tunc
2377 4482 2627 4536 eumdem
2677 4486 2825 4541 illum
2876 4490 3062 4548 Jesum
3095 4466 3221 4554 ’Βέὶ
3258 4466 3471 4567 Filium:

2878 4541 3062 4548 ---.....
3126 4541 3221 4554 υ-.
3258 4541 3280 4558 .
3305 4541 3469 4567 mw“,

1801 4541 1848 4598 D
1876 4575 1999 4614 esse
2050 4565 2386 4630 prtedicaret.
2442 4572 2742 4634 Cousdinm
2785 4583 2966 4656 itaque
3015 4590 3252 4650 inierunt
3281 4596 3469 4663 Judaei;

1874 4649 1942 4704 de
1974 4651 2138 4710 l’anlo
2189 4659 2586 4725 interﬁciendo.
2620 4672 2773 4737 Quod
2803 4649 2924 4731 cum
2962 4649 3466 4760 didicissent'apo;

1875 4742 2025 4809 stoli,
2061 4762 2183 4801 cum
2223 4754 2507 4824 miserunt,
2542 4771 2599 4814 ut
2642 4764 2697 4816 in
2740 4781 2840 4821 sua
2892 4772 3066 4838 patria
3096 4774 3468 4851 Evangeliuns,

1868 4834 2195 4899 praedicaret
2211 4879 2225 4895 .

1939 4922 2078 4979 Xlll.
2094 4927 2226 4983 Cum
2249 4946 2376 4989 vero
2400 4936 2590 5006 dehis,
2612 4944 2700 5013 qui
2730 4958 2949 5018 propter
2964 4952 3222 5024 Stephani
3244 4962 3459 5023 caedem.

1868 5023 2035 5083 atque
2083 5023 2367 5088 angustias
2401 5027 2655 5098 dispersi,
2690 5037 3031 5096 Antiochiam
3062 5023 3356 5114 venerant,
3387 5062 3449 5109 et

1864 5101 2069 5161 Christi
2103 5111 2452 5183 Evangelium
2490 5124 2934 5199 praadicaveraut,
2970 5138 3213 5192 auditum
3247 5139 3439 5202 fuisset
3486 5193 3489 5197 .

1862 5196 1931 5251 ab
1983 5197 2049 5253 iis
2092 5202 2184 5270 qui
2236 5218 2390 5260 erant
2438 5208 2846 5288 Hierosolymis,
2930 5229 3157 5295 apostoli
3220 5233 3439 5293 beatum

1863 5288 2187 5360 Barnabam,
2215 5313 2467 5368 uiaguum
2494 5316 2545 5360 et
2579 5323 2851 5375 petentem
2882 5316 3079 5383 virum,
3108 5323 3175 5375 ad
3207 5328 3435 5381 sanctis-

1859 5380 2053 5438 simum
2089 5384 2371 5457 Ecclesia,
2400 5412 2520 5465 quae
2570 5399 2682 5455 illic
2715 5414 2855 5463 erat.
2889 5419 2943 5462 et
2987 5409 3186 5466 Christi
3214 5430 3441 5486 gregem,

1858 5482 2190 5543 pascendum
2245 5486 2508 5544 miserunt
2569 5493 2634 5547 ".
2679 5495 2779 5561 Qui
2824 5514 2944 5553 cum
2995 5501 3121 5556 illuc
3169 5507 3443 5579 venissetL

1855 5569 2024 5624 multo
2066 5571 2376 5641 adiumento
2410 5580 2503 5635 fuit
2548 5584 2858 5643 hominibus
2901 5589 3101 5646 Christi
3151 5595 3307 5651 fidem
3338 5569 3426 5653 se:

1852 5664 2141 5732 quentibus
2179 5690 2190 5723 :
2245 5670 2361 5739 ejus
2400 5675 2542 5727 enim
2574 5676 2756 5732 divina
2815 5684 3200 5748 prmdicatione
3230 5708 3292 5744 ac
3328 5694 3438 5747 dot

2214 5793 2255 5827 "
2291 5791 2500 5868 l‘hilipp
2558 5808 2616 5860 tt,
2654 5798 2704 5850 ϋ.
2786 5799 2979 5863 "ibid.
3008 5803 3142 5877 8,9.
3220 5807 3262 5837 ²¹
3297 5808 3429 5873 Act.
