4036 6226
447 384 595 452 4095

1620 382 1923 443 ALEXAN
1933 381 2072 442 DRI
2103 375 2449 442 MONACHI

3566 379 3713 451 ms

446 500 619 556 ctrina
672 495 877 552 factum
937 503 1040 559 est,
1103 501 1166 548 ut
1227 492 1393 548 multa
1446 493 1626 565 populi
1682 494 1924 550 accessio
1955 493 2022 546 ad
2053 494 2098 552 Α
2125 501 2476 550 contemnere
2511 500 2714 562 posset.
2757 492 3046 550 Derelictis
3096 495 3265 567 igitur
3304 498 3590 566 apostolis,
3621 516 3717 558 ra-

445 586 722 642 Christum
768 583 944 640 ﬂeret.
977 581 1111 640 Cum
1158 596 1285 637 vero
1336 581 1520 639 divino
1571 582 1778 655 Spiritu
1823 585 2025 640 ductus

445 679 744 744 Barnabas,
776 676 844 733 ab
888 676 1024 733 urbe
1055 675 1340 731 Antiochia
1367 690 1616 747 egressus
1649 685 1819 745 esset,
1857 676 2026 733 urbes

447 784 638 824 omnes
667 783 732 824 ac
782 768 1030 839 regiones
1075 767 1407 836 peragravit,
1435 765 1641 823 Christi
1671 765 2025 839 Evangelium

449 862 610 931 longe
662 861 877 930 lateque
951 858 1278 927 diffundens,
1360 875 1539 930 neque
1589 860 1740 930 prius
1791 859 2025 925 destitit,

448 969 611 1024 quam
659 954 727 1006 ad
761 952 949 1008 urbem
1011 951 1238 1007 Romam
1269 951 1512 1007 omnium
1550 952 1842 1007 maximam
1872 966 2031 1007 vene-

452 1048 545 1099 rit.
603 1044 681 1098 Ex
735 1042 1002 1098 universis
1048 1045 1195 1096 enim
1246 1042 1526 1113 discipulis
1574 1041 1779 1098 Christi
1822 1041 2031 1111 primus

452 1132 803 1203 Evangelium
864 1132 915 1187 in
965 1133 1095 1187 urbe
1161 1132 1331 1187 Roma
1388 1132 1715 1202 praedicavit.
1784 1131 2032 1201 Cumque

370 1253 383 1259 -
454 1223 606 1278 multi
687 1225 756 1278 ad
840 1222 1043 1278 Christi
1117 1222 1274 1277 [idem
1332 1225 1632 1286 venissent,
1696 1230 1751 1277 et
1823 1220 2031 1277 Barna-

453 1313 578 1368 batn
629 1314 805 1383 ipsum
853 1326 1063 1369 summe
1095 1315 1444 1379 honorarent,
1479 1312 1716 1366 humana
1744 1312 1913 1382 gloria
1947 1328 2036 1369 re-

450 1405 619 1472 jerta,
682 1406 820 1460 clam
888 1404 1124 1476 fugiens,
1172 1404 1343 1459 Roma
1395 1405 1554 1461 exiit.
1589 1404 1799 1459 Etenim
1841 1405 2035 1460 beatus

456 1502 548 1555 ille
586 1500 672 1553 vir
718 1500 795 1554 ita
849 1513 1039 1553 omnes
1094 1498 1362 1564 homines,
1392 1499 1481 1565 qui
1511 1506 1669 1551 erant
1704 1494 2037 1566 temporibus

458 1595 591 1657 illis,
620 1592 784 1646 animi
816 1591 1181 1646 submissione
1215 1605 1280 1645 ac
1317 1588 1584 1645 modestia
1618 1588 1931 1660 superabat,
1978 1598 2039 1644 ut

461 1686 529 1740 ad
562 1685 721 1753 hujus
756 1686 967 1740 virtutis
996 1685 1205 1740 culmen
1239 1684 1569 1754 perveniret.
1599 1682 1655 1737 ld
1685 1683 1827 1752 quod
1856 1682 2037 1738 decla-

461 1786 548 1830 rat
579 1777 696 1846 ejus
729 1777 982 1831 historia.
1019 1776 1152 1832 Cum
1180 1776 1325 1829 enim
1352 1775 1547 1830 divinae
1580 1773 1801 1830 Littera:
1838 1774 2038 1843 ubique

2129 598 2320 639 versus
2369 593 2452 640 est
2495 584 2927 657 Hierosolymam
2963 588 3031 641 ad
3067 598 3296 644 matrem
3350 603 3528 647 suam.
3566 592 3709 649 Cum

2127 690 2257 731 vero
2282 676 2513 746 apostoli
2532 675 2810 733 Barnabas
2830 688 2884 734 et
2900 675 3103 733 Paulus
3127 695 3263 750 opus
3284 682 3719 752 complevissent

2129 769 2197 823 ad
2228 767 2373 838 quod
2407 768 2560 825 missi
2596 768 2836 835 fuerant,
2858 780 2913 825 et
2942 771 3155 826 inllnita
3191 788 3289 842 pro
3325 774 3532 831 Christi
3585 792 3716 832 cer-

2132 864 2336 916 tamina
2360 862 2777 926 sustinuissent,
2804 872 3074 918 venerunt
3106 865 3477 933 Antiochiam,
3514 870 3655 922 unde
3680 887 3716 923 a

2132 952 2313 1009 divina
2338 954 2513 1025 gratia
2558 955 2708 1009 missi
2736 964 2866 1009 sunt
2897 955 2965 1010 ad
2997 957 3504 1025 gentes".Necesse
3529 972 3719 1015 autem

2134 1042 2235 1099 fuit
2270 1060 2463 1101 rursus
2488 1044 2759 1115 proﬁcisci
2794 1044 3224 1119 Hierosolymam
3252 1051 3317 1104 ad
3343 1050 3559 1105 Petrum
3585 1066 3722 1121 apo-

2135 1136 2330 1191 stolum
2369 1147 2591 1208 propter
2624 1137 2793 1195 falsos
2818 1138 2939 1195 illos
2969 1141 3268 1211 apostolos,
3305 1142 3413 1212 qui
3439 1144 3725 1199 docebant

2136 1227 2448 1298 discipulos,
2499 1237 2557 1285 ut
2592 1245 2651 1285 se
2678 1230 3136 1288 circumciderent
3184 1243 3239 1287 et
3300 1233 3472 1305 legem
3526 1250 3724 1291 serva—

2139 1322 2345 1376 rent".
2367 1320 2507 1377 Cum
2541 1331 2720 1378 autem
2756 1323 2973 1379 Marcus
3001 1324 3125 1379 illos
3162 1326 3231 1380 ab
3252 1326 3512 1382 omnibus
3540 1328 3724 1383 hono-

2139 1420 2286 1465 ratos
2336 1412 2569 1478 videret,
2603 1414 2856 1483 quodque
2885 1425 3009 1483 post
3046 1416 3213 1471 multa
3264 1417 3352 1471 illa
3395 1419 3623 1474 verbera
3663 1431 3727 1475 et

2135 1503 2378 1573 pericula
2414 1506 2750 1562 robustiores
2778 1507 2906 1561 facti
2939 1519 3147 1573 essent,
3181 1518 3238 1564 et
3268 1509 3496 1581 integris
3523 1528 3732 1582 corpo-

2139 1594 2293 1649 ribus
2331 1596 2537 1665 praediti
2566 1616 2578 1652 :
2611 1600 2891 1666 propriam
2938 1598 3369 1655 imbecillitatem
3407 1619 3671 1659 accusans
3706 1644 3727 1671 ,

2140 1686 2313 1742 doluit
2345 1689 2489 1754 quod
2535 1688 2738 1745 factum
2767 1706 2796 1745 a
2828 1707 2888 1745 se
2922 1692 3127 1757 fuerat,
3163 1704 3216 1747 et
3242 1696 3309 1747 ad
3340 1694 3564 1752 Paulum
3595 1699 3727 1765 qui-

2140 1776 2263 1833 dem
2293 1779 2468 1849 ipsum
2490 1781 2709 1835 erubuit
2736 1797 2794 1836 se
2814 1783 3083 1847 conferre,
3109 1783 3415 1839 Barnabam
3441 1803 3568 1841 vero
3588 1789 3729 1845 adiit

461 1871 638 1924 virum
689 1869 835 1923 hunc
861 1884 981 1925 cum
1009 1868 1202 1938 primis
1229 1867 1510 1921 nominent
1539 1881 1603 1919 ac
1643 1866 1891 1930 laudent,
1923 1865 2040 1934 ipse
2070 1845 2116 1902 Β
2147 1869 2455 1939 lacrymans
2489 1887 2504 1924 :
2539 1886 2771 1942 cumque
2820 1876 2885 1928 ad
2929 1874 3048 1943 ejus
3091 1875 3257 1944 pedes
3300 1891 3360 1931 se
3407 1877 3724 1945 abjecisset,

464 1959 668 2027 primas
699 1960 823 2013 aliis
870 1957 1196 2021 concedens,
1233 1958 1501 2011 secundas
1534 1964 1723 2026 partes
1752 1956 2037 2024 amplexus

463 2063 567 2116 est,
596 2050 882 2119 diligenter
910 2048 1150 2103 imitatus
1182 2049 1468 2103 Dominum
1500 2061 1681 2111 suum,
1722 2047 1815 2116 qui
1855 2046 1996 2103 dixit
2025 2065 2038 2102 :

463 2138 661 2197 Discite
690 2159 721 2195 a
749 2159 849 2204 me,
878 2141 1000 2211 quia
1028 2141 1171 2195 mitis
1200 2157 1316 2194 sum
1337 2152 1383 2194 et
1411 2138 1622 2193 humilis
1655 2142 1809 2193 corde
1839 2138 1907 2192 ".

536 2230 676 2288 XIV.
701 2233 896 2288 Postea
923 2232 1201 2287 cumidem
1227 2229 1502 2285 Barnabas
1520 2229 1586 2285 ad
1611 2227 1829 2301 Egypti
1854 2228 2041 2284 urbem

465 2325 849 2381 Alexandriam
889 2325 1145 2389 venisset,
1177 2332 1233 2377 et
1280 2322 1372 2376 Dei
1402 2336 1711 2377 sermonem
1747 2320 1817 2374 ibi
1850 2320 2044 2389 prmdi-

466 2427 664 2484 casset,
694 2416 843 2471 illinc
877 2415 1028 2480 exiit,
1056 2429 1353 2485 peragrans
1385 2413 1642 2484 deinceps
1668 2411 1829 2467 urbes
1854 2425 2044 2467 omnes

467 2513 645 2581 quoad
697 2509 842 2563 venit
888 2507 1338 2577 Hierosolymam.
1367 2503 1522 2560 Unde
1563 2507 1726 2560 etiam
1768 2518 2043 2577 egressus,

467 2618 721 2657 reversus
766 2611 851 2657 est
903 2600 1270 2655 Antiochiam.
1326 2598 1382 2652 In
1438 2613 1543 2668 qua
1589 2614 1712 2653 eum
1747 2596 1841 2652 Dei
1870 2597 2043 2667 gratia

470 2696 767 2751 Ecclesiam
823 2692 1179 2761 copiosiorem
1230 2673 1428 2744 factum
1480 2690 1727 2754 vidisset,
1757 2688 1915 2744 valde
1947 2705 2045 2760 ga-

467 2791 620 2843 visus
647 2798 752 2843 est.
790 2787 922 2841 lnde
952 2794 1133 2839 autem
1190 2784 1498 2847 discedens,
1531 2780 1764 2837 Tarsum
1799 2784 1949 2838 venit
1977 2783 2044 2850 ",

469 2883 699 2938 Paulum
746 2894 997 2950 qurerens
1043 2896 1057 2933 :
1118 2894 1280 2949 quem
1347 2879 1652 2940 inventum,
1701 2876 2044 2932 Antiochiam

471 2968 763 3048 perduxit'
800 2972 873 3029 lbi
925 2987 1045 3028 cum
1081 2982 1252 3025 totum
1288 2985 1491 3025 annum
1542 2970 1963 3039 transegissent,
1992 2978 2048 3023 et

473 3046 705 3124 multum
762 3065 1019 3137 populum
1065 3064 1130 3118 ad
1168 3063 1372 3118 Christi
1428 3063 1774 3132 disciplinam
1808 3072 2049 3119 transtu-

2144 1972 2267 2014 eum
2307 1962 2553 2045 rogabat,
2588 1973 2644 2018 ut
2677 1967 2980 2033 superioris
3003 1960 3171 2026 errati
3212 1974 3424 2027 veniam
3456 1974 3724 2041 impetra—

2144 2061 2250 2119 ret,
2284 2054 2482 2125 eteius
2513 2057 2768 2125 precibus
2797 2058 3004 2120 lirmior
3033 2063 3189 2118 lieret
3215 2064 3269 2119 in
3298 2072 3602 2135 posterum,
3633 2064 3687 2118 l'u
3706 2093 3724 2106 -

2148 2155 2327 2202 turum
2363 2149 2709 2218 promittens,
2752 2160 2809 2204 ut
2839 2153 3019 2207 omnia
3047 2156 3238 2211 mortis
3262 2172 3459 2227 genera
3483 2172 3579 2227 pro
3614 2156 3728 2212 Do-

2147 2240 2279 2295 mini
2321 2240 2491 2295 nostri
2531 2240 2659 2298 Jesu
2699 2242 2904 2299 Christi
2951 2248 3168 2303 nomine
3196 2287 3213 2314 ,
3256 2257 3506 2318 prompto
3539 2249 3729 2306 animo

2144 2330 2421 2387 suﬂerret.
2458 2331 2634 2387 Multis
2658 2335 2743 2388 his
2765 2334 3023 2407 lacryutis
3057 2354 3286 2408 magnus
3322 2340 3411 2393 ille
3435 2342 3727 2395 virtutibus

2146 2434 2369 2479 ornatus
2390 2423 2663 2481 Barnabas
2690 2426 2948 2492 ﬂectitur,
2982 2443 3220 2500 eumque
3269 2432 3559 2495 hortatus,
3591 2442 3650 2485 ut
3696 2447 3745 2486 a.

2148 2516 2293 2570 luctu
2352 2517 2639 2573 desisteret
2671 2509 2686 2574 ἑ
2716 2517 2873 2583 Fiat,
2919 2520 3131 2588 inquit,
3184 2525 3327 2590 quod
3378 2523 3520 2578 Deus
3571 2522 3725 2590 vult,

2153 2608 2312 2663 modo
2339 2615 2393 2661 tu
2424 2619 2648 2678 paratus
2678 2613 2755 2665 sis
2782 2620 3042 2680 prmstare
3080 2616 3223 2683 quod
3260 2617 3599 2685 promiseris.

2221 2698 2359 2762 XVI.
2382 2700 2515 2756 Cutn
2544 2716 2673 2756 vero
2712 2702 2914 2771 scripta
2939 2706 3297 2774 accepissent,
3335 2723 3456 2777 quas
3485 2707 3553 2762 ab
3582 2708 3733 2776 Apo-

2150 2791 2305 2848 stolis
2327 2793 2381 2847 in
2410 2793 2543 2849 urbe
2568 2791 2941 2865 Hierosolyma
2968 2795 3184 2851 decreta
3221 2795 3459 2861 fuerant,
3494 2797 3729 2852 descen-

2152 2886 2348 2941 derunt
2374 2885 2742 2947 Antiochiam.
2775 2897 2831 2941 et
2866 2902 2971 2941 una
2999 2870 3145 2943 'cum
3181 2887 3444 2945 fratribus
3484 2890 3733 2944 exsulta-

2150 2977 2282 3033 bant
2308 2976 2375 3030 “.
2411 2976 2625 3033 Marcus
2656 2987 2837 3035 autem
2888 2980 3035 3048 ipsos
3079 2981 3263 3036 animo
3297 2996 3490 3051 parum
3534 2979 3727 3035 ﬁdenti

2152 3078 2370 3124 secutus
2398 3077 2500 3125 est.
2524 3067 2656 3124 Post
2686 3069 2800 3125 haec
2833 3071 3010 3125 visum
3060 3081 3142 3126 est
3175 3071 3442 3127 Barnabas
3476 3080 3532 3125 et
3563 3069 3733 3125 Paulo

476 3164 689 3223 lissent,
744 3174 977 3226 cumque
1040 3156 1111 3211 ibi
1166 3157 1400 3223 primum
1473 3154 1680 3213 Christi
1751 3155 2121 3245 discipulosc
2163 3175 2453 3232 peragrare
2500 3161 2664 3217 urbes
2720 3176 2934 3229 omnes,
2981 3172 3037 3218 et
3089 3163 3292 3219 fratres
3344 3162 3542 3217 visere.
3575 3159 3737 3216 Tunc

473 3252 821 3311 Christianos
855 3260 1163 3315 vocassent,
1209 3261 1390 3327 atque.
1424 3250 1576 3305 illinc
1607 3250 1945 3320 accepissent
1980 3252 2048 3307 ab

477 3346 741 3406 Ecclesia,
795 3358 915 3413 qua:
970 3340 1293 3409 pauperibus
1340 3340 1753 3406 distribuerent,
1784 3342 2051 3397 ascende-

479 3445 605 3490 tunt
662 3450 847 3489 rursus
908 3432 1337 3501 Hierosolymam
1397 3441 1595 3500 quarto
1643 3430 1857 3485 decimo
1910 3447 2054 3488 anno

479 3537 763 3598 postquam
828 3525 1084 3579 Dominus
1121 3520 1280 3578 Jesus
1311 3538 1527 3577 crucem
1582 3522 1829 3591 pertulit,
1860 3538 2054 3592 quem-

480 3623 767 3677 admodum
818 3619 1011 3674 scribit
1048 3616 1268 3679 Paulus,
1321 3632 1442 3671 cum
1486 3616 1660 3671 dicit:
1716 3615 2055 3682 Quatuorde-

479 3719 577 3771 cim
628 3715 781 3768 annis
829 3724 1007 3781 postea
1063 3711 1480 3780 Hierosolymam
1523 3711 1734 3763 asceudi
1768 3724 1889 3763 cum
1917 3707 2056 3762 Bar-

479 3809 618 3863 naba
645 3809 711 3863 “.
746 3807 883 3861 Cum
919 3819 1047 3859 vero
1087 3804 1448 3857 ministerium
1495 3801 1943 3871 complevissent,
2003 3808 2060 3851 et

479 3903 637 3956 tidem
671 3914 735 3954 ac
769 3898 1049 3953 dexteram
1080 3895 1147 3949 ab
1176 3894 1437 3962 apostolis
1466 3893 1645 3947 datam
1696 3894 2053 3960 accepissent,

480 3988 540 4048 ut
576 3992 674 4061 ipsi
728 3991 815 4045 ad-
850 3998 1038 4060 gentes
1085 3987 1339 4057 profecti,
1364 3987 1400 4039 ii
1436 3999 1584 4050 vero,
1615 3983 1705 4054 qui
1740 3999 1862 4038 cum
1896 3982 2058 4039 Petro

480 4094 661 4149 erant,
692 4080 1035 4139 circumcisis
1085 4079 1464 4150 praedicarent.
1504 4076 1909 4131 descenderunt
1941 4074 2056 4128 An-

483 4178 758 4243 tiochiam,
813 4175 1076 4230 habentes
1125 4170 1364 4225 Marcum
1416 4170 1727 4224 ministrum
1781 4169 1849 4223 ".
1905 4166 2059 4223 Missi

482 4280 659 4327 autem
706 4285 734 4324 a
783 4268 989 4338 Spiritu
1035 4275 1227 4322 sancto
1261 4281 1327 4319 ex
1359 4264 1493 4319 urbe
1540 4262 1857 4326 Antiochia,
1894 4276 2059 4317 vene-

480 4371 609 4419 runt
655 4362 712 4416 in
758 4357 1017 4432 Cyprum,
1075 4366 1131 4412 et
1174 4365 1341 4412 totam
1394 4355 1628 4410 insulam
1673 4362 2057 4425 peragrarunt,

481 4454 758 4510 Salamina
806 4452 1045 4521 Paphum
1079 4463 1249 4519 usque
1281 4447 1635 4519 Evangelium
1668 4447 2050 4516 praedicantes,

2157 3253 2432 3308 Barnabas
2464 3250 2688 3307 Paulum
2734 3255 2980 3325 rogabat,
3014 3267 3073 3310 ut
3115 3255 3357 3311 Marcum
3389 3270 3572 3311 secum
3624 3270 3731 3309 una

2157 3344 2343 3401 venire
2376 3353 2693 3414 pateretur;
2746 3346 2944 3416 quippe
2982 3357 3208 3416 paratus
3255 3354 3401 3402 esset
3444 3361 3616 3414 usque
3666 3348 3734 3401 ad

2158 3445 2384 3491 mortem
2417 3451 2513 3506 pro
2540 3434 2739 3491 Christi
2768 3437 2872 3492 lide
2907 3447 3183 3493 certamen
3215 3437 3506 3494 sustinere.
3531 3436 3734 3493 Paulus

2158 3545 2286 3585 vero
2345 3539 2533 3585 contra
2588 3531 2811 3599 rogabat
2872 3532 3196 3597 Barnabam,
3259 3543 3318 3586 ut
3373 3547 3555 3588 secum
3622 3548 3726 3586 una

2158 3621 2399 3675 Marcum
2436 3635 2542 3675 non
2594 3620 2877 3676 haberent.
2912 3619 3051 3677 Hinc
3079 3625 3300 3678 occasio
3323 3626 3565 3693 quaadam
3596 3635 3721 3677 nata

2159 3722 2263 3778 est,
2292 3724 2349 3766 ut
2379 3712 2607 3780 apostoli
2656 3728 2684 3765 a
2731 3727 2790 3767 se
2818 3714 3061 3769 ViCi33illl
3104 3726 3512 3785 separarentur,
3550 3716 3739 3769 divina-

2159 3801 2509 3857 Provitlentia
2549 3802 2601 3855 id
2633 3802 2837 3858 utiliter
2865 3805 3230 3874 permittente.
3274 3807 3416 3863 Deus
3438 3805 3584 3863 enim
3616 3806 3733 3876 ipse

2158 3892 2395 3948 Marcum
2432 3893 2750 3961 pepulerunt
2781 3905 2833 3948 et
2864 3896 3105 3965 gentium
3136 3896 3423 3951 multarum
3460 3906 3731 3966 pastorem

2161 4000 2225 4040 ac
2265 3984 2577 4055 magistrum
2605 3996 2893 4042 creaturus
2921 3997 3042 4041 erat
3074 3989 3142 4039 ³¹.

2230 4074 2395 4132 XVII.
2432 4076 2537 4132 Sed
2561 4091 2720 4133 nemo
2751 4079 3123 4148 imprudenter
3149 4080 3368 4149 proprio
3397 4077 3591 4135 allecto
3619 4093 3737 4135 me-

2171 4167 2357 4233 tiatur,
2416 4166 2560 4238 quod
2606 4177 2691 4224 est
2743 4169 2795 4223 in
2850 4184 3003 4225 sacra
3052 4170 3119 4225 de
3157 4171 3542 4241 Apostolorum
3595 4169 3733 4224 actis

2162 4261 2413 4324 historia,
2452 4275 2559 4331 quo
2593 4263 2713 4318 loco
2765 4262 2832 4318 de
2878 4263 3043 4318 Paulo
3081 4275 3137 4320 et
3179 4263 3431 4320 Barnaba
3482 4272 3741 4319 narratur

2162 4355 2324 4411 illud:
2357 4353 2521 4408 Facta
2549 4362 2635 4410 est
2665 4355 2933 4411 dissensio
2969 4356 3043 4410 ita
3078 4366 3137 4411 ut
3167 4358 3512 4414 discederent
3541 4358 3611 4411 ab
3649 4357 3737 4411 in-

2161 4448 2356 4501 vicem.
2396 4445 2511 4502 Non
2537 4447 2681 4502 enim
2729 4449 2794 4501 ad
2834 4449 2935 4503 hoc
2962 4448 3256 4505 iracundia:
3288 4459 3382 4504 aut
3410 4447 3610 4503 furoris
3655 4447 3740 4500 af-

480 4555 535 4601 et
566 4543 827 4598 miracula
868 4519 1131 4600 facientes
1161 4554 1175 4592 :
1231 4551 1339 4607 quo
1394 4546 1634 4607 tempore
1667 4535 1915 4608 Elymam
1952 4551 2051 4592 ex-
2086 4519 2130 4577 ι)
2160 4535 2305 4590 fectu
2336 4534 2554 4606 impulsi
2610 4543 2739 4589 sunt
2809 4535 3013 4592 Christi
3049 4538 3280 4606 apostoli
3331 4537 3577 4610 (minime
3633 4536 3739 4592 hoc

482 4644 761 4693 cmcarunt
798 4644 853 4688 et
881 4630 1263 4699 proconsulem
1314 4629 1565 4701 Sergium
1597 4628 1823 4684 Paulum
1854 4628 1962 4687 lide
1990 4631 2057 4685 il-

485 4727 819 4786 iuminarunt
851 4725 919 4779 ".

522 4815 642 4872 XV.
660 4813 854 4871 Postea
873 4827 1003 4868 vero
1015 4828 1177 4883 quam
1191 4811 1390 4868 multos
1406 4813 1472 4865 ad
1485 4811 1689 4868 Christi
1709 4810 2054 4881 disciplinam

482 4915 889 4971 converterunt,
934 4921 966 4962 e
994 4905 1173 4977 Cypro
1195 4904 1559 4969 discedentes,
1585 4913 1855 4959 venerunt
1892 4900 2058 4957 Pam-

483 5000 745 5072 phyliam.
780 4996 914 5054 Cum
954 5013 1084 5053 vero
1122 4994 1340 5052 Marcus
1371 4998 1487 5066 ipse
1524 4996 1805 5067 apostolos
1836 4995 2067 5052 vidisset

486 5109 587 5163 pro
614 5091 889 5162 Evangelii
915 5090 1297 5162 praedicatione
1328 5089 1568 5158 pericula
1611 5088 1935 5153 subeuntes,
1967 5102 2062 5144 ne-

380 5165 385 5171 ’
482 5196 594 5252 que
621 5180 814 5237 honori
845 5180 1147 5245 studentes,
1181 5178 1275 5235 sed
1303 5178 1523 5233 brevem
1545 5188 1601 5234 et
1624 5178 1886 5233 caducam
1921 5178 2063 5233 hanc

484 5272 715 5341 gloriam
765 5272 1223 5341 derelinquentes,
1268 5270 1335 5325 ad
1367 5269 1566 5325 bellum
1592 5276 1782 5324 contra
1813 5268 2062 5324 inﬁdeles

491 5365 745 5420 homines
796 5364 1201 5434 suscipiendum
1228 5376 1545 5432 properare,
1573 5359 1690 5431 ipse
1717 5360 1783 5415 ad
1822 5359 2064 5429 pericula

486 5457 772 5513 subeunda
804 5455 1114 5511 claudicare
1160 5454 1344 5523 coepit,
1379 5452 1579 5521 quippe
1627 5451 1719 5520 qui
1751 5448 2068 5506 adolescens

486 5557 608 5605 erat
644 5546 1044 5613 formidolosus,
1088 5557 1142 5601 et
1196 5545 1489 5603 inlirmior.
1532 5559 1693 5616 quam
1736 5551 1796 5599 ut
1840 5553 2065 5598 mortem

560 5742 607 5774 ⁸⁸
639 5742 825 5797 Matth.
876 5761 949 5809 χι,
995 5744 1085 5799 ‘29.
1163 5746 1207 5776 ’⁵
1262 5746 1379 5797 Act.
1412 5743 1601 5806 “,25.
1679 5742 1926 5799 "Colat.
1961 5758 2019 5800 Il.

560 5827 702 5882 seqq.
778 5815 822 5846 ³ο
855 5817 977 5871 Act.
1010 5831 1094 5878 xv,
1136 5816 1157 5870 ι
1194 5830 1349 5882 seqq.
1427 5815 1467 5845 "
1514 5813 1904 5882 ibid.53.scqq.
1981 5813 2025 5845 "

2194 5741 2240 5771 ”
2276 5741 2397 5795 Act.
2436 5757 2454 5792 ι

2151 5827 2249 5867 tes.
2288 5825 2361 5879 tv,
2392 5810 2454 5866 31

2237 5849 2249 5865 ο
2288 5849 2361 5879 IV,
2393 5849 2482 5866 VI.

493 5814 702 5887 iscqq.
778 5815 822 5846 ³ο
855 5817 977 5871 Act.
1010 5831 1094 5878 xv,
1136 5816 1157 5870 ι
1194 5830 1349 5885 seqq.
1427 5815 1467 5845 "
1514 5813 1904 5883 ibid.53.scqq.

2161 4641 2261 4681 nos
2311 4625 2652 4697 cogitemus);
2691 4640 2814 4679 nam
2869 4627 2963 4696 qui
3013 4643 3234 4683 carnem
3282 4642 3405 4682 cum
3455 4624 3742 4681 affectibus

2160 4726 2215 4773 et
2261 4716 2650 4786 cupiditatibus
2681 4718 3086 4782 crucitixerunt,
3122 4718 3212 4787 qui
3264 4732 3395 4772 vore
3426 4731 3618 4784 magna
3654 4715 3737 4770 sic

2161 4825 2353 4866 omnes
2379 4809 2604 4864 Christo
2629 4811 2915 4865 credentes
2945 4812 3307 4865 admonebant
3333 4824 3348 4863 :
3375 4807 3559 4863 Omnis
3588 4822 3741 4860 ama-

2166 4902 2361 4967 ritudo,
2385 4910 2433 4955 et
2463 4902 2564 4964 ira,
2584 4911 2641 4955 -σι
2672 4900 2990 4969 indignatio,
3020 4911 3068 4954 et
3095 4901 3317 4962 clamor,
3343 4911 3388 4954 et
3418 4899 3751 4969 blasphemia

2166 4994 2387 5050 tollatur
2415 5011 2447 5047 a
2487 4995 2627 5048 vobis
2675 5011 2793 5048 cum
2838 4995 2981 5047 ataui
3016 4993 3224 5046 ηιαιὲεἰα
3252 4995 3297 5027 ³³
3325 5013 3339 5059 ;
3374 4992 3466 5063 qui
3499 4991 3614 5045 ﬁeri
3640 5006 3741 5059 po-

2169 5094 2293 5153 test,
2331 5094 2391 5139 ut
2433 5086 2507 5141 illi
2540 5087 2640 5154 ipsi
2679 5088 2731 5141 in
2766 5085 3071 5152 hujusmodi
3102 5085 3355 5140 alieetum
3398 5086 3688 5139 inciderint
3717 5083 3742 5136 ?

2170 5178 2388 5234 Scimus
2413 5187 2618 5246 autem,
2671 5189 2728 5233 et
2763 5194 2829 5233 es
2861 5178 3058 5234 divinis
3088 5176 3309 5233 Litteris
3341 5178 3751 5231 dissensionum

2174 5272 2544 5328 diversitatem
2593 5274 2965 5346 cognovimus.
3014 5282 3070 5326 et
3103 5287 3290 5326 vocem
3329 5273 3465 5326 hanc
3497 5271 3742 5341 παροξυ-

2177 5360 2312 5431 σμὸς
2348 5360 2400 5414 itt
2431 5361 2629 5417 bonam
2665 5370 2876 5430 partem
2919 5357 3091 5427 accipi
3121 5358 3361 5421 solitam,
3391 5366 3449 5410 ut
3498 5372 3619 5410 cum
3667 5357 3748 5408 ait

2174 5451 2467 5523 Apostolus
2510 5469 2525 5508 :
2563 5449 2961 5507 Cousideremus
3002 5451 3343 5518 nosmetipsos
3392 5450 3444 5503 in
3491 5464 3747 5517 procoru-

2176 5545 2317 5599 tione
2342 5542 2643 5610 charitatis,
2671 5552 2722 5597 es
2748 5545 2998 5597 bonorum
3025 5559 3240 5612 operum
3273 5542 3340 5593 ³³.
3384 5540 3530 5594 Talis
3569 5538 3663 5592 fuit
3691 5551 3747 5593 et

2194 5741 2240 5771 "
2276 5740 2397 5795 Act.
2436 5756 2522 5804 xv,
2552 5739 2646 5795 '59.
2724 5740 2766 5771 '"'
2816 5736 2933 5793 Act.
2968 5742 3136 5805 xttt,7
3174 5755 3327 5809 seqq.
3407 5737 3451 5769 "
3479 5737 3578 5791 Act

2561 5810 2605 5841 ⁸³
2646 5808 2810 5868 Hebr.
2847 5828 2898 5877 λ,
2930 5810 3021 5866 Ἦ.

3634 5750 3746 5801 xlv,
