4036 6226
305 326 456 396 ’1097

304 538 403 591 lus
438 537 583 592 enim
618 547 932 594 accuratam
970 554 1260 597 censuram
1296 545 1633 614 requirebat,
1669 554 1896 617 aposto-

321 630 437 684 licae
468 630 790 699 professioni
821 635 1274 690 convenientem:
1327 635 1606 692 Barnabas
1652 652 1784 693 vero
1828 640 1897 693 ad

322 725 712 779 humanitatem
739 726 1057 793 propensior
1089 736 1206 782 erat
1233 743 1250 794 ;
1285 728 1645 798 quamobrem
1672 740 1731 787 et
1757 731 1899 787 ηπ-

310 830 444 871 ·οιιπη
474 831 656 871 secum
694 817 920 883 habens.
949 820 1002 873 in
1029 819 1266 891 Cyprum
1290 822 1566 892 navigavit
1589 823 1658 881 ³⁸.

392 905 633 964 XXVIII.
664 907 909 979 Cumque
936 926 1054 964 eam
1083 910 1314 966 insulam
1346 921 1514 967 totam
1533 921 1897 984 peragrasset,

314 999 549 1069 populos
572 1000 770 1057 multos
818 1001 886 1056 ad
939 1001 1142 1058 Christi
1185 1003 1342 1058 ﬁdem
1376 1004 1664 1073 convertit,
1696 1015 1753 1059 et
1800 1006 1897 1058 Sa-

326 1091 583 1148 laminam
624 1095 791 1160 venit,
823 1095 912 1151 ubi
959 1095 1233 1166 paulisper
1289 1106 1533 1151 moratus
1577 1107 1682 1163 est,
1731 1100 1901 1153 edens

327 1186 612 1252 miracula,
665 1197 721 1242 et
779 1189 1084 1257 praedicans
1141 1204 1367 1258 regnum
1424 1189 1573 1244 Dei:
1634 1205 1742 1259 quo
1779 1191 1902 1247 loco

328 1279 498 1333 turbae
530 1278 711 1335 multae
747 1280 815 1335 ad
844 1279 1047 1337 Christi
1078 1282 1238 1336 tidem
1282 1292 1653 1338 accesserunt.
1707 1283 1901 1352 Dispu-

328 1371 476 1425 tabat
501 1381 682 1427 autem
706 1387 829 1429 cum
853 1372 1054 1431 Iudaeis
1085 1373 1139 1430 in
1168 1389 1437 1447 synagoga
1472 1376 1723 1430 omnibus
1761 1373 1902 1429 Sab-

327 1460 488 1527 batis,
551 1463 855 1520 divinarum
925 1463 1255 1522 Litterarum
1329 1464 1656 1521 testimoniis
1716 1463 1902 1521 Iesum

329 1552 610 1612 Christum
640 1557 794 1614 illum
827 1572 950 1614 esse
986 1559 1249 1629 probans,
1277 1573 1436 1630 quem
1467 1557 1611 1614 Deus
1639 1560 1906 1631 promise-

329 1658 435 1702 rat.
468 1648 671 1717 Omnes
704 1658 887 1706 autem
921 1650 1228 1707 Barnabam
1261 1651 1654 1707 reverebantur
1683 1662 1907 1723 propter

326 1739 566 1794 divinam
601 1739 909 1815 quamdam
949 1740 1312 1806 honestatem,
1358 1755 1479 1810 quae
1528 1740 1580 1794 in
1617 1740 1762 1795 illius
1814 1756 1903 1795 as-

322 1842 480 1903 pectu
512 1834 748 1905 vigebat.
786 1833 918 1889 Erat
961 1835 1106 1891 enim
1137 1834 1251 1890 oris
1283 1836 1465 1905 specie
1506 1834 1664 1892 valde
1693 1838 1899 1905 gravis,

326 1926 514 1981 habitu
554 1941 620 1983 ac
650 1935 799 1982 veste
837 1927 1126 1982 admodum
1152 1927 1322 1991 tenui,
1354 1928 1655 1995 cujusmodi
1685 1928 1900 1984 illorum

314 2033 430 2091 est,
454 2025 544 2093 qui
571 2022 793 2079 delicias
821 2022 1163 2091 abjicientes,
1184 2024 1236 2078 in
1266 2024 1482 2079 virtutis
1508 2023 1903 2080 exercitatione

316 2124 636 2171 venantur.
696 2114 826 2169 Erat
883 2115 1190 2184 superciliis
1242 2117 1568 2182 contractis,
1620 2127 1676 2172 et
1729 2116 1902 2172 oculis

327 2209 656 2264 hilaritatem
690 2222 800 2277 prae
829 2221 891 2263 se
921 2206 1242 2275 ferentibus,
1286 2225 1392 2264 non
1427 2219 1638 2263 torvum
1673 2209 1898 2278 aliquid,

324 2303 421 2356 sed
445 2313 612 2370 grave
643 2299 900 2370 quiddam
928 2300 982 2355 in
1016 2313 1075 2355 se
1122 2300 1471 2368 habentibus,
1505 2310 1556 2355 et
1590 2309 1905 2355 reverenter

322 2393 617 2448 admodum
669 2392 927 2448 deorsum
977 2393 1371 2461 spectantibus.
1408 2392 1534 2448 Oris
1558 2393 1817 2448 honestas
1850 2402 1904 2448 et

328 2468 478 2541 labra
510 2485 730 2552 decora,
763 2482 939 2539 mellis
965 2485 1294 2539 suavitatem
1341 2483 1683 2551 distillantia,
1718 2484 1771 2538 in
1806 2499 1903 2540 eo~

329 2578 450 2633 dem
494 2576 587 2632 illo
610 2576 845 2631 inerant.
874 2574 990 2630 Non
1044 2575 1189 2631 enim
1244 2574 1447 2645 aliquid
1493 2590 1732 2645 unquam
1775 2591 1900 2646 pro-

329 2670 636 2734 nuntiabat,
664 2667 804 2738 quod
830 2669 970 2723 foret
990 2681 1480 2737 supervacaneum.
1504 2667 1633 2737 Ejus
1659 2668 1906 2724 incessus

326 2760 679 2831 compositus,
712 2766 767 2816 et
795 2758 863 2815 ab
890 2758 1257 2814 ostentatione
1288 2758 1520 2824 alienus,
1552 2767 1699 2814 totus
1730 2759 1900 2814 deni-

327 2869 433 2923 que
469 2854 618 2907 omni
646 2867 711 2908 ex
751 2861 907 2923 parte
947 2851 1221 2919 apostolus
1259 2849 1538 2907 Barnabas
1592 2861 1710 2906 erat
1774 2860 1902 2910 tan-

326 2961 491 3017 quam
526 2955 671 3001 recta
711 2944 956 3015 quaedam
980 2943 1077 2999 Dei
1110 2942 1389 3009 columna,
1429 2942 1671 2997 omnium
1710 2942 1888 2995 virtu-

333 3051 442 3093 tum
468 3037 720 3103 splendor
743 3037 987 3092 illustris.

400 3130 541 3186 XIX.
578 3131 676 3186 Hic
713 3145 837 3186 cum
866 3132 916 3185 in
945 3130 1077 3185 urbe
1112 3128 1389 3185 Salamina
1448 3127 1649 3183 Christi
1701 3125 1904 3197 praedi-
1932 3150 1977 3209 α

328 3227 595 3280 cationem
631 3225 870 3290 doceret,
906 3231 1176 3279 venerunt
1208 3237 1238 3277 e
1269 3220 1424 3293 Syria
1461 3219 1630 3275 Iudaei
1658 3219 1902 3289 quidam,

330 3319 423 3390 qui
449 3317 737 3373 maledicta
770 3319 823 3371 in
857 3332 980 3371 eum
1015 3315 1394 3386 conjicientes,
1426 3329 1655 3384 quaeque
1692 3315 1760 3369 ab
1812 3313 1906 3369 illo

331 3412 656 3469 dicebantur
718 3418 1113 3480 oppugnantes,
1196 3407 1407 3461 turbam
1469 3416 1664 3461 contra
1724 3406 1900 3476 ipsum

331 3496 730 3568 excitaverunt,
765 3502 1120 3557 criminantes
1168 3497 1303 3554 nihil
1358 3499 1471 3554 veri
1521 3501 1588 3554 ab
1644 3514 1709 3554 eo
1759 3498 1905 3553 dici:

335 3600 432 3655 sed
461 3612 622 3667 quem
648 3595 766 3665 ipse
800 3592 984 3649 Iesum
1013 3591 1289 3648 Christum
1335 3592 1508 3647 fuisse
1524 3591 1749 3654 diceret,
1784 3606 1907 3644 eum

331 3692 576 3747 fallacem
620 3688 908 3759 quemdam
944 3687 1243 3750 hominem,
1278 3694 1332 3741 et
1364 3685 1472 3740 Deo
1539 3686 1636 3754 ipsi
1693 3695 1910 3742 contra-

332 3782 473 3837 rium
499 3779 688 3843 fuisse,
726 3777 921 3846 legem,
952 3776 1248 3845 prophetas
1272 3781 1325 3828 et
1357 3773 1578 3827 Sahbati
1610 3775 1909 3851 observan.-

336 3877 474 3931 tiam
509 3872 912 3942 reprohantem.
953 3868 1115 3922 Iidem
1149 3875 1203 3921 et
1237 3866 1506 3922 Barnabte
1541 3867 1907 3933 interﬁciendi

329 3963 794 4036 opportunitatem
840 3959 1217 4014 observabant.
1252 3957 1486 4013 Sanctus
1532 3973 1659 4013 vero
1708 3959 1910 4014 Christi

333 4052 613 4125 apostolus
651 4047 955 4114 Barnabas,
981 4063 1103 4101 cmn
1161 4061 1356 4101 omnes
1420 4048 1620 4103 fratres
1678 4064 1908 4115 congre-

334 4153 514 4217 gasset
542 4162 557 4201 :
584 4141 710 4202 Vos.
744 4140 937 4212 inquit,
972 4141 1125 4195 scitis
1154 4140 1424 4210 quomodo
1481 4157 1583 4193 uita
1627 4142 1908 4197 vobiscum

333 4239 479 4296 omni
505 4230 1016 4307 tempore’versatus
1050 4232 1267 4298 luerim,
1324 4247 1770 4304 unumquemque
1797 4235 1911 4287 ad-

337 4344 562 4385 monens
585 4339 641 4385 et
674 4327 919 4392 hortans,
951 4325 1090 4379 utin
1157 4324 1330 4394 gratia
1360 4332 1416 4379 et
1470 4323 1682 4379 Domini
1738 4325 1909 4380 nostri

335 4423 464 4479 Iesu
498 4421 702 4478 Christi
755 4420 859 4475 lide
905 4426 1225 4473 constanter
1285 4417 1673 4486 permaneatis,
1708 4426 1762 4472 et
1792 4418 1909 4487 ejus

334 4527 600 4592 praecepta
627 4514 955 4579 observetis,
988 4521 1044 4568 et
1075 4512 1142 4567 ab
1168 4511 1315 4580 omni
1355 4526 1523 4581 pravo
1552 4527 1717 4581 opere
1756 4528 1909 4567 meu-

338 4623 442 4669 tem
472 4622 526 4667 et
547 4605 1081 4665 manuscohibeatis.
1135 4602 1381 4673 Namque
1440 4615 1658 4675 oportet
1718 4620 1910 4661 omnes

338 4719 437 4760 nos
464 4703 580 4758 sisti
610 4711 737 4757 ante
772 4699 1006 4755 tribunal
1033 4697 1233 4754 Christi
1262 4698 1330 4764 ⁸⁵,
1388 4706 1445 4751 ιιι
1481 4697 1707 4766 recipiat
1745 4712 1913 4752 unus-

337 4797 570 4866 quisque
632 4792 852 4863 propria
902 4791 1151 4860 corporis
1202 4791 1308 4857 sui,
1358 4804 1477 4860 quae
1536 4789 1745 4855 fecerit,
1800 4790 1915 4844 sive

339 4888 500 4955 bona,
534 4885 649 4941 sive
677 4884 819 4939 mala
853 4903 868 4938 :
902 4883 1145 4953 praeterit
1174 4883 1319 4938 enim
1360 4882 1531 4953 ﬁgura
1564 4883 1748 4937 mundi
1810 4883 1915 4937 hu-

332 4978 447 5048 jus,
474 4987 527 5032 et
559 4975 823 5031 Dominus
860 4980 1122 5029 venturus
1150 4982 1235 5028 est
1274 4973 1341 5028 de
1392 4972 1534 5028 caelo
1559 4973 1807 5041 judicare
1836 4975 1916 5027 vi-

340 5085 437 5125 vos
466 5077 520 5121 et
548 5076 811 5121 mortuos.
841 5064 1019 5119 Nolite
1043 5065 1547 5136 igiturnegligentes
1566 5079 1709 5133 esse,
1739 5067 1919 5120 scien-

343 5174 445 5230 tes,
483 5159 625 5231 quod
658 5173 764 5228 qua
797 5158 930 5213 hora
965 5172 1076 5211 non
1127 5159 1346 5226 putatis,
1417 5157 1681 5212 Dominus
1737 5170 1920 5214 noster

336 5254 522 5311 veniet
551 5251 617 5305 ³⁸.
648 5249 945 5306 Erumnas
990 5256 1047 5304 et
1078 5248 1297 5305 labores
1329 5249 1569 5304 libenter
1602 5250 1918 5319 perferatis,

332 5348 504 5402 corda
536 5354 712 5401 vestra
746 5358 840 5413 spe
864 5341 1280 5408 conﬁrmantes’,
1312 5343 1454 5412 quod
1510 5343 1778 5398 adventus
1810 5342 1915 5399 Do-

346 5440 667 5510 miniprope
692 5437 782 5493 sit.
817 5434 1195 5492 Becerdemini
1223 5450 1344 5505 qute
1370 5435 1523 5490 vobis
1573 5450 1718 5506 smpe
1781 5438 1916 5502 dixi,

338 5533 628 5602 prasentis
671 5531 793 5585 vitae
830 5544 941 5594 res,
997 5528 1113 5584 sive
1168 5542 1464 5599 prosperae,
1518 5531 1632 5583 sive
1682 5512 1957 5587 adversus.

345 5626 478 5692 sint,
506 5627 696 5680 breves
721 5632 777 5678 et
806 5622 1040 5678 caducns
1067 5635 1209 5689 esse,
1267 5623 1559 5692 omniaque
1620 5621 1734 5678 haec
1776 5623 1922 5678 Cele-

380 5784 464 5836 at
486 5794 609 5859 Αει,
644 5817 734 5869 κν,
765 5801 836 5858 39
908 5800 951 5835 ³³
984 5799 1027 5856 ll
1066 5799 1192 5858 Cor.
1222 5814 1271 5868 v,
1310 5800 1397 5857 l0.
1476 5800 1519 5834 ³⁶
1573 5801 1701 5858 Luc.
1732 5818 1830 5866 stt,
1868 5801 1952 5858 l0.

1296 336 1690 403 LAUDATIO
1732 344 1815 403 IN
1853 340 2106 407 APOST.
2151 340 2585 409 BARNABAM.

306 443 573 516 apostolis
599 443 891 503 dissidondi
930 444 1090 513 ratio,
1133 447 1241 506 hoc
1264 461 1377 519 est,
1409 454 1501 509 Dei
1539 455 1712 512 zelus.
1743 458 1885 510 Pau-
1916 463 1961 516 Α
1993 460 2125 513 riter
2186 460 2461 529 praeterire

3440 348 3582 414 4093

2503 480 2517 514 :
2573 459 2739 513 futuri
2783 475 2912 515 vero
2985 460 3131 517 illius
3190 463 3371 519 saeculi
3441 464 3583 521 bona

2001 563 2214 620 Semper
2234 551 2287 606 in
2311 551 2500 606 eodem
2528 560 2670 605 statu
2699 566 3049 620 permanere,
3078 566 3281 611 aeterna
3334 566 3389 610 et
3418 556 3583 611 liuent

2003 641 2208 696 nullum
2242 641 2519 699 habentia.
2572 642 2761 713 Neque
2814 647 2959 699 enim
3026 663 3256 719 regnum
3318 648 3582 703 ctelornm

2002 734 2293 804 aliquando
2316 737 2599 804 pmterire
2639 739 2839 807 poterit
2874 754 3092 808 :neque
3146 739 3410 808 judicium
3450 741 3582 795 illml

2004 827 2162 882 linem
2195 827 2437 893 habebit,
2474 830 2571 884 sed
2623 844 2838 900 semper
2867 832 2992 896 erit,
3026 832 3110 888 his
3148 833 3242 903 qui
3302 836 3580 903 peccando

2002 917 2166 972 vitam
2195 924 2598 988 transegerunt,
2637 920 3001 977 immortalem
3044 936 3260 992 pcenam
3315 922 3573 983 all‘erens.

1998 1018 2057 1063 et
2088 1009 2248 1065 linem
2300 1011 2504 1065 nullum
2543 1012 2875 1068 habituram.
2918 1012 3049 1069 Date
3108 1014 3275 1085 igitur
3333 1029 3579 1086 operam,

2002 1112 2064 1157 ut
2093 1103 2211 1158 sine
2236 1104 2394 1175 culpa
2420 1114 2472 1159 et
2502 1104 2621 1160 labe
2656 1105 2712 1161 in
2759 1105 2846 1161 die
2904 1106 2999 1161 illo
3045 1117 3291 1164 extremo
3339 1108 3584 1163 invenia-

2003 1195 2159 1260 minl,
2192 1208 2261 1249 ne
2292 1196 2345 1249 in
2378 1196 2681 1266 gehennam
2719 1199 3109 1269 sempiternam
3158 1200 3445 1256 decidatis.
3475 1199 3586 1254 Me-

2005 1288 2177 1343 moria
2214 1288 2463 1357 repetite,
2500 1299 2631 1358 quot
2662 1289 2816 1360 signa
2844 1300 2900 1346 et
2931 1291 3174 1362 prodigia
3204 1307 3302 1362 per
3349 1307 3435 1347 me
3466 1307 3584 1347 ser-

2006 1393 2129 1432 vum
2156 1392 2315 1433 suum
2352 1377 2494 1434 Deus
2531 1380 2647 1449 ipse
2681 1382 2825 1452 apud
2853 1394 2952 1436 vos
2972 1380 3237 1449 eﬂ'ecerit,
3286 1394 3341 1438 et
3367 1399 3463 1453 pro
3499 1400 3588 1440 me

2009 1471 2174 1525 Deum
2202 1479 2373 1526 orate.
2426 1469 2539 1541 Ego
2593 1473 2739 1526 enim
2771 1473 2996 1543 jamjam
3038 1473 3405 1530 immolandus
3439 1491 3581 1541 sum,

2006 1570 2061 1616 et
2094 1570 2301 1631 tempus
2333 1562 2462 1617 illud
2490 1578 2656 1634 prope
2681 1573 2789 1631 est,
2821 1580 2930 1633 quo
2962 1566 3028 1621 ab
3064 1564 3167 1621 hoc
3219 1582 3448 1637 corpore
3476 1566 3587 1623 dis-

2007 1653 2293 1708 solvemlus
2322 1668 2461 1718 smn,
2494 1656 2633 1708 sicut
2665 1654 2925 1709 Dominus
2953 1665 3139 1711 noster
3162 1652 3317 1711 Iesus
3333 1657 3587 1714 Christus

2010 1744 2139 1798 mihi
2179 1743 2523 1814 signiﬁcavit.
2554 1745 2760 1799 Bonum
2790 1756 3058 1801 certamen
3117 1751 3338 1818 certavi,
3372 1767 3587 1805 cursum

2008 1838 2389 1901 consummavi,
2411 1838 2565 1906 ﬁdem
2588 1841 2795 1895 servavi
2824 1856 2842 1894 :
2881 1856 3021 1894 nunc
3053 1842 3285 1910 reposita
3337 1843 3464 1897 mihi
3497 1844 3585 1897 ἐει

2005 1946 2196 1985 corona
2221 1930 2469 2001 justitite,
2503 1948 2605 1986 non
2632 1932 2802 1987 solum
2834 1942 3014 1987 autem
3046 1932 3177 1988 mihi
3211 1936 3302 1989 sed
3331 1946 3382 1990 et
3412 1937 3586 1989 omni-

2005 2022 2099 2088 bus
2127 2023 2217 2093 qui
2253 2033 2464 2092 propter
2501 2020 2700 2078 Christi
2732 2023 3110 2094 confessionem
3136 2034 3396 2081 certamen
3424 2029 3588 2082 susti-

2006 2114 2215 2165 nuerint
2245 2111 2312 2166 ³⁷.

2076 2204 2197 2259 XX.
2234 2204 2357 2260 Ilaec
2380 2221 2501 2259 cum
2536 2206 2786 2272 dixisset,
2816 2222 2923 2261 una
2953 2222 3075 2262 cum
3109 2207 3366 2263 omnibus
3418 2209 3586 2263 Deum

2003 2297 2224 2354 oravit:
2255 2296 2567 2365 multusque
2621 2297 2781 2353 lIetus
2831 2299 3112 2353 hominum
3177 2298 3395 2366 l'uit,eo
3443 2302 3587 2371 quod

2006 2389 2292 2459 Apostolus
2326 2390 2413 2444 ille
2445 2381 2663 2445 dixerat
2724 2399 2940 2460 tempus
2992 2407 3159 2462 prope
3217 2407 3361 2459 esse,
3423 2407 3587 2462 quoa

2006 2495 2234 2551 corpore
2263 2480 2642 2537 dissolvendus
2672 2481 2835 2541 foret.
2868 2483 3150 2540 Barnabas
3179 2502 3309 2541 vero
3339 2502 3462 2541 cum
3490 2501 3587 2556 pa—

2006 2588 2129 2628 nem
2163 2583 2217 2628 et
2259 2574 2482 2629 calicem
2547 2576 2892 2647 sumpsisset,
2941 2589 2996 2633 et
3060 2579 3229 2633 divini
3288 2579 3583 2634 ministerii

2005 2665 2252 2722 ordinem
2309 2676 2476 2722 totum
2519 2668 2924 2739 complevisset,
2982 2686 3088 2725 una
3146 2688 3268 2726 cum
3330 2670 3591 2725 fratribus

2008 2759 2276 2827 particeps
2310 2759 2486 2814 factus
2507 2770 2591 2815 est
2646 2760 3000 2817 Eucharistite
3045 2763 3447 2833 mysteriorum.
3473 2761 3591 2828 Quo

2007 2850 2153 2905 facto
2193 2850 2432 2905 Marcum
2461 2868 2645 2909 secum
2683 2854 2889 2908 habens
2928 2856 3176 2917 secessit,
3210 2864 3266 2908 et
3311 2853 3413 2922 ipsi
3443 2869 3594 2907 seor-

2009 2957 2127 2997 sum
2161 2941 2342 2998 dixit:
2385 2942 2552 2996 Ilodie
2601 2943 2903 2998 infidelium
2961 2944 3275 2999 Iudaeorum
3345 2945 3594 2997 manibus

2011 3051 2096 3091 me
2125 3037 2491 3090 consummari
2529 3044 2784 3103 Oportet:
2822 3045 2876 3089 tu
2917 3052 3044 3090 vero
3095 3045 3247 3089 extra
3314 3036 3591 3088 civitatem

2009 3127 2348 3182 occidentem
2386 3142 2573 3182 versus
2615 3127 2892 3193 egredere,
2932 3136 2987 3182 ct
3052 3142 3249 3196 corpus
3292 3141 3473 3179 memu
3506 3125 3593 3179 in-

2014 3219 2198 3273 venies
2236 3237 2248 3273 :
2286 3220 2424 3288 quod
2490 3235 2609 3274 cmn
2667 3218 2977 3287 sepelieris,
3013 3219 3099 3271 eti
3133 3233 3162 3271 e
3190 3218 3392 3288 Cypro.
3423 3225 3478 3271 et
3527 3215 3596 3269 ad

2011 3310 2235 3365 Paulum
2268 3309 2637 3381 proﬁciscere,
2672 3319 2725 3363 et
2764 3321 2883 3364 esto
2919 3324 3041 3364 cum
3090 3310 3199 3373 illo,
3250 3310 3428 3378 quoad
3491 3308 3595 3362 Do-

2014 3406 2191 3459 minus
2224 3418 2313 3458 res
2383 3413 2503 3458 tuas
2550 3403 2887 3473 disposuerit
2944 3419 2957 3455 :
3002 3402 3244 3455 futurum
3285 3403 3426 3456 enim
3488 3408 3592 3461 est,

1964 3541 1967 3544 ι
2012 3508 2071 3552 ut
2107 3513 2298 3552 nomen
2330 3513 2506 3552 mrum
2537 3511 2634 3566 per
2690 3506 2862 3549 totum
2934 3495 3122 3550 orbem
3186 3504 3452 3550 tcrrarmn
3512 3492 3597 3547 di-

2012 3590 2281 3659 Vttlgetur.
3506 3640 3513 3641 ,

2084 3680 2224 3735 XXI.
2259 3682 2387 3736 Post
2423 3682 2537 3735 haec
2585 3681 2865 3750 ingressus
2890 3687 2968 3731 est
3009 3676 3286 3730 Barnabas
3323 3676 3373 3729 in
3435 3690 3595 3746 syna-

2013 3792 2225 3849 gogam,
2252 3787 2306 3830 et
2351 3774 2567 3828 Iudaeos
2613 3775 2757 3842 ipsos
2808 3773 3056 3836 docebat,
3092 3771 3197 3824 illis
3255 3769 3597 3839 persuadere

2013 3870 2235 3925 stmlens
2299 3867 2586 3921 Dominum
2621 3866 2801 3920 Iesum
2858 3879 2981 3919 esse
3036 3863 3311 3917 Christum
3366 3862 3600 3917 viventis

2015 3961 2107 4016 Dei
2139 3959 2353 4015 Filium.
2388 3958 2464 4012 Illi
2510 3974 2635 4011 vero
2660 3955 2853 4021 Iudmi,
2891 3957 2983 4026 qui
3013 3971 3044 4011 e
3068 3955 3225 4026 Syria
3260 3955 3388 4010 illuc
3439 3969 3596 4009 vene-

2016 4063 2159 4123 rant,
2200 4056 2383 4108 furore
2440 4051 2652 4120 perciti,
2707 4067 2736 4105 e
2801 4066 3078 4122 synagoga
3129 4058 3507 4115 surrexerunt,
3545 4057 3600 4103 ct

2014 4150 2266 4204 manibus
2290 4148 2341 4201 itt
2372 4162 2494 4200 eum
2518 4145 2799 4213 conjectis,
2865 4144 2918 4198 in
2977 4144 3266 4199 obscuraut
3306 4142 3598 4213 quamdam

2019 4255 2308 4314 synagoga:
2341 4238 2483 4292 illius
2518 4237 2730 4304 cellam
2759 4252 2930 4305 usque
2968 4238 3033 4290 ad
3098 4235 3320 4289 multam
3385 4243 3599 4288 noctem

2016 4335 2409 4389 custodierunt.
2442 4329 2687 4398 Cumque
2741 4328 2891 4382 illum
2953 4328 3292 4391 eduxissent,
3323 4335 3375 4382 el
3414 4326 3599 4380 multis

2017 4423 2351 4478 cruciatibus
2377 4420 2708 4485 allec-issent,
2760 4432 3035 4490 postremo
3096 4420 3289 4474 nefarii
3353 4418 3602 4473 homines

2013 4517 2264 4569 eumdem
2296 4513 2698 4582 lapidaverunt,
2766 4522 2828 4568 ct
2884 4527 3118 4567 accenso
3172 4526 3303 4580 rogo
3366 4510 3599 4579 quodam

2015 4622 2233 4676 magno,
2271 4605 2485 4660 beatum
2516 4605 2786 4661 Barnabas
2822 4620 3025 4674 corpus
3052 4605 3105 4657 in
3157 4620 3279 4658 eum
3351 4602 3605 4670 conjere-

2015 4709 2165 4762 runt,
2193 4706 2252 4752 ut
2290 4696 2451 4752 nullae
2487 4697 2657 4765 ipsius
2693 4696 2942 4766 reliquias
3013 4704 3386 4764 superessent.
3418 4694 3604 4748 Divina

2016 4805 2147 4846 vero
2166 4788 2516 4845 Providentia
2549 4787 2754 4844 factum
2785 4799 2894 4853 est,
2924 4799 2983 4842 ut
3012 4790 3239 4858 apostoli
3301 4804 3498 4857 corpus
3530 4788 3609 4841 itt-

2022 4895 2229 4954 tegrum
2254 4895 2626 4951 permaneret,
2663 4899 2838 4953 neque
2872 4884 2941 4936 ab
2980 4884 3103 4952 igne
3145 4884 3262 4952 ipso
3299 4882 3605 4936 laederetur.

2024 4975 2237 5031 Marcus
2268 4974 2452 5045 igitur,
2489 4984 2547 5028 ut
2576 4975 2857 5029 Barnabas
2923 4983 3281 5044 pra-ceperat,
3334 4981 3484 5026 extra
3517 4986 3609 5023 nr-
3674 5040 3683 5047 ι

2031 5067 2151 5122 betn
2189 5082 2443 5138 egressus
2495 5067 2839 5123 occidentem
2873 5084 3063 5123 versus
3111 5083 3232 5123 cum
3281 5066 3607 5135 quibusdam

2029 5161 2308 5228 fratribus,
2343 5161 2601 5232 reliquias
2647 5162 2823 5217 sancti
2892 5161 3151 5216 Barnahae
3187 5161 3328 5214 clam
3362 5156 3606 5223 abstulit,

2026 5253 2154 5307 etin
2180 5254 2435 5322 spelunca
2462 5254 2721 5322 quadam,
2742 5253 2934 5307 stazliis
2958 5253 3071 5307 fere
3104 5253 3344 5320 quinque
3376 5251 3442 5304 ah
3474 5251 3557 5303 nrl
3580 5267 3610 5304 e

2027 5344 2284 5410 distante,
2316 5346 2587 5415 sepelivit.
2620 5344 2739 5399 Mox
2790 5344 2841 5396 in
2880 5345 3069 5398 urbem
3129 5341 3355 5407 reversi,
3390 5341 3610 5409 planctu

2030 5447 2082 5489 et
2114 5436 2367 5507 lactymis
2394 5451 2517 5491 cum
2553 5435 2824 5505 prosecuti
2859 5443 3005 5488 sunt.

2106 5527 2266 5582 XXII.
2321 5527 2414 5581 Illo
2449 5538 2630 5581 autem
2669 5537 2910 5596 tempore
2952 5535 3141 5580 contra
3190 5523 3479 5579 Salamiua:
3518 5537 3608 5577 ιιι·-

2032 5621 2113 5674 his
2144 5619 2437 5673 Ecclesium
2479 5617 2787 5686 persecutio
2844 5632 3037 5688 magna
3072 5627 3342 5672 commota
3368 5624 3471 5682 est,
3500 5630 3609 5670 omo

2030 5804 2071 5835 ³⁷
2116 5802 2155 5856 ιι
2185 5802 2326 5857 Tim.
2350 5818 2424 5870 tv,
2467 5802 2523 5871 7,
2554 5799 2608 5859 8.
