4036 6226
520 305 661 370 4099

1680 325 1720 381 Α
1732 323 2127 387 LEXANDRI
2156 327 2505 390 nemnem
3066 326 3107 350 "

2982 260 2987 263 -
3015 264 3067 275 ιη.-

3636 324 3784 390 4100

519 433 725 487 nesquu
747 416 839 473 alii
866 417 973 476 alio
1004 419 1232 489 dispersi
1251 432 1400 477 sunt.
1432 423 1618 495 Itaque
1646 433 1822 485 sancti
1855 433 2087 499 apostoli
2122 439 2165 491 Α
2194 434 2371 490 debat.
2413 435 2599 504 Itaque
2620 432 2819 508 Petrus
2848 432 2937 489 ille
2964 447 3085 489 eum
3115 431 3394 504 religionis
3433 434 3615 503 Specie
3647 452 3787 503 qna-

520 509 781 564 Baruabte
824 511 1128 580 sepulcrum
1162 513 1360 568 deinde
1387 515 1630 588 ignotum
1678 531 1819 576 erat.
1868 521 2101 579 Proinde

529 600 740 657 Marcus
763 619 884 659 cum
922 620 951 658 e
981 603 1160 675 Cypro
1202 610 1528 679 navigasset,
1575 615 1641 666 ad
1676 614 1900 671 Paulum
1932 619 2097 681 venit,

528 694 618 763 qui
648 706 764 749 erat
790 695 1008 764 Ephesi,
1040 712 1275 767 eumque
1304 702 1370 755 de
1408 701 1669 759 Barnaha:
1693 708 1954 779 martyrio
1980 724 2101 764 cer-

526 786 718 840 tiorem
754 787 899 842 fecit.
939 788 991 841 ld
1033 804 1154 843 cum
1195 790 1280 844 illa
1316 794 1631 862 audivisset,
1666 798 2013 868 lacrymavit,
2046 809 2096 854 et

522 872 759 934 hiare-um
816 896 999 935 secum
1056 886 1248 940 tenuit.
1299 884 1492 941 PoSIea
1546 905 1674 944 vero
1732 907 1857 946 cum
1907 892 2100 948 Petrus

520 971 797 1038 apostolus
843 973 1023 1027 divina
1064 976 1396 1031 revelatioue
1446 977 1630 1045 jussus
1670 993 1818 1037 esset
1871 984 2096 1039 Bonnam

521 1060 814 1127 proﬁcisci,
850 1061 1034 1116 secum
1072 1067 1224 1119 duxit
1253 1078 1307 1121 et
1344 1069 1605 1138 Marcum,
1630 1088 1793 1140 quem
1830 1077 2097 1142 quodam-

522 1151 680 1201 modo
717 1152 818 1203 sibi
867 1152 1033 1204 liliqu
1087 1167 1369 1224 genuerat.
1422 1157 1498 1210 Illi
1534 1175 1654 1212 cum
1681 1172 1861 1215 essent
1889 1164 1939 1215 itt
1963 1164 2098 1217 urbe

519 1237 712 1300 Rnnta,
748 1241 1096 1313 Evangelium
1145 1246 1364 1303 Marcus
1417 1253 1740 1320 conscripsit
1770 1271 1784 1307 :
1822 1257 1963 1321 quod
1995 1255 2096 1309 Pe-

521 1338 637 1384 trus
670 1335 946 1399 apostolus
992 1335 1147 1405 legit,
1177 1345 1233 1391 et
1265 1339 1448 1391 divino
1483 1340 1689 1406 Spiritu
1718 1347 1979 1412 scriptum
2006 1362 2097 1401 co-

521 1422 705 1490 gnovit
747 1434 909 1493 atque
944 1427 1283 1495 approbavit.
1319 1428 1506 1499 ltatlue
1533 1432 1971 1503 Marcumipsum
2001 1454 2097 1507 per

520 1529 781 1568 manuum
808 1518 1204 1585 impositionem
1242 1523 1534 1589 ordinavit,
1567 1535 1621 1577 et
1652 1536 1703 1578 ut
1733 1529 2097 1586 maximeidoo

521 1621 680 1658 neum
728 1609 779 1660 in
822 1608 1008 1663 urbem
1059 1610 1276 1681 Egypti
1329 1614 1732 1682 Alexandriam,
1771 1616 1997 1689 Libyam
2041 1634 2096 1678 et

521 1695 857 1764 Pentapolim
896 1702 1060 1755 misit.
1102 1704 1222 1768 Quo
1282 1720 1402 1758 cum
1439 1706 1651 1763 Marcus
1702 1713 1958 1777 venisset,
1993 1716 2097 1770 Do-

2206 528 2331 583 dam
2362 543 2423 583 se
2452 528 2739 592 induisset,
2769 537 2889 582 erat
2919 527 3137 597 quidem
3171 528 3385 581 assidue
3418 542 3539 581 cum
3565 527 3789 584 Zenone

2210 620 2550 685 imperatoris
2582 635 2803 688 genero,
2851 636 2956 674 non
3012 620 3247 673 audebat
3279 629 3460 673 tamen
3497 622 3781 687 propriam

2206 711 2538 778 impietatem
2579 712 2811 781 aperire.
2852 711 3114 765 Etnndem
3155 717 3338 764 autem
3387 710 3660 765 Zenonem
3711 715 3787 765 ad

2205 802 2443 856 Orientis
2477 811 2656 870 partes
2691 803 3123 870 proﬁciscentem
3153 809 3376 855 secutus
3408 810 3491 853 est
3518 800 3652 852 fullo
3687 800 3785 853 ille

2203 909 2374 963 usque
2404 896 2473 949 ad
2499 895 2689 948 urbem
2721 892 3061 947 Antiochiam
3089 893 3357 946 :nbicum
3391 889 3785 960 multosApol-

2206 985 2395 1041 linaris
2442 995 2742 1039 sectatores
2789 986 3108 1047 invenisset,
3148 998 3251 1036 una
3279 999 3403 1037 cum
3443 983 3551 1036 illis
3583 994 3781 1037 contra

2203 1077 2567 1143 patriarcham
2606 1078 2965 1131 temeritatem
3014 1076 3282 1141 esercuit,
3332 1076 3604 1130 adversus
3650 1091 3782 1129 eum

2203 1168 2671 1222 seditiosissimum
2719 1182 2990 1235 quemque
3035 1168 3311 1221 hominem
3364 1168 3643 1219 concitans
3670 1207 3686 1230 ,
3722 1176 3785 1221 et

2200 1261 2697 1317 Chalcedonensetn
2739 1262 3005 1331 synodum
3063 1260 3399 1323 conviviaus,
3437 1274 3500 1315 ac
3542 1262 3781 1328 patriar-

2202 1355 2361 1409 cbam
2390 1354 2565 1419 ipsum
2599 1351 2974 1407 Nestorianum
3011 1353 3310 1418 appellans.

2273 1442 2439 1499 XXV.
2464 1443 2598 1499 Cum
2637 1444 2800 1513 igitur
2829 1445 3164 1497 Antiochena
3194 1444 3386 1495 civitas
3417 1443 3584 1496 multa
3630 1442 3781 1496 sedi-

2204 1538 2348 1592 tione
2367 1546 2423 1591 et
2454 1537 2686 1590 tumultu
2714 1537 3144 1606 perturbaretur,
3176 1535 3366 1588 Petrus
3389 1535 3479 1587 ille
3509 1536 3770 1588 comitem

2201 1632 2472 1686 Zenonem
2513 1630 2634 1685 dolo
2659 1644 2994 1700 aggressus:
3029 1627 3163 1692 Nisi,
3204 1629 3395 1696 inquit,
3432 1627 3591 1693 hujus
3636 1627 3779 1681 civi-

2204 1722 2331 1777 tatis
2358 1722 2643 1790 episcopus
2672 1730 3032 1791 pot-mutetur,
3079 1719 3197 1773 ﬁeri
3223 1734 3329 1771 non
3359 1728 3554 1786 potest,
3581 1729 3639 1769 nt
3678 1733 3779 1787 po-

522 1787 656 1883 mini
686 1788 816 1883 ‘Jesu
849 1789 1048 1845 Christi
1080 1792 1431 1862 Evangelium
1471 1798 1577 1851 illis
1606 1800 1915 1871 regionibus
1956 1820 2093 1873 prte-
2124 1793 2167 1848 Β
2197 1814 2355 1883 pulus
2383 1787 2568 1883 quiete
2614 1787 2782 1868 vivat.
2824 1812 3138 1879 Quinetiam
3177 1811 3399 1866 multam
3428 1811 3545 1863 auri
3575 1815 3683 1864 vim
3721 1810 3780 1865 ei

519 1878 743 1943 dicavit,
785 1882 856 1935 ita
893 1893 949 1936 ut
988 1885 1139 1939 multi
1169 1886 1235 1940 ad
1269 1886 1467 1943 Christi
1499 1889 1656 1944 ﬁdem
1687 1895 1937 1948 conversi
1980 1894 2095 1949 iue-

520 1969 652 2024 rint.
683 1968 816 2025 Cum
850 1987 978 2027 vero
1021 1989 1212 2028 novem
1264 1991 1436 2030 annos
1470 1977 1562 2033 Dei
1596 1977 1753 2034 ﬁdem
1788 1982 2001 2039 Marcus
2040 1986 2091 2039 in

516 2074 582 2112 ea
609 2061 828 2130 regione
877 2064 1172 2132 docuisset,
1209 2069 1474 2139 martyrio
1502 2071 1554 2123 in
1594 2072 1727 2127 urbe
1766 2071 2091 2132 Alexandria

518 2150 740 2207 fuuctus
764 2164 868 2211 est.

588 2243 776 2299 XXIII.
803 2245 969 2303 Multo
1019 2259 1196 2304 autem
1236 2260 1478 2322 tempore
1504 2265 1716 2324 postea,
1770 2273 1891 2314 cum
1930 2259 2091 2316 Chri-

516 2338 691 2419 stiana
727 2338 859 2394 ﬁdes
901 2340 1058 2396 latius
1091 2342 1206 2396 l'usa
1238 2356 1400 2411 esset,
1429 2357 1482 2402 et
1521 2348 1891 2418 imperatores
1924 2351 2087 2409 Chri-

512 2428 677 2483 stiani
722 2428 1088 2485 Ruinanorum
1147 2433 1377 2503 imperio
1428 2437 1776 2505 potirentur,
1831 2441 2093 2497 miracula

513 2521 762 2589 quaedam
812 2538 1009 2592 magna
1055 2523 1198 2578 Deus
1235 2526 1349 2594 ipse
1386 2526 1437 2580 in
1477 2542 1542 2581 eo
1572 2528 1697 2583 loco
1734 2531 1952 2594 edebat,
1999 2532 2092 2588 ubi

515 2613 762 2683 reliquiae
794 2615 964 2668 Sancti
1002 2616 1232 2682 apostoli
1271 2626 1324 2671 et
1358 2619 1605 2689 generosi
1652 2623 1910 2690 martyris
1959 2622 2091 2679 Bar-

519 2706 668 2759 nabte
728 2707 977 2774 repositae
1015 2705 1251 2762 fuerant.
1297 2707 1433 2763 Nam
1474 2725 1596 2765 cum
1649 2713 1799 2767 multi
1847 2716 2094 2772 homines

516 2797 761 2866 impuros
804 2799 1027 2864 spiritus
1063 2799 1327 2854 habentes
1372 2816 1469 2870 per
1515 2800 1690 2856 locum
1733 2803 1881 2857 illum
1916 2814 2093 2859 trans-

519 2888 682 2952 irent,
721 2889 946 2955 spiritus
976 2889 1078 2957 ipsi
1120 2905 1254 2945 vore
1298 2907 1490 2963 magna
1516 2892 1813 2950 clamantes
1850 2896 2094 2967 egredie-

515 2980 733 3034 bantur.
766 2980 913 3033 Multi
944 2982 1109 3034 etiam
1137 2982 1445 3053 paralytici,
1470 2993 1524 3037 et
1555 2984 1757 3048 claudi,
1814 2988 2091 3055 variisque

515 3071 722 3123 morbis
743 3079 797 3124 et
822 3069 1156 3125 cruciatibus
1186 3074 1389 3136 vesati,
1413 3075 1480 3125 ad
1504 3088 1625 3127 eum
1651 3074 1829 3129 locum
1862 3074 2089 3146 profecti

512 3164 902 3228 pernoctabant
945 3181 959 3217 :
998 3165 1091 3233 qui
1135 3178 1326 3218 omnes
1361 3166 1694 3220 curabautur
1744 3185 1758 3221 :
1809 3168 1878 3221 ob
1931 3168 2093 3239 idque

516 3251 791 3305 Salamina
849 3254 1045 3308 civitas
1112 3256 1311 3324 gaudio
1377 3273 1575 3329 magno
1642 3259 2090 3327 perfundebatur.

514 3346 665 3411 Quod
696 3361 826 3401 Vero
869 3346 1049 3400 divina
1089 3351 1336 3418 quanlam
1380 3353 1621 3419 potentia
1649 3351 1703 3405 in
1746 3367 1811 3406 eo
1851 3352 1967 3408 loco
1995 3355 2095 3407 tui-

515 3438 696 3491 racnla
742 3438 999 3502 efﬁceret,
1038 3440 1088 3494 id
1148 3441 1365 3510 quidem
1413 3457 1603 3497 ouines
1645 3447 2090 3513 cognoscebant:

514 3545 760 3595 qutenam
802 3542 978 3585 tamen
1016 3543 1157 3586 esset
1180 3549 1344 3587 causa
1391 3534 1578 3603 gratia:
1607 3536 1747 3590 illius
1783 3548 1889 3589 tam
1909 3530 2099 3607 copio-'

516 3638 612 3685 sae,
658 3626 705 3677 id
733 3641 1077 3695 nequaquam
1123 3626 1423 3695 intelligere
1460 3640 1732 3697 poterant.
1796 3630 2090 3699 Hegionem

514 3728 694 3770 autem
752 3719 896 3772 illam
958 3722 1214 3777 sanitatis
1266 3722 1441 3777 locum
1524 3724 1787 3794 indigena
1858 3726 2095 3796 appella-

517 3810 663 3862 bant.

587 3897 774 3954 XXIV.
814 3900 949 3953 Cum
986 3918 1113 3956 vero
1136 3903 1329 3960 beatus
1354 3903 1651 3961 Martianus
1688 3907 1931 3970 obiisset,
1965 3923 2093 3962 san-

513 3999 612 4042 rt:e
636 3992 909 4045 memoriae
937 3990 1045 4045 Leo
1088 3994 1320 4062 imperio
1351 3999 1639 4052 successit.
1675 3999 1811 4052 Huic
1842 4008 1958 4054 erat
1999 4014 2093 4066 ge-

515 4095 613 4133 ner
647 4080 791 4135 Zeno
817 4083 1032 4138 lsaurus
1073 4101 1295 4150 genere,
1333 4090 1424 4157 qui
1457 4101 1575 4156 post
1617 4088 1854 4144 Leonem
1892 4101 1945 4144 et
1980 4091 2095 4158 ipse

516 4172 812 4240 imperator
876 4175 995 4231 fuit.
1038 4173 1307 4241 Teutpore
1360 4189 1537 4232 autem
1591 4181 1680 4233 illo
1732 4182 1784 4234 in
1846 4182 2095 4253 religioso

512 4256 974 4321 Acmmeteusium
1007 4270 1339 4323 monasterio
1390 4272 1602 4326 exSIitit
1644 4274 1941 4328 monachus
1975 4276 2096 4343 qni-

514 4358 657 4423 tlatn,
704 4360 814 4427 qtti,
850 4372 905 4415 ttt
939 4361 1106 4416 Judas
1145 4364 1287 4415 inter
1320 4365 1617 4431 apostolos,
1674 4366 1871 4419 diaboli
1919 4383 2097 4422 mores

2197 1907 2499 1976 proposuit,
2529 1906 2576 1960 si
2606 1905 2674 1960 ab
2694 1920 2761 1960 eo
2790 1907 3108 1972 impetraret
3141 1904 3286 1973 quod
3312 1905 3528 1972 petebat
3560 1920 3573 1957 :
3612 1913 3772 1972 pate-

2198 1998 2324 2053 fecit
2351 1998 2497 2051 enim
2540 1997 2614 2051 illi
2649 1996 2939 2051 consilium
2969 1994 3149 2055 suum,
3175 1994 3316 2064 quod
3347 2005 3503 2048 antea
3532 1995 3780 2048 occulta-

2194 2098 2367 2144 verat.
2399 2087 2552 2142 Tunc
2607 2086 2838 2143 Infantes
2881 2088 3147 2156 quosdam
3181 2097 3237 2137 et
3282 2085 3563 2154 improbos
3596 2085 3776 2139 homi-

2193 2194 2311 2243 nes,
2344 2182 2437 2248 qui
2464 2179 2675 2245 eadem,
2700 2194 2818 2247 qua:
2854 2179 2990 2246 ipse,
3036 2177 3364 2236 sentiebant.
3402 2177 3778 2244 persuasioni-

2194 2270 2298 2325 bus
2332 2269 2448 2327 suis
2482 2284 2666 2323 secum
2703 2269 2878 2333 duxit,
2933 2278 2987 2322 et
3015 2269 3337 2337 gravissima
3375 2268 3622 2334 quautam
3653 2281 3777 2322 sce-

2194 2361 2306 2417 lera
2336 2370 2528 2415 contra
2564 2360 2933 2428 patriarcham
2968 2358 3108 2413 falso
3146 2358 3403 2419 ccmﬁrta,
3431 2359 3495 2413 ad
3540 2360 3778 2427 impera-

2196 2463 2365 2508 torem
2391 2452 2600 2508 tletulit.
2644 2452 2749 2506 Sed
2792 2453 2912 2518 ejus
2955 2451 3159 2504 malitia
3192 2451 3324 2504 nihil
3370 2450 3623 2518 proiecit,
3651 2467 3773 2504 eum

2194 2546 2488 2615 imperator
2514 2544 2936 2613 apostolicomm
2966 2544 3439 2610 dogmatumesset
3460 2557 3770 2611 propugna-

2195 2648 2298 2692 tor.
2326 2636 2515 2693 Postea
2542 2653 2667 2692 vero
2700 2652 2862 2705 quam
2915 2636 3025 2691 Leo
3053 2637 3168 2702 ipse
3198 2643 3458 2690 terrestre
3487 2636 3774 2703 imperium

2193 2729 2503 2797 dereliquit,
2537 2738 2594 2784 et
2624 2729 2690 2782 ad
2717 2728 3029 2783 immortale
3066 2727 3193 2781 illud
3232 2741 3455 2798 regnum
3478 2728 3777 2779 translatus

2191 2830 2296 2887 est,
2326 2821 2551 2888 imperio
2573 2820 2837 2876 successit
2869 2819 3036 2876 Zeno.
3072 2819 3400 2873 Antioelieni
3459 2833 3514 2867 vv
3529 2833 3611 2878 ro,
3639 2833 3776 2885 quos

2194 2928 2356 2983 supra
2407 2914 2664 2977 diximus,
2706 2913 3021 2982 imperatori
3070 2910 3529 2978 supplicationem
3561 2909 3774 2963 obtule-

2194 3014 2340 3070 runt,
2372 3015 2621 3075 petentes
2659 3004 2915 3059 fullonem
2967 3004 3114 3057 illum
3164 3003 3385 3057 Petram
3422 3000 3523 3053 sibi
3568 2999 3778 3067 episco-

2119 3134 2165 3196 ο
2197 3110 2322 3165 pum
2354 3096 2550 3149 creari.
2587 3094 2645 3148 Id
2674 3096 2814 3163 quod
2851 3092 3053 3147 factum
3079 3103 3185 3153 est,
3218 3104 3353 3144 auro
3384 3091 3498 3155 ipso
3521 3090 3777 3142 munibus

2273 3188 2284 3196 .
2459 3194 2466 3196 _
2505 3186 2517 3196 ι
2662 3185 2674 3196 ι
2830 3186 2840 3196 ο
3154 3184 3166 3196 ι
3245 3192 3256 3196 -
3384 3190 3394 3196 .
3427 3178 3463 3196 n
3501 3187 3512 3196 .
3556 3182 3565 3189 -
3596 3174 3636 3196 Β
3680 3177 3743 3196 ιι-

2195 3188 2286 3258 qui
2319 3194 2475 3241 erant
2505 3186 2559 3240 in
2587 3185 2706 3239 aula
2734 3186 2902 3254 regia,
2934 3184 3315 3253 persuadente,
3344 3190 3397 3231 ut
3427 3178 3567 3232 Petri
3594 3174 3779 3235 Fullo.»

2197 3281 2282 3335 nis
2313 3280 2675 3348 patrocinium
2726 3278 3089 3345 susciperent.
3132 3276 3326 3329 Statim
3363 3274 3524 3342 igitur
3582 3285 3636 3323 ut
3673 3270 3777 3325 Pe-

2199 3380 2314 3426 trus
2343 3371 2431 3425 ille
2454 3371 2738 3423 ordinatus
2762 3378 2847 3423 est
2874 3369 3186 3438 cpiscopus,
3216 3364 3777 3421 sanctamChaIco-do-

2196 3477 2417 3518 nensem
2442 3462 2707 3532 synodum
2741 3463 3087 3514 anathemate
3114 3458 3211 3512 fuit
3243 3460 3561 3509 detestatus.
3599 3455 3769 3507 Cum-

2197 3569 2303 3624 que
2346 3553 2681 3621 Apollinaris
2718 3551 3087 3606 sectatoribus
3134 3550 3347 3620 placere
3381 3547 3645 3611 studeret,
3681 3546 3771 3614 qui

2196 3644 2592 3711 Tlteopassiani
2626 3642 3064 3711 appellabantur,
3097 3655 3161 3693 eo
3192 3640 3334 3708 quod
3396 3638 3560 3691 Deum
3592 3638 3766 3704 ipsum

2194 3751 2413 3806 passum
2444 3734 2610 3787 fuisse
2634 3734 2908 3795 dicebant,
2947 3716 3248 3786 novitatem
3287 3734 3573 3798 quamdam
3609 3729 3775 3798 pessi-

2190 3830 2340 3881 'ntant
2362 3826 2689 3894 excogitavit
2721 3835 2779 3880 ut
2807 3825 3008 3894 hymno
3030 3825 3127 3889 illi,
3154 3826 3244 3894 qui
3275 3823 3559 3891 Trisagiou
3581 3822 3769 3889 appel-

2197 3918 2362 3982 latur,
2394 3921 2494 3973 hoc
2528 3917 2695 3971 etiam
2733 3917 2785 3969 in
2812 3918 2917 3969 line
2943 3917 3204 3970 adderet:
3249 3914 3351 3980 Qui
3379 3914 3667 3980 cruciﬁxus
3700 3921 3777 3964 est

2197 4023 2407 4081 promer
2436 4024 2549 4062 nos.
2586 4006 2709 4060 [hec
2733 4022 2854 4060 cum
2890 4006 3065 4061 Sancti
3109 4004 3349 4074 episcopi
3378 4015 3430 4056 et
3463 4003 3647 4055 l’atres
3676 4015 3777 4055 no-

2198 4100 2296 4155 stri
2330 4099 2685 4160 audivissent,
2723 4096 2788 4148 ad
2820 4111 3042 4165 pravam
3076 4095 3219 4148 illius
3263 4093 3575 4162 opinionem
3611 4091 3781 4145 refre-

2199 4192 2432 4246 nandam
2474 4189 2642 4243 alacri
2671 4196 2726 4241 et
2748 4197 2999 4255 prompto
3035 4187 3218 4240 animo
3246 4185 3488 4255 aggressi
3518 4194 3646 4236 sunt
3678 4203 3691 4238 :
3724 4194 3781 4237 et

2197 4282 2433 4351 primum
2464 4281 2679 4350 quidem
2716 4281 2912 4335 litteris
2939 4295 3061 4334 eum
3091 4281 3156 4332 ab
3190 4277 3486 4343 impietatis
3518 4279 3778 4342 voragine

2200 4390 2459 4429 revocare
2492 4375 2672 4429 conati
2719 4383 2865 4428 suut.
2898 4374 3003 4426 Sed
3032 4388 3153 4425 cmn
3178 4373 3430 4424 eumdem
3471 4384 3781 4438 repugnan-

513 4453 848 4507 imitabatur.
892 4455 970 4507 Illi
1020 4471 1212 4509 nomen
1247 4467 1364 4509 erat
1395 4457 1610 4520 Petrus,
1640 4460 1729 4526 qui
1758 4460 1975 4516 fullonis
2000 4478 2090 4515 ar-

2202 4477 2304 4522 tem
2339 4466 2543 4534 majore
2566 4467 2789 4520 audacia
2831 4476 2885 4520 et
2919 4466 3229 4519 temeritate
3260 4473 3449 4515 contra
3487 4463 3644 4516 ﬁdem
3681 4477 3778 4511 or-

514 4555 619 4597 tem
668 4548 995 4606 exercebat,
1059 4559 1305 4601 sanctam
1360 4565 1486 4603 vero
1531 4550 1797 4619 synodum
1851 4554 1903 4607 iu
1961 4556 2094 4611 urbe

507 4635 853 4690 Chalcedone
901 4639 1229 4691 celebratam
1287 4642 1665 4710 aversabatur,
1717 4654 1771 4699 et
1822 4647 2094 4716 dogmatis

514 4728 833 4801 Eutyrltiani
870 4742 985 4785 erat
1030 4746 1419 4801 propugnator.
1477 4736 1753 4801 Ejusmodi
1797 4740 2091 4804 hominem,

508 4836 563 4876 ιιι
598 4836 969 4890 corruptorem
1012 4834 1061 4877 et
1090 4828 1452 4893 pestilentem,
1480 4839 1643 4897 atque
1669 4831 2091 4899 apostolirorttm

508 4917 821 4983 tltlgtllztitllll
871 4920 1079 4969 hostem
1110 4921 1463 4982 acerrimum,
1501 4920 1615 4988 ejus
1642 4921 1746 4975 luci
1792 4924 2035 4978 homines
2065 4939 2095 4977 c

509 5011 841 5064 monasterio
893 5012 1240 5079 ettpulerunt.
1302 5011 1401 5079 Qui
1461 5030 1582 5067 cum
1634 5015 1780 5069 illinc
1835 5017 2095 5084 expulsus

509 5101 721 5163 fuisset,
760 5100 1291 5171 Consmntinopolim
1328 5104 1609 5171 profectus
1635 5114 1738 5169 est,
1769 5112 1823 5157 ct
1852 5114 2096 5159 assenta-

512 5204 690 5246 torum
734 5196 899 5247 vitam
935 5196 1201 5259 imitatus,
1236 5197 1393 5248 modo
1425 5198 1586 5261 hanc,
1628 5201 1788 5250 modo
1821 5198 1968 5250 illam
2001 5199 2092 5251 do-

511 5301 660 5339 tuum
715 5289 935 5353 obibat,
979 5291 1151 5342 ventri
1197 5298 1253 5343 et
1310 5290 1448 5358 gula“:
1505 5292 1749 5346 serviens
1793 5311 1807 5345 :
1862 5306 2098 5360 ettutque

510 5381 870 5434 exsecrabilis
902 5396 1014 5435 sua:
1050 5381 1274 5434 han-esis
1317 5380 1612 5449 participes
1651 5380 1900 5434 homines
1926 5395 2095 5447 quos-

513 5472 635 5523 dam
696 5472 899 5526 honore
966 5473 1222 5540 prteditos
1271 5474 1611 5538 invenisset,
1663 5471 1772 5526 illis
1819 5474 2097 5527 adhaerere

516 5567 701 5632 «ιωρξι,
738 5581 834 5635 per
878 5582 1014 5635 quos
1060 5566 1222 5620 etiam
1263 5567 1314 5618 in
1353 5567 1472 5636 ejus
1519 5553 1767 5619 notitiam
1798 5564 1966 5628 venit,
2002 5564 2096 5634 qui

514 5675 636 5719 erat
685 5680 851 5734 gener
904 5665 1269 5732 imperatoris.
1324 5664 1586 5733 patricius
1621 5671 1674 5717 et
1722 5660 2096 5717 excubitorum

516 5770 703 5810 comes
737 5774 749 5809 :
788 5756 867 5813 sic
905 5758 1047 5812 cnim
1088 5757 1482 5827 appellabatur,
1515 5755 1605 5826 qui
1636 5754 1879 5809 excubiis
1911 5755 2098 5825 praesi-

2200 4561 2490 4614 thodoxam
2524 4559 2704 4615 efferri
2735 4560 3022 4621 vidissent,
3057 4572 3269 4616 omnes,
3304 4557 3392 4622 qui
3430 4556 3624 4606 stintin
3644 4553 3780 4607 orbe

2200 4663 2491 4718 terrarum,
2524 4651 2787 4721 episcopi,
2814 4650 3083 4703 sententia
3111 4649 3484 4716 pronuntiata,
3518 4649 3619 4701 sub
3645 4662 3780 4699 aua-

2196 4746 2439 4799 themate
2473 4745 2619 4796 illutn
2658 4743 3004 4813 ettpulerunt.

2265 4830 2455 4886 XXVI.
2489 4832 2540 4885 In
2573 4833 2674 4887 hac
2705 4834 2970 4885 orationis
2995 4841 3148 4896 parte
3183 4829 3416 4882 libenter
3443 4842 3558 4889 eos,
3593 4827 3684 4896 qui
3713 4842 3782 4881 ex

2196 4925 2401 4979 nosuis
2432 4925 2743 4977 hominibus
2774 4940 2876 4976 non
2907 4924 3053 4983 vitto,
3093 4923 3185 4975 st-tl
3223 4921 3453 4988 quadam
3488 4926 3683 4973 mentis
3708 4919 3786 4971 le-

2197 5017 2393 5080 vitate,
2423 5017 2715 5070 novitatem
2750 5016 2890 5067 hauc
2922 5024 3126 5067 temere
3162 5012 3455 5077 atnplevati
3506 5023 3653 5075 sunt,
3698 5011 3785 5064 his

2199 5110 2381 5172 vultis
2423 5108 2804 5177 compellarem
2841 5123 2855 5159 :
2894 5105 3152 5172 Qua-nam
3204 5119 3369 5156 causa
3411 5118 3528 5162 vos,
3562 5099 3782 5160 fratres.

2199 5202 2465 5264 a‘dduxit,
2528 5210 2585 5252 ut
2640 5210 2786 5252 recte
2825 5201 3149 5251 sentientem
3194 5193 3415 5248 Patrum
3460 5204 3776 5246 nostrorum

2200 5296 2507 5349 doctrinam
2544 5290 2946 5359 relinqueretis,
2990 5300 3043 5342 et
3070 5290 3363 5342 novitatem
3407 5287 3473 5339 ab
3511 5284 3785 5339 haereticis

2201 5401 2373 5454 nuper
2397 5385 2763 5448 excogitatam
2793 5379 3198 5451 sequeremiui?
3222 5378 3784 5434 Auimmlvertetnlum

2206 5479 2359 5533 vobis
2388 5489 2529 5540 erat,
2555 5474 3012 5546 quemadmodum
3040 5472 3215 5527 sancti
3245 5470 3437 5524 Patres
3472 5470 3641 5533 nostri
3673 5484 3785 5522 non

2204 5571 2355 5625 ﬁctas
2382 5569 2593 5623 fabulas
2621 5567 2815 5633 secuti,
2841 5567 2999 5621 nobis
3019 5566 3160 5618 hunc
3186 5564 3444 5634 hymnum
3475 5559 3783 5615 canemlum

2204 5662 2565 5728 tradiderunt,
2601 5661 2695 5715 sed
2727 5660 2910 5713 divina
2952 5660 3195 5728 quadam
3230 5654 3563 5711 revelatione
3611 5650 3783 5711 docti,

2206 5770 2327 5827 qua:
2362 5769 2468 5812 non
2508 5754 2601 5809 uni
2646 5762 2738 5808 aut
2768 5752 2961 5819 alteri,
2999 5763 3174 5820 neque
3205 5748 3257 5804 in
3288 5747 3469 5818 aliquo
3494 5755 3651 5802 terra
3680 5758 3800 5822 ειη-ε
