4036 6226
386 355 518 422 41οι

1379 351 1762 416 LAUDATIO
1791 352 1875 414 IN
1916 348 2177 414 APOST.
2220 351 2656 413 BARNABAM.

2091 180 2123 213 1

3520 352 3657 420 41ῧᾶ

386 474 531 536 gulf),
578 466 673 521 sed
706 461 937 520 meridie
981 460 1098 532 ipso
1130 460 1184 515 in
1224 457 1347 513 luce
1380 459 1685 514 clarissima
1710 457 1966 513 universo
1994 463 2040 519 Α
2070 456 2305 512 insulam
2339 457 2605 518 manavit,
2645 457 2714 513 ob
2758 457 2808 511 id
2847 458 3006 531 Cypri
3042 461 3340 519 Ecclesiam
3393 466 3494 519 sub
3545 468 3653 522 Ατιο

378 555 999 627 (Σθιιειειηιίιιοροιίιθιιαες
1027 552 1181 608 urbis
1206 551 1402 622 populo
1421 550 1625 605 Christi
1655 550 1967 604 amantissi-

387 662 474 704 mo
504 647 646 703 facta
676 656 783 712 est,
823 660 932 716 quo
963 652 1210 712 tempore
1259 640 1612 696 beatissimus
1652 638 1813 693 Pater
1856 637 1969 706 epi-

385 754 579 807 sconus
631 749 686 793 et
740 737 1001 809 magister
1043 751 1165 791 cum
1213 735 1403 805 primis
1449 733 1707 803 probatus
1744 730 1971 786 Proetus

382 832 1004 901 (Ionstanttnopolitana:
1030 829 1143 883 sedi
1176 828 1523 895 praesidebat.
1550 825 1824 895 Quidquid
1867 840 1967 879 au-

385 934 490 978 tem
522 924 715 979 divina
746 925 922 993 gratia
956 929 1277 991 suggerente
1306 920 1571 973 divinitus
1620 918 1778 972 nobis
1815 933 1970 972 reve-

380 1014 548 1069 latum
570 1024 673 1079 est,
713 1016 841 1069 illttd
870 1014 1013 1067 nulla
1046 1028 1107 1067 ex
1134 1022 1285 1081 parte
1325 1027 1602 1075 mancum,
1633 1013 1725 1065 sed
1749 1011 1970 1066 omnino

382 1106 678 1175 perfectura
713 1118 817 1170 est,
865 1116 921 1163 et
973 1106 1038 1159 ad
1081 1108 1312 1161 salutem
1345 1104 1621 1165 idoneum.
1672 1121 1777 1157 nun
1832 1104 1969 1156 indi-

379 1219 512 1274 gens
540 1202 898 1256 humanarum
937 1200 1469 1271 argumentationum
1499 1198 1755 1264 inventis,
1792 1213 1969 1265 neque

379 1299 789 1359 additamenta,
831 1296 918 1351 vel
957 1296 1337 1350 subtractione
1381 1294 1583 1361 aliqua,
1655 1302 1713 1347 ut
1773 1294 1969 1347 divinae

380 1386 602 1442 Litterae
634 1390 865 1453 docent,
917 1402 1042 1442 cum
1084 1385 1317 1439 dicunt:
1358 1382 1631 1449 Verbum,
1674 1385 1816 1452 quod
1870 1398 1967 1453 ego

380 1480 637 1549 pracipio
676 1479 772 1534 tibi
816 1479 1001 1545 hodie,
1039 1479 1163 1534 vide
1215 1487 1272 1532 ut
1322 1477 1451 1532 illud
1495 1476 1650 1529 valde
1682 1477 1965 1538 observes,

379 1587 556 1642 neque
583 1571 883 1641 quidquam
923 1570 1114 1635 addas,
1155 1583 1331 1636 neque
1357 1569 1425 1622 ab
1459 1581 1523 1622 eo
1544 1568 1748 1637 aliquid
1778 1566 1963 1621 immi-

378 1676 534 1728 uuas,
573 1677 697 1717 cum
742 1678 933 1717 revera
989 1662 1195 1718 divinis
1219 1661 1457 1729 eloquiis
1486 1659 1695 1729 aliquid
1729 1659 1954 1724 addere,

378 1755 459 1809 vel
507 1757 814 1819 detrahere,
850 1754 1246 1824 periculosum,
1304 1753 1405 1817 ait,
1430 1762 1484 1806 et
1522 1752 1822 1821 perniciem
1874 1752 1961 1818 iis,

2076 549 2341 604 tiocheutc
2367 551 2511 605 sedis
2548 552 2862 619 patriarcha
2894 569 3016 609 esse
3045 567 3281 624 oportet,
3309 560 3654 631 quandoqui-

2073 643 2193 696 dem
2223 643 2520 709 aposmlica
2557 653 2607 696 et
2637 644 3001 710 patriarchiea
3037 649 3192 703 sedes
3229 659 3334 704 eat.

2145 732 2337 788 XXIX.
2380 735 2509 791 Haec
2539 734 2629 790 ille
2656 745 2818 792 rectae
2853 736 2977 792 fidei
3005 746 3061 793 et
3089 742 3383 811 sentcntiie
3408 743 3656 799 desertor

2072 826 2457 892 contendebat,
2503 843 2627 881 cum
2658 837 2836 883 tamen
2884 844 2989 883 non
3033 830 3308 901 ignoraret
3344 850 3405 889 ea
3437 851 3555 905 qua:
3602 841 3655 891 in

2069 919 2208 972 urbe
2238 918 2450 988 Epheso
2472 926 2658 973 sancta
2692 916 2780 971 illa
2806 921 3064 989 synodus,
3088 921 3291 993 Cyrillo
3315 924 3653 993 pra'sidentc,

2071 1009 2374 1074 delinirrat,
2406 1026 2435 1064 a
2466 1025 2525 1065 se
2561 1012 2748 1065 violari
2780 1021 2942 1081 atque
2964 1012 3264 1082 corrumpi.
3301 1016 3405 1068 Sed
3431 1015 3655 1083 pietatis

2068 1116 2270 1170 priet-0,
2302 1111 2360 1155 et
2403 1103 2785 1159 sant-tissimus
2838 1104 3116 1174 apostolus
3150 1104 3427 1160 Barnabas
3469 1111 3657 1177 patria:

2070 1206 2179 1246 sum
2226 1206 2534 1260 opportuno
2595 1203 2838 1262 tempore
2893 1195 3254 1259 subvenit-ns,
3317 1196 3463 1252 illius
3511 1198 3655 1254 Petri

2069 1282 2358 1337 stultitiam
2388 1282 2470 1337 vel
2502 1284 2761 1336 malitiam
2796 1286 2976 1352 potius
3014 1288 3310 1355 redarguit.
3337 1287 3469 1341 Cum
3508 1292 3656 1345 enim

2068 1378 2354 1444 episcopus
2389 1376 2678 1429 Salamina:
2706 1376 2888 1440 jussus
2922 1375 3113 1431 fuisset
3137 1379 3203 1433 ad
3238 1382 3438 1448 regiam
3467 1384 3652 1437 urbem

2069 1480 2127 1520 se
2156 1463 2427 1529 conferre,
2461 1476 2518 1521 et
2577 1466 2836 1518 adversus
2895 1466 3264 1522 Antiochenos
3321 1484 3507 1523 coram
3558 1486 3656 1539 pa-

2070 1556 2305 1608 triarcha
2344 1570 2566 1609 causam
2620 1556 2824 1620 dicere,
2873 1570 2983 1622 prae
3037 1557 3232 1610 timore
3287 1562 3654 1627 torpescebat.

2068 1644 2314 1701 Fullonis
2352 1646 2496 1699 illius
2529 1647 2755 1701 insidias
2787 1658 3067 1717 suspectas
3100 1649 3325 1705 habens.
3354 1649 3498 1721 ⁸Επειι
3531 1664 3659 1709 tunc

2072 1732 2361 1789 Salamina:
2401 1735 2550 1788 urbis
2575 1737 2863 1804 epist-opus
2893 1737 3239 1799 Anthemius,
3273 1736 3359 1789 vir
3392 1753 3515 1792 cnm
3546 1743 3655 1808 pri-

374 1846 468 1913 qui
507 1846 621 1899 haec
654 1801 883 1909 lacinia:
911 1860 1160 1914 magnam
1193 1801 1434 1898 aiierab:
1475 1801 1580 1896 utin
1614 1842 1758 1896 enim
1796 1839 1833 1894 ii
1868 1857 1963 1896 su-
1996 1801 2043 1861 Β
2070 1829 2175 1882 mis
2215 1827 2576 1892 admirabilis,
2607 1830 2751 1897 quod
2786 1828 2854 1882 ad
2879 1839 3084 1882 rectam
3118 1827 3275 1882 Iidem
3311 1839 3366 1882 et
3408 1831 3532 1885 vitae
3572 1831 3658 1885 in-

375 1950 528 1999 mus,
568 1937 659 2004 qui
698 1936 978 1991 (‘hristum
1028 1934 1312 2006 corrigere
1363 1933 1677 2003 possimus,
1729 1933 1823 1988 sed
1871 1930 1963 2002 qui

372 2029 594 2083 Christo
623 2026 819 2096 subjici
842 2035 898 2081 et
929 2027 1155 2083 obedire
1194 2026 1518 2082 debeamus.
1548 2023 1696 2091 Huic,
1724 2034 1779 2079 et
1797 2025 1964 2080 multa

374 2118 480 2173 alia
527 2120 651 2177 licet
687 2119 755 2173 de
800 2118 904 2176 hac
942 2133 1001 2175 re
1050 2119 1236 2175 dicere
1287 2116 1489 2173 nostris
1534 2117 1851 2172 hominibus
1884 2117 1960 2172 ita

372 2211 758 2276 sentientibus,
810 2225 949 2281 quos
987 2211 1172 2266 doceri
1203 2210 1475 2281 cupimus,
1506 2219 1763 2264 extremae
1793 2208 1961 2266 insci-

376 2300 464 2356 tia:
489 2316 637 2365 esse,
657 2301 899 2355 haeretici
935 2300 1176 2357 hominis
1202 2299 1498 2357 novitatem
1523 2298 1838 2353 admittere.
1860 2299 1963 2354 De-

374 2393 559 2450 sinant
590 2395 757 2466 igitur
797 2410 920 2451 cum
970 2397 1233 2451 haeretica
1279 2393 1501 2459 homine
1532 2394 1790 2463 deinceps
1837 2409 1962 2450 sen-

374 2485 500 2540 tire.

448 2574 659 2632 XXVII.
694 2577 883 2646 Itaque
925 2590 1048 2631 cum
1080 2575 1271 2631 Petrus
1314 2575 1409 2630 ille
1458 2577 1527 2633 ab
1555 2576 1810 2634 omnibus
1839 2579 1961 2647 cpi-

372 2668 555 2736 SCOPlS
583 2669 683 2723 sub
704 2668 1050 2723 anathemate
1080 2667 1161 2739 (ut
1185 2666 1442 2738 diximus)
1471 2668 1761 2724 damnatus
1785 2680 1951 2735 esset,

371 2766 427 2811 et
474 2755 632 2813 Zeno
672 2768 891 2828 propter
935 2758 1270 2813 invasiunem
1309 2758 1554 2815 Basilisci
1611 2760 1682 2815 ab
1731 2759 1959 2830 imperia

373 2847 698 2917 aufugisset,
726 2848 841 2917 ipse
874 2850 1342 2919 quoque'l'ugiens
1397 2850 1464 2904 ad
1496 2850 1685 2919 ignota
1712 2851 1957 2915 quaedam

373 2941 487 2996 loca
529 2954 589 2996 se
617 2941 867 2996 contulit.
901 2939 1099 2995 Postea
1126 2955 1259 2995 vero
1286 2955 1449 3007 quam
1490 2939 1638 2996 Zeno
1667 2941 1735 2995 ad
1781 2941 1958 3009 impe-

372 3030 511 3083 rium
555 3045 807 3086 reversus
838 3039 943 3096 est,
990 3030 1211 3086 Petrum
1246 3030 1526 3086 Fullonem
1565 3031 1868 3099 requisivit,
1903 3040 1959 3087 et

2070 1924 2376 1978 nocentium
2423 1920 2742 1993 pertineret,
2796 1922 2890 1975 sed
2940 1920 3005 1974 ad
3057 1919 3477 1990 diSputatiOnem
3529 1938 3652 1979 cum

2068 2016 2410 2071 adversariis
2434 2013 2830 2079 sustinendam,
2865 2028 3057 2083 parum
3101 2014 3335 2069 valebat.
3363 2013 3499 2069 Cum
3547 2018 3651 2086 igi-

2068 2117 2157 2163 tur
2206 2107 2430 2180 ancipiti
2476 2108 2807 2175 cogitatione
2872 2107 3178 2174 ﬂuctuaret,
3210 2124 3387 2178 neque
3436 2122 3651 2165 certum

2068 2197 2316 2264 haberet,
2353 2199 2482 2267 quid
2516 2209 2723 2268 ageret,
2756 2213 2883 2251 num
2918 2199 3172 2254 videlicet
3199 2199 3657 2273 Constantinopo-

2065 2288 2157 2341 lim
2210 2289 2483 2357 proﬁcisci
2551 2290 2796 2354 deberet,
2850 2305 3024 2345 necne
3075 2308 3090 2344 :
3134 2302 3291 2347 nocte
3344 2293 3395 2348 in
3443 2296 3652 2349 somnis

2063 2382 2236 2436 astitit
2262 2381 2337 2435 illi
2368 2381 2610 2452 quidam,
2648 2383 2887 2436 divinam
2919 2383 3210 2454 quamdam
3252 2386 3486 2454 speciem
3538 2404 3651 2458 prae

2062 2488 2121 2528 se
2145 2474 2346 2540 ferens,
2372 2484 2427 2528 et
2455 2474 2675 2529 luminis
2705 2475 2999 2544 splendore
3047 2480 3217 2530 multo
3245 2476 3525 2549 ellnlgcns,
3562 2481 3648 2533 lu-

2061 2563 2290 2633 cidaque
2339 2573 2488 2619 veste
2536 2563 2777 2629 indutus,
2825 2580 2888 2620 ac
2971 2581 3127 2620 sacro
3167 2567 3351 2620 habitu
3390 2571 3645 2630 decorus,

2061 2654 2153 2723 qui
2180 2664 2238 2709 et
2269 2654 2382 2708 haec
2414 2653 2591 2709 dixit:
2624 2654 2736 2708 Cur
2761 2655 2836 2710 ita
2871 2655 3044 2712 tristis
3076 2672 3133 2712 es
3166 2674 3332 2723 nunc,
3355 2660 3647 2731 episcopo?

2061 2743 2342 2810 Quomodo
2361 2752 2545 2799 tantus
2579 2746 2681 2800 iste
2709 2755 2893 2815 torpor
2922 2757 2972 2801 te
2998 2750 3302 2819 corripuit?
3323 2749 3437 2806 Cur
3463 2752 3640 2809 Vultus

2063 2842 2188 2889 tuus
2246 2836 2319 2889 ita
2379 2836 2667 2892 concidit?
2703 2837 2849 2893 Nihil
2882 2840 3007 2893 mali
3061 2840 3129 2894 ab
3168 2842 3503 2900 adversariis
3537 2848 3642 2899 tuis

2059 2930 2306 2998 patieris.
2345 2928 2474 2986 llaec
2506 2947 2628 2987 cum
2660 2931 2907 2997 dixisset,
2935 2936 3002 2987 ab
3026 2934 3326 2997 Anthemio
3357 2937 3643 3007 discessit;

2060 3018 2150 3088 qui
2199 3029 2576 3089 esperrectns,
2616 3031 2672 3076 et
2710 3023 2905 3077 timore
2962 3025 3284 3091 perterritus
3335 3029 3641 3097 episc0pu3,

369 3120 724 3176 Ληιίοοῃεηω
794 3120 1057 3175 Ecclesia,
1116 3122 1435 3192 episcopum
1504 3122 1780 3190 resumi“
1829 3138 1951 3179 cum
1981 3149 2024 3207 ϐ
2060 3111 2114 3201 in
2142 3110 2333 3166 faciem
2367 3127 2427 3168 se
2458 3114 2750 3182 prostravit
2788 3128 2843 3169 et
2869 3116 3053 3170 multis
3080 3116 3335 3188 Iacrymis
3366 3118 3535 3174 Deum
3569 3123 3643 3175 ita
3700 3123 3703 3127 ’

369 3213 610 3267 nondum
651 3214 1001 3268 anathemate
1053 3213 1312 3268 liberatus
1346 3215 1776 3269 esset:heatum
1825 3230 1953 3269 vero

364 3303 752 3359 Calendionem
784 3306 1151 3373 patriarchatu
1182 3305 1234 3359 in
1262 3304 1454 3361 Oaxim
1479 3306 1721 3360 exsulem
1749 3308 1955 3376 relega-

368 3395 468 3463 vit,
500 3394 726 3451 Fulloue
767 3397 861 3452 illo
886 3398 1241 3452 Antiochense
1294 3397 1440 3452 sedis
1490 3398 1861 3468 episcopatum
1903 3398 1951 3452 vi

364 3488 634 3557 capiente.
668 3486 770 3555 Qui
819 3499 879 3543 ut
917 3490 1138 3559 impius,
1164 3500 1218 3545 et
1258 3490 1460 3545 nullam
1496 3506 1649 3560 spem
1688 3491 1950 3560 reliquam

364 3578 594 3646 habens,
627 3583 969 3650 tyrannidem
1030 3583 1203 3652 ipsam
1250 3583 1491 3652 impune,
1555 3582 1638 3637 vel
1689 3584 1953 3638 scelerate

366 3671 547 3740 potius
576 3674 889 3741 exercebat,
930 3674 1301 3741 interﬁciens,
1338 3676 1710 3744 proscribens,
1751 3686 1806 3729 et
1834 3692 1952 3729 om-

366 3777 466 3818 nes
509 3777 606 3817 eos
652 3762 870 3832 Iugans,
910 3765 1000 3832 qui
1035 3764 1295 3819 uolebant
1341 3781 1466 3819 cum
1515 3764 1631 3833 ejus
1673 3766 1952 3834 impietate

366 3854 793 3911 communicare.
831 3854 938 3909 Sed
983 3856 1096 3910 haec
1123 3856 1343 3924 quidem
1374 3857 1540 3911 missa
1575 3857 1794 3921 faciam,
1825 3872 1949 3913 cum

368 3943 536 3996 multa
562 3942 695 4010 sint,
727 3954 783 3999 et
814 3947 1105 4014 propriam‘
1144 3945 1432 4001 historiam
1468 3948 1774 4014 requirant.
1804 3948 1949 4002 Con-

365 4034 507 4087 feret
534 4044 714 4089 autem
745 4050 806 4090 se
831 4037 1010 4092 oratio
1044 4048 1233 4092 nostra
1261 4038 1325 4091 ad
1367 4038 1444 4103 id,
1477 4039 1621 4108 quod
1646 4041 1818 4109 [magis
1855 4056 1950 4094 ur-

366 4133 479 4195 get,
506 4134 565 4179 ut
600 4129 777 4182 sancti
823 4127 1053 4196 apostoli
1107 4127 1376 4184 Barnabze
1420 4132 1651 4201 gratiam
1699 4132 1950 4187 omnibus

364 4227 548 4273 notam
597 4218 882 4284 faciamus,
926 4231 983 4276 et
1029 4231 1227 4292 quanta
1270 4226 1502 4292 patriant
1534 4241 1684 4281 suam
1730 4241 1858 4280 cura
1894 4236 1949 4281 et

362 4310 694 4382 benignitate
717 4325 1095 4384 prosequatur,
1130 4315 1488 4373 declaremus.

434 4402 677 4459 XXVIII.
743 4406 876 4460 Cum
940 4408 1174 4461 nondum
1226 4422 1512 4466 contentus
1557 4423 1703 4469 esset
1756 4415 1947 4472 Petrus

2060 3213 2310 3273 precatus
2338 3213 2422 3259 est
2459 3221 2476 3259 :
2530 3208 2756 3262 Domine
2798 3206 2929 3262 Jesu
2965 3208 3206 3275 Christe,
3240 3210 3341 3265 Fili
3389 3212 3479 3267 Dei
3511 3214 3639 3280 vivi,

2057 3297 2253 3365 adjuva
2288 3299 2581 3356 Ecclesiam
2611 3302 2919 3357 hanc.Scio
2951 3308 3322 3373 autem,’quod
3359 3306 3505 3361 illam
3539 3307 3638 3362 ad-

1992 3400 1995 3401 '
2050 3390 2227 3458 jnvas.
2264 3391 2318 3445 Si
2349 3393 2485 3446 visio
2519 3393 2633 3448 haec
2681 3408 2710 3446 a
2766 3401 2818 3448 te
2867 3394 3108 3463 protecta
3146 3403 3252 3459 est,
3289 3396 3392 3456 fac.
3429 3412 3636 3467 qotcso,

2053 3492 2111 3537 ut
2143 3485 2331 3539 eadem
2381 3486 2600 3550 iterum,
2642 3501 2708 3540 ac
2759 3489 2921 3540 tertio
2965 3488 3095 3541 mihi
3153 3489 3472 3544 ostendatur
3505 3500 3560 3544 ut
3590 3501 3643 3545 te

2056 3588 2266 3628 meeum
2303 3591 2423 3630 esse
2452 3588 2607 3630 certo
2638 3577 2781 3631 scire
2813 3578 3035 3644 possint.

2128 3663 2296 3720 XXX.
2318 3667 2528 3722 Interea
2561 3667 2846 3736 episcopus
2863 3666 2950 3719 ille
2968 3667 3164 3721 divinis
3188 3669 3437 3736 precibus
3460 3681 3638 3727 atten-

2055 3756 2161 3811 tius
2202 3758 2447 3824 vacabat,
2480 3760 2547 3811 ab
2570 3757 2809 3811 omnium
2842 3758 3120 3811 hominum
3142 3763 3528 3830 congressione
3550 3780 3637 3817 re-

2053 3860 2250 3906 motus.
2268 3849 2435 3906 Nocte
2460 3861 2664 3914 autem,
2679 3866 2797 3921 quae
2809 3849 3063 3921 deinceps
3081 3865 3369 3906 consecuta
3385 3866 3488 3919 est,
3510 3871 3633 3911 cum

2052 3943 2318 3998 astitisset
2362 3945 2502 3999 idem
2540 3944 2629 4000 ille
2665 3945 2747 3997 vir
2772 3944 2963 3999 eadem
2998 3944 3171 3999 forma
3202 3956 3255 4000 et
3282 3948 3490 4010 habitu,
3526 3966 3635 4018 quo

2053 4041 2212 4088 antea
2265 4036 2414 4089 visus
2466 4036 2640 4091 fuerat
2686 4054 2701 4090 :
2744 4035 2888 4102 iam,
2938 4039 3133 4109 inquit,
3202 4038 3295 4092 tibi
3345 4038 3454 4094 dixi
3498 4042 3634 4096 nihil

2053 4126 2179 4180 mali
2217 4137 2267 4181 te
2303 4144 2587 4197 passurum
2617 4133 2777 4185 exiis
2802 4148 2923 4202 quae
2954 4134 3047 4187 tibi
3085 4133 3383 4186 adversarii
3420 4135 3631 4187 minan-

2054 4227 2160 4274 tur.
2192 4219 2335 4274 Nibil
2371 4220 2535 4288 igitur
2577 4225 2883 4290 suspicans,
2912 4234 3163 4293 prompto
3201 4225 3383 4279 animo
3432 4228 3496 4279 ad
3540 4243 3633 4280 ur-

2051 4313 2172 4367 bem
2227 4312 2750 4384 Constantinopolim
2797 4317 3003 4371 venias.
3052 4316 3178 4371 llaec
3231 4334 3354 4372 cum
3385 4319 3631 4385 dixisset,

2050 4408 2324 4463 discessit.
2361 4408 2658 4478 Episcopus
2680 4423 2808 4461 vero
2832 4424 3021 4464 rursus
3049 4409 3276 4465 Domino
3301 4413 3502 4479 gratias
3521 4415 3632 4481 egit

370 4494 523 4550 Fullo
558 4497 1045 4554 innumerabilibus
1085 4502 1194 4556 illis
1243 4503 1422 4565 malis,
1454 4505 1650 4574 quibus
1702 4509 1943 4566 orientis
1979 4484 2023 4539 D
2054 4517 2228 4570 neque
2247 4503 2537 4572 quidquam
2566 4502 2727 4556 alicui
2758 4503 2919 4567 dixit,
2946 4506 3039 4557 sed
3065 4507 3420 4572 exspectabat
3445 4519 3630 4563 tamen

361 4594 545 4653 partes
569 4586 767 4655 affecit,
804 4588 858 4642 in
911 4591 1221 4658 provincias
1274 4593 1437 4647 etiam
1472 4596 1613 4661 illas,
1649 4614 1768 4665 qum
1807 4601 1940 4654 nihil

361 4676 428 4729 ad
449 4691 571 4731 eum
616 4681 987 4747 pertinebant,
1024 4698 1220 4738 manus
1249 4685 1458 4755 injecit.
1494 4686 1626 4741 Cum
1658 4690 1809 4743 enim
1840 4692 1941 4744 imo

360 4769 654 4836 peratoris,
701 4780 759 4827 et
798 4786 986 4828 eorum
1018 4775 1110 4845 qui
1168 4785 1326 4829 erant
1369 4780 1510 4848 apud
1556 4780 1938 4850 imperatorem

357 4858 606 4927 gratiosi,
651 4860 931 4917 leuitatem
983 4879 1119 4918 auro
1163 4867 1268 4920 sibi
1311 4881 1722 4937 comparasset,
1767 4873 1940 4942 ipsius

360 4951 525 5005 etiam
575 4952 667 5006 Dei
708 4953 882 5022 legem
916 4955 1173 5025 deinceps
1221 4963 1568 5030 contempsit,
1615 4974 1668 5016 et
1707 4965 1938 5035 Cyprios

361 5044 606 5100 homines
640 5042 736 5099 Dei
773 5057 826 5101 et
854 5047 977 5101 Iidei
1000 5058 1294 5114 amatores,
1329 5066 1391 5105 ac
1427 5066 1575 5107 recta
1601 5056 1930 5122 sentientes,

359 5138 610 5193 omnibus
645 5138 820 5194 modis
846 5154 1047 5195 vexare
1082 5143 1365 5211 cogitavit,
1397 5148 1655 5214 quoniam
1701 5149 1818 5217 ejus
1847 5152 1936 5202 itt-

357 5228 486 5284 sula:
516 5230 854 5287 habitatores
884 5233 1140 5301 pietatem
1172 5250 1200 5287 a
1237 5235 1482 5303 patribus
1513 5239 1627 5294 suis
1679 5242 1933 5295 traditam

357 5331 661 5387 servantes.
701 5324 1029 5379 recusabant
1061 5341 1186 5380 cum
1220 5328 1338 5395 ejus
1368 5329 1647 5397 impietate
1682 5347 1932 5386 commu-

359 5413 560 5468 nicare.
593 5415 776 5485 Itaque
806 5414 970 5486 Cypri
1000 5419 1179 5472 sedem
1216 5421 1637 5485 sanctissimam,
1658 5432 1710 5475 et
1742 5438 1767 5475 a
1790 5425 1936 5494 prin-

356 5502 500 5572 cipio
532 5504 655 5558 inde
693 5520 862 5573 usque
897 5508 963 5557 ab
991 5505 1359 5574 apostolorum
1397 5517 1638 5577 tempore
1678 5510 1928 5574 liberam.

357 5595 471 5663 ipse
494 5596 746 5665 arripere
784 5606 837 5650 et
862 5597 961 5651 sibi
1005 5597 1271 5665 subjicere
1307 5614 1591 5669 aggressus
1630 5612 1732 5669 est,
1769 5605 1934 5674 idque

356 5687 422 5739 ad
448 5686 827 5754 imperatorem
856 5689 1059 5752 retulit,
1085 5690 1278 5744 lalsum
1311 5691 1560 5746 «laici-ens
1595 5710 1658 5747 ac
1693 5696 1877 5750 dicens
1913 5715 1924 5749 :

358 5773 626 5842 Quoniam
655 5777 875 5861 ve‘rbum
906 5776 995 5833 Dei
1030 5778 1097 5833 ab
1122 5778 1251 5833 urbe
1275 5780 1560 5836 Antiochia
1591 5783 1655 5836 ad
1692 5784 1926 5855 Cyprum

2047 4595 2431 4648 revelationem
2453 4596 2692 4648 tertiam.
2718 4592 2888 4649 Noote
2915 4595 3075 4664 igitur
3093 4608 3460 4665 censeqnente
3487 4599 3630 4654 idem

2044 4687 2129 4740 vir
2161 4686 2428 4755 apparuit,
2457 4686 2547 4753 qui
2582 4686 2800 4755 gravius
2829 4701 2948 4740 eum
2977 4688 3260 4756 increpans
3291 4706 3304 4742 :
3340 4690 3629 4759 Quousque

2042 4778 2238 4846 inquit.
2270 4794 2376 4832 non
2411 4778 2491 4831 vis
2521 4779 2746 4832 credere
2774 4778 2956 4833 verbis
2988 4780 3141 4847 meis,
3176 4794 3295 4850 quso
3330 4783 3517 4837 diebus
3544 4785 3631 4838 Itis

2043 4870 2361 4939 complenda
2419 4870 2587 4924 sunt?
2635 4871 2985 4926 Proficiscere
3050 4874 3100 4925 iu
3167 4875 3356 4928 urbem
3416 4880 3622 4945 regiam

2042 4972 2292 5031 prompto
2321 4972 2371 5017 et
2398 4962 2564 5018 alacri
2598 4965 2779 5018 animo
2812 4981 2826 5021 :
2865 4962 2976 5018 illic
3004 4965 3148 5017 enim
3185 4982 3306 5019 cum
3338 4968 3508 5033 gloria
3539 4985 3624 5022 re-

2044 5056 2278 5110 verteris
2301 5095 2316 5119 ,
2352 5070 2529 5126 neque
2560 5058 2851 5127 quidquam
2884 5055 3011 5112 mali
3039 5058 3106 5110 ab
3132 5059 3465 5115 adversariis
3498 5077 3623 5130 pas-

2041 5161 2135 5200 sus
2167 5145 2358 5212 fueris,
2409 5164 2532 5202 cum
2594 5148 2761 5203 Deum
2795 5148 2974 5217 ipsum
3012 5159 3229 5219 propter
3266 5164 3351 5204 tne
3398 5166 3625 5208 servum

2039 5252 2196 5290 sumn
2263 5239 2336 5291 tui
2394 5251 2749 5306 pugnatorem
2799 5240 3022 5294 habeas.
3087 5239 3239 5295 Tunc
3284 5242 3616 5313 episcomts:

2040 5327 2252 5394 Quarso,
2297 5330 2492 5401 inquit,
2533 5332 2749 5385 domine
2789 5332 2882 5396 nti,
2935 5333 3042 5397 dic,
3110 5333 3233 5402 quis
3278 5349 3338 5389 es
3387 5344 3476 5398 tu,
3525 5337 3621 5405 qui

2042 5421 2155 5475 haec
2183 5437 2392 5476 mecum
2428 5422 2714 5492 loqueris?
2743 5422 2874 5476 Tum
2907 5423 2998 5478 ille
3032 5425 3107 5477 ait
3137 5442 3150 5476 ε
3180 5425 3294 5495 Ego
3337 5441 3456 5479 sum
3488 5425 3620 5479 Bar-

2040 5512 2228 5578 nabas,
2254 5514 2552 5581 discipulus
2588 5516 2797 5568 Domini
2823 5517 2990 5570 nostri
3015 5515 3140 5570 Jcsu
3171 5515 3398 5581 Christi,
3430 5532 3616 5587 aegre:-

2037 5614 2194 5671 gatus
2227 5621 2253 5657 a
2287 5604 2489 5674 Spiritu
2536 5617 2746 5672 sancto,
2799 5616 2855 5660 ut
2889 5624 2990 5661 una
3025 5624 3146 5663 cum
3174 5608 3339 5664 Paulo
3369 5612 3618 5675 apostolo

2037 5696 2321 5749 electionis
2345 5712 2466 5750 vase
2487 5714 2681 5752 munus
2712 5702 3067 5767 apostolicum
3100 5704 3241 5757 inter
3261 5713 3446 5773 gentes
3463 5720 3621 5760 e-.er-

2036 5800 2240 5841 cercm.
2298 5786 2464 5857 llnjtts
2516 5790 2589 5843 rei
2641 5791 2849 5862 sigmtm
2901 5794 2999 5848 boc
3056 5796 3256 5849 habeas
3294 5809 3307 5848 :
3343 5796 3615 5865 Egredere
