4036 6226
408 269 553 334 4163

1622 254 2065 339 ALEXANDRI
2110 250 2453 313 MONACIII

3541 248 3677 314 410i

411 391 566 436 extra
597 375 788 430 urbem
833 371 1171 427 occidentem
1203 383 1394 425 versus
1421 367 1611 422 stadiis
1640 368 1905 435 quinque,
1935 363 1985 415 in
2021 366 2059 419 Α
2092 372 2196 425 est,
2227 362 2431 415 divinae
2458 359 2647 429 gratia!
2692 360 2908 414 divitias
2942 358 3244 422 admirans,
3289 356 3436 429 quod
3463 358 3677 428 imperii

407 488 530 527 eam
568 469 862 538 regionem,
913 477 1032 533 qua:
1065 461 1328 516 Sanitatis
1355 461 1506 515 locus
1536 456 1840 528 appellatur
1877 456 1995 523 (per

406 580 495 620 me
523 560 668 619 enim
706 561 849 614 Deus
880 559 994 626 ipse
1044 554 1241 608 inloco
1283 552 1372 606 illo
1404 549 1666 606 miracula
1695 547 1906 614 ellicit),
1939 558 1996 601 et

408 655 512 711 sub
543 654 742 708 arbore
782 649 987 719 Siliqua
1016 645 1242 702 etl‘odias
1274 664 1289 700 :
1320 643 1633 713 speluncam
1659 643 1805 695 enim
1832 646 1995 708 atque

410 763 594 803 arcam
625 743 894 806 invenies,
953 739 1207 809 quoniam
1237 737 1349 792 illic
1381 745 1553 791 telum
1582 747 1780 803 corpus
1814 744 1995 785 meum

412 836 690 894 conditum
722 841 830 897 est,
850 840 900 884 et
923 829 1271 898 Evangelium
1304 841 1465 882 manu
1494 823 1712 893 pr0pria
1729 820 1993 890 scriptum

410 929 553 1000 quod
587 941 617 980 a
651 933 842 979 sancto
884 921 1130 992 apostolo
1164 930 1218 975 et
1254 918 1584 988 evangelista
1609 915 1863 970 Matthaao
1895 927 1996 968 ex-

413 1022 555 1091 cepi.
574 1017 838 1085 Quoniam
858 1030 991 1070 vero
1012 1011 1310 1068 adversarii
1333 1011 1406 1063 tui
1429 1024 1641 1065 sursum
1666 1018 1721 1063 et
1740 1007 1994 1062 deorsum

413 1115 706 1168 miscentes
742 1109 950 1170 omnia,
980 1117 1036 1161 ct
1073 1107 1194 1176 jura
1246 1105 1492 1174 quaedam
1536 1101 1879 1170 objicientes,
1916 1108 1998 1154 te-

411 1222 535 1262 cum
563 1204 893 1272 disceptant,
921 1198 1225 1254 Antioehia:
1263 1196 1446 1252 sedem
1492 1192 1842 1264 apostolicam
1874 1205 1997 1246 esse

412 1299 831 1359 contendentes,
861 1303 916 1349 et
959 1303 1028 1347 tu“
1050 1302 1239 1346 contra
1260 1289 1351 1360 jus
1383 1298 1535 1341 tuum
1573 1285 1678 1341 illis
1702 1298 1942 1356 opponas
1976 1299 1991 1335 :

412 1392 483 1447 Et
522 1405 671 1452 mea,
722 1388 1011 1455 inquiens,
1069 1384 1226 1438 sedes
1274 1380 1569 1451 apostolica
1608 1387 1736 1434 est:
1784 1391 1909 1455 nam
1940 1384 1997 1429 et

417 1478 723 1549 apostolum
755 1475 929 1530 habeo
953 1476 1005 1527 lu
1031 1466 1204 1543 patria
1231 1485 1369 1524 mea.
1394 1469 1486 1523 llis
1510 1466 1688 1531 dictis,
1724 1463 1997 1518 Barnabas

415 1570 687 1627 discessit.

2103 454 2183 505 sui
2218 454 2553 519 temporibus
2597 460 2803 521 tantum
2858 451 3177 537 miracqlum
3227 467 3257 505 a
3311 449 3427 506 Deo
3476 449 3681 505 factum

2097 556 2473 613 coguoswret.

2173 636 2412 693 XXXIII.
2446 638 2598 692 Tunc
2630 637 2981 692 Antiochense
3002 637 3153 691 urbis
3186 637 3499 705 episcopum
3533 636 3686 692 iIIiuc

2098 730 2324 798 expulit,
2365 737 2420 783 et
2460 729 2644 799 jussit,
2697 738 2755 782 ut
2797 729 2847 782 in
2886 737 3165 798 posterum
3199 726 3359 799 Cypri
3404 728 3680 799 episeopo,

2098 823 2243 893 quod
2265 824 2330 878 ad
2360 838 2479 878 eam
2512 837 2733 876 causam
2767 823 3095 890 pertinebat,
3138 821 3273 876 nihil
3302 821 3528 876 omnino
3567 839 3689 876 rno-

2099 914 2271 970 Iestus
2320 926 2488 970 esset.
2535 913 2761 969 Beatum
2809 929 2937 968 vero
2983 912 3331 969 Anthemium
3370 912 3685 984 episcopum

2099 1007 2175 1062 ita
2205 1006 2456 1078 rogavit:
2489 1005 2757 1073 Quoniam
2800 1005 2974 1060 sancti
3023 1004 3367 1075 pontiﬁcatus
3414 1006 3490 1061 tui
3542 1015 3686 1061 tem-

2099 1101 2325 1173 poribus
2380 1100 2612 1155 Domino
2640 1108 2831 1154 nostro
2878 1097 3009 1153 Jesu
3041 1097 3265 1152 Christo
3309 1099 3533 1168 placuit,
3555 1113 3689 1153 san-

2102 1201 2250 1248 etum
2288 1206 2446 1246 suum
2515 1191 2820 1262 apostolum
2865 1190 3167 1245 Barnabam
3225 1189 3501 1253 revelare,
3532 1189 3685 1259 iube,

2100 1298 2307 1354 quaeso,
2337 1282 2590 1338 celeriter
2635 1282 2987 1352 Evangelium
3033 1280 3182 1346 illud,
3214 1282 3359 1353 quod
3403 1281 3687 1337 inventum

2098 1385 2202 1441 est,
2235 1374 2390 1429 nobis
2426 1372 2632 1428 aﬂ‘erri.
2676 1372 2734 1427 Id
2779 1374 2825 1428 si
2875 1372 3090 1437 feceris,
3124 1372 3256 1427 mihi
3300 1371 3413 1427 ﬁlio
3441 1381 3530 1427 luo
3565 1389 3687 1444 gra-

2100 1466 2370 1521 tissimum
2409 1465 2513 1519 erit
2547 1482 2562 1519 :
2597 1464 2823 1519 habebis
2870 1465 3016 1519 enim
3048 1472 3103 1518 et
3145 1464 3410 1533 meipsum
3457 1467 3687 1534 posthac

2103 1556 2220 1621 tibi,
2263 1565 2438 1624 pater,
2486 1556 2539 1609 in
2579 1555 2832 1609 omnibus
2878 1557 3366 1626 obtemperantem.
3410 1557 3688 1613 Assensus

486 1682 681 1738 XXXI.
714 1680 1012 1749 Episcopus
1043 1690 1175 1730 vero
1200 1682 1577 1742 experrectus.
1604 1670 1769 1725 Deum
1798 1669 1997 1724 adora-

2117 1659 2189 1701 :st
2224 1648 2343 1716 ejus
2388 1646 2633 1715 petitioni
2675 1647 2983 1716 episcopus,
3023 1657 3076 1699 et
3124 1648 3412 1715 quemdam
3474 1661 3539 1700 ex
3584 1649 3684 1713 iis,

2117 1753 2237 1760 _----
2275 1752 2451 1760 ..-λη-,Α
2499 1738 2727 1760 Ι--Ι.,ὶ.-ι
2788 1753 2888 1760 ..--..
2934 1752 3052 1760 ---μ
3104 1737 3414 1760 ΩΑ1-12-,3-..-
3446 1737 3654 1760 ἓ------..-

416 1780 515 1849 vit,
572 1784 793 1843 totoque
836 1771 980 1825 clero
1015 1778 1069 1823 et
1114 1767 1309 1836 pepulo
1357 1765 1559 1819 Christi
1611 1762 1989 1817 amantissimo

424 1876 779 1938 congregato,
830 1861 965 1917 exiit
994 1860 1048 1914 iu
1074 1874 1197 1914 eum
1243 1858 1443 1920 locum,
1477 1871 1634 1925 quem
1665 1870 1760 1925 per
1792 1852 1998 1908 revela-

417 1964 621 2016 tionem
679 1958 979 2020 didicerat,
1024 1951 1194 2006 multo
1241 1961 1525 2019 apparatu,
1574 1956 1627 2001 et
1673 1962 1833 2001 cruce
1882 1946 1998 2014 ipsa

418 2055 663 2123 praelata.
708 2051 952 2120 Cumque
997 2061 1187 2117 preces
1227 2044 1293 2098 ad
1318 2043 1484 2099 Deum
1536 2023 1793 2105 misisset,
1836 2037 2003 2106 jussit

420 2147 598 2200 locum
648 2140 808 2196 etl‘odi
844 2156 856 2193 :
895 2152 1055 2208 quem
1102 2145 1389 2206 postquam
1435 2130 1654 2202 paulum
1702 2129 2000 2190 fodissent,

421 2242 749 2296 invenerunt
785 2232 1098 2302 speluncam
1165 2229 1439 2299 lapidibus
1474 2226 1829 2280 obstruetam.
1888 2220 2004 2275 Illis

424 2342 604 2387 autem
633 2327 886 2393 sublatis,
918 2324 1172 2396 apparuit
1203 2336 1330 2377 arca
1352 2320 1438 2374 illa
1473 2335 1486 2371 :
1521 2333 1625 2389 qua
1660 2316 1891 2378 detecta,
1920 2313 2004 2367 iu-

424 2430 697 2478 γριιυιτιιιιι
735 2419 1081 2475 venerandus
1120 2416 1294 2473 sancti
1326 2424 1384 2468 et
1411 2409 1743 2468 venerabilis
1772 2405 2002 2478 aposmli

436 2514 701 2570 Barnabas
740 2511 1017 2581 reliquias,
1060 2523 1280 2564 suavem
1316 2505 1503 2576 gratia:
1542 2498 1843 2572 spiritualis
1874 2500 2007 2554 odo—

430 2624 543 2663 rem
571 2606 863 2676 Spirantes,
905 2604 1232 2657 invenerunt
1265 2600 1429 2655 etiam
1461 2595 1813 2666 Evangeliqu
1842 2605 2008 2660 supra

429 2701 692 2755 Burriabae
724 2707 914 2767 pectus
940 2694 1272 2764 impositum.
1299 2690 1449 2745 Illam
1466 2703 1597 2744 vero
1624 2701 1803 2741 arcam
1837 2685 2010 2754 plum-

429 2797 531 2851 beo
555 2792 731 2862 sigillo
766 2789 1096 2845 munierunt.
1130 2787 1372 2855 Cumque
1397 2785 1562 2838 Deum
1588 2780 1791 2851 precati
1829 2787 2013 2833 essent

431 2896 485 2940 et
517 2885 862 2946 adorassent,
897 2882 1289 2942 discesserunt,
1325 2876 1458 2930 viris
1495 2872 1763 2944 religiosis
1808 2872 1862 2926 in
1893 2872 2012 2926 loco

435 2979 527 3034 illo
561 2978 629 3032 ab
657 2978 773 3047 ipso
803 2958 1060 3044 episcopo
1090 2970 1426 3037 constitutis,
1469 2967 1559 3038 qui
1593 2965 1917 3034 vespertinis
1959 2972 2014 3018 et

436 3070 714 3124 matutinis
750 3067 966 3139 hymnis
998 3064 1168 3118 Deum
1195 3061 1590 3117 collaudarent.
1619 3060 1712 3113 Ille
1734 3058 1898 3128 igitur
1927 3058 2011 3109 in-

436 3161 706 3229 signiores
734 3157 1019 3226 episcopos
1040 3168 1226 3210 secum
1270 3153 1500 3218 habens,
1540 3150 1690 3206 venit
1726 3150 1778 3203 in
1821 3147 2012 3202 urbem

440 3255 643 3324 regiam
673 3248 1231 3318 Constantinopolim,
1256 3255 1311 3301 et
1333 3246 1402 3301 ad
1434 3245 1758 3317 patriarcha:
1787 3243 2010 3297 domum

439 3348 702 3403 deductus
729 3356 834 3400 est.
869 3343 941 3398 De
970 3343 1125 3413 cujus
1158 3340 1390 3395 adventu
1424 3354 1546 3394 cum
1586 3339 1887 3406 imperator
1917 3350 2018 3389 au-

435 3439 683 3503 divisset,
708 3435 1031 3506 patriarcha}
1060 3433 1161 3502 ipsi
1195 3430 1495 3496 mandavit,
1525 3439 1583 3483 ιιι
1608 3445 1731 3483 cum
1785 3425 2014 3499 synodo,

438 3549 556 3603 quae
593 3532 721 3586 illuc
764 3537 1113 3589 convenerat,
1161 3524 1401 3578 omnium
1441 3523 1671 3591 partium
1701 3526 2020 3575 controver-

438 3630 575 3683 siam
623 3624 871 3689 andiret,
910 3632 963 3675 et
1022 3618 1167 3689 quod
1212 3618 1285 3672 illi
1333 3618 1614 3672 videretur
1681 3615 2015 3670 decerneret.

439 3716 641 3775 coacto
693 3719 857 3787 igitur
890 3714 1142 3778 concilio,
1172 3726 1295 3766 cum
1336 3724 1499 3764 causa
1545 3708 1629 3762 illa
1667 3715 2018 3767 tractaretur,

441 3812 739 3867 adtersarii
787 3808 1085 3863 aITerebaut
1133 3820 1227 3858 sua
1256 3803 1400 3871 jura,
1433 3809 1490 3854 ut
1531 3800 1632 3855 sibi
1672 3798 2016 3860 videbantur,

443 3905 586 3976 quod
636 3903 975 3958 Antiocbcna
1023 3897 1180 3954 sedes
1220 3894 1514 3964 apostolica
1560 3903 1614 3948 et
1657 3888 2019 3961 patriarchica

443 3998 597 4051 sedes
625 4002 769 4048 esset
796 4009 810 4045 :
839 3991 908 4044 ob
939 3988 1100 4058 idque
1131 3985 1535 4040 contendebant
1564 3993 1616 4036 et
1641 3981 1775 4034 alias
1801 3978 2023 4047 provin-

443 4109 459 4142 ι
479 4089 557 4142 ias
590 4086 689 4139 sibi
724 4085 994 4150 subiectas
1018 4096 1139 4135 esse
1170 4080 1391 4133 debere.

513 4179 729 4235 XXXII.
766 4177 889 4231 lbec
941 4189 1062 4229 cum
1095 4180 1424 4234 assererem,
1467 4170 1571 4234 iis,
1598 4167 1687 4236 qui
1729 4170 2023 4235 praesentes

442 4282 617 4338 erant,
653 4271 848 4327 rationi
883 4279 1244 4325 consentanea
1290 4266 1471 4319 dicere
1503 4262 1848 4316 videbantur.
1890 4256 2025 4312 Bea-

448 4378 539 4422 tus
561 4381 691 4422 vero
728 4363 1051 4419 Anthemius
1101 4358 1315 4430 paulum
1365 4365 1629 4421 moratus,
1658 4361 1847 4405 contra
1887 4347 2021 4415 obji-

446 4462 597 4513 ciens
623 4476 635 4510 :
675 4456 742 4510 Et
760 4470 899 4518 mea,
927 4452 1124 4522 inquit,
1151 4450 1307 4505 sedes
1329 4446 1620 4518 apostolica
1652 4443 1755 4497 fuit
1780 4441 1903 4496 inde
1932 4454 2021 4494 us-

448 4567 553 4619 que
587 4565 615 4601 a
653 4547 919 4617 principio
968 4554 1023 4597 et
1059 4544 1309 4597 libertate
1346 4542 1630 4603 honorata,
1661 4534 1750 4605 qui
1779 4541 1835 4589 et
1895 4546 2025 4601 apo-

453 4642 650 4699 Stolqu
688 4641 861 4694 habeo
893 4639 944 4691 itt
975 4638 1147 4705 patria
1198 4649 1316 4690 mea
1370 4635 1582 4702 integro
1638 4643 1864 4698 corpore
1897 4640 2027 4681 cou-

451 4748 709 4800 slantem,
762 4733 1152 4795 beatissimum,
1202 4730 1441 4798 inquam,
1504 4725 1652 4779 illum
1700 4721 2025 4783 Barnabam,

452 4842 767 4888 sanctarum
824 4826 1036 4879 laudum
1094 4822 1381 4895 praeconiis
1435 4815 1871 4872 celeberrimum.
1917 4810 2030 4866 lloc

457 4944 580 4982 eum
617 4923 940 4979 Anthemius
970 4915 1330 4988 Opposuissct,
1379 4910 1512 4966 nihil
1560 4909 1660 4963 loci
1703 4900 2030 4961 adversariis

458 5022 705 5075 rein-tum
750 5024 855 5079 est,
888 5026 1013 5066 cum
1055 5005 1316 5078 episcopi,
1362 5003 1455 5073 qui
1501 5007 1800 5072 praesentes
1852 5002 2030 5058 erant,

458 5112 675 5168 silentio
701 5103 975 5161 Anthemii
1006 5100 1309 5156 orationem
1343 5093 1780 5148 conﬁrmassent.
1828 5084 2031 5139 Adver—

456 5205 587 5261 sarii
629 5215 760 5256 vero
795 5197 896 5268 ipsi
938 5195 1136 5249 rubore
1184 5184 1411 5259 perfusi,
1458 5183 1592 5238 muli
1631 5183 2030 5241 remanserunt,

459 5309 723 5367 responso
758 5292 848 5345 illo
879 5299 988 5343 tam
1032 5284 1174 5353 justo
1198 5277 1455 5350 perculsi.
1493 5273 1617 5329 Ilaec
1648 5285 1769 5325 cum
1802 5269 2037 5338 impera-

459 5357 895 5443 tur'attdivisset,
928 5377 1238 5447 episcopum
1274 5368 1434 5440 Cypri
1471 5366 1535 5419 ad
1560 5378 1619 5419 se
1645 5357 1896 5417 accersiri
1917 5357 2035 5427 jus-

461 5482 556 5546 sit,
596 5488 649 5532 ct
676 5476 741 5531 de
787 5446 1118 5529 revelatione
1156 5463 1328 5518 sancti
1366 5456 1592 5531 apostoli
1623 5451 1883 5508 Barnabas
1914 5446 2037 5504 dili-

459 5583 648 5642 genter
697 5569 765 5621 ab
804 5581 870 5620 co
893 5560 1160 5635 quaesivit.
1194 5557 1286 5611 Ille
1316 5553 1448 5609 nihil
1487 5565 1552 5605 ex
1592 5547 1695 5613 bis,
1751 5559 1869 5612 qua:
1910 5553 2036 5594 vera

464 5671 813 5737 regnaverat,
844 5655 1155 5717 occultavit,
1182 5652 1275 5706 sed
1300 5648 1493 5703 ordine
1531 5656 1643 5697 rem
1676 5650 1894 5692 omnem
1933 5632 2037 5686 im-

464 5725 701 5826 peratori
740 5751 997 5806 narravit.
1038 5747 1128 5802 ille
1178 5745 1290 5798 haec.
1319 5738 1564 5801 audiens,
1616 5731 1770 5786 valde
1817 5725 2033 5797 gitisus

2101 1753 2240 1808 quos
2271 1752 2453 1792 secum
2499 1738 2753 1800 habebat,
2788 1753 2893 1790 una
2929 1752 3057 1791 cum
3104 1737 3419 1791 ﬁdelissimo
3446 1737 3687 1805 impera-

2102 1832 2238 1885 toris
2271 1833 2522 1886 ministro
2547 1831 2861 1900 episcopum
2893 1831 3063 1897 misit,
3103 1832 3197 1902 qui
3225 1831 3578 1900 Evangelium
3620 1831 3689 1885 il-

2103 1920 2192 1974 lud
2239 1922 2292 1974 in
2336 1923 2527 1976 urbem
2569 1920 3101 1990 Constantinopolim
3154 1921 3480 1976 attulerunt.’
3516 1920 3688 1976 Erant

2105 2022 2283 2066 autem
2318 2011 2439 2065 libri
2482 2012 2691 2065 tabellae
2719 2011 2922 2082 thyinis
2951 2010 3116 2087 lignis
3136 2011 3472 2082 compositas.
3505 2011 3685 2066 Evan-

2107 2104 2301 2174 gelinm
2337 2103 2465 2155 illml
2496 2104 2797 2172 imperator
2825 2102 2880 2157 in
2920 2117 3112 2157 manus
3140 2105 3392 2173 sumpsit,
3435 2112 3488 2158 et
3525 2104 3689 2158 deos¢

2106 2195 2318 2249 ettlatus
2339 2206 2442 2258 esr,
2473 2208 2716 2263 auroque
2744 2196 2912 2248 multo
2943 2203 3264 2249 exornatum
3287 2196 3338 2248 in
3366 2194 3563 2264 palatio
3586 2209 3690 2249 suo

2110 2289 2379 2357 reposuit,
2422 2287 2511 2341 ubi
2560 2288 2626 2342 ad
2659 2287 2984 2342 hodiernum
3036 2302 3211 2357 usque
3228 2285 3371 2341 diem
3410 2296 3686 2351 servatur,

2109 2391 2163 2436 et
2194 2382 2245 2434 iu
2272 2396 2463 2451 magna
2506 2362 2698 2450 quinta
2730 2379 2958 2435 Pascha;
2988 2378 3122 2433 feria
3164 2378 3459 2450 quotannis
3502 2380 3554 2433 in
3590 2394 3688 2448 pa-

2112 2473 2224 2527 latii
2253 2474 2492 2528 oratorio
2517 2472 2868 2544 Evangelium
2895 2487 2960 2528 ex
2993 2486 3059 2528 eo
3081 2473 3219 2526 libro
3244 2474 3524 2528 recitatur.
3560 2472 3691 2542 Epid

2112 2582 2333 2636 scopum
2367 2580 2496 2620 vero
2528 2565 2874 2619 Anthemium
2912 2564 3126 2634 magnis
3161 2565 3457 2619 honoribus
3500 2578 3691 2632 prose-

2113 2669 2292 2722 cutus,
2329 2657 2576 2728 pecuniis
2608 2657 2794 2712 multis
2812 2657 3093 2721 donatum,
3120 2656 3185 2711 ad
3208 2656 3438 2710 insulam
3455 2654 3694 2727 Cyprum

2116 2750 2351 2816 remisit,
2389 2751 2549 2820 eique
2576 2750 2853 2805 mandavit
2891 2758 2952 2804 ut
2986 2759 3174 2805 sancto
3199 2749 3443 2818 apostolo
3483 2747 3696 2801 Barna~

2118 2846 2201 2900 ba:
2246 2845 2507 2913 templum
2557 2844 2611 2897 iu
2653 2857 2720 2897 eo
2759 2842 2880 2898 loco
2925 2841 3195 2912 erigeret,
3239 2840 3328 2894 uhi
3378 2839 3698 2894 veneranda

2120 2938 2291 3009 ipsius
2316 2936 2559 3004 reliquias
2593 2935 2825 2989 inventae
2849 2933 3082 2988 fuerant.
3114 2931 3260 2986 Multi
3292 2941 3471 2984 autem
3505 2945 3571 2983 ex
3601 2944 3699 2999 op-

2042 3050 2084 3106 ρ
2121 3031 2366 3085 limatum
2397 3040 2625 3081 numero
2672 3039 2771 3095 pro
2804 3024 2945 3079 illius
2978 3023 3159 3093 templi
3201 3021 3561 3077 mdiﬁcatione
3606 3036 3701 3092 pce

2120 3121 2336 3177 cuuiam
2367 3116 2746 3172 contulerunt.

2190 3210 2430 3267 XXXIV.
2476 3207 2567 3262 Ille
2613 3206 2780 3279 igitur
2812 3206 2864 3260 in
2901 3205 3138 3275 Cyprum
3175 3219 3453 3269 reversus,
3493 3201 3700 3256 multos

2118 3303 2363 3359 artiﬁces
2392 3311 2555 3367 atque
2581 3297 2865 3367 operarios
2886 3296 3121 3366 collegit,
3141 3306 3196 3349 et
3220 3293 3562 3348 mdiﬁcationi
3594 3304 3701 3346 non

2121 3395 2450 3452 mediocrem
2481 3406 2700 3461 operam
2729 3389 2898 3454 dedit,
2925 3399 2978 3442 et
3002 3387 3245 3458 apostolo
3281 3387 3539 3439 Barnaba:
3563 3396 3703 3439 tem-

2123 3487 2270 3557 plum
2324 3486 2482 3538 valde
2533 3498 2786 3547 magnum
2837 3491 2947 3536 tum
2995 3479 3245 3544 aediﬁcio,
3296 3488 3407 3530 tum
3446 3476 3615 3529 multo
3649 3481 3704 3529 et

2125 3578 2280 3630 vario
2304 3584 2503 3630 ornatu
2540 3575 2754 3644 insigne
2784 3572 3115 3628 construxit.
3147 3570 3226 3623 Ad
3267 3583 3385 3622 eam
3416 3583 3544 3622 vero
3572 3577 3699 3620 tem-

2125 3671 2198 3742 pli
2221 3680 2451 3739 partem.
2470 3684 2589 3738 qua:
2618 3668 2683 3721 ad
2705 3668 2927 3739 Libyam
2952 3673 3187 3735 Spectat,
3217 3662 3393 3715 aulam
3412 3660 3697 3731 quamdam

2124 3764 2456 3833 composuit,
2509 3771 2740 3832 quatuor
2795 3759 3039 3831 porticus
3083 3759 3403 3822 habentem,
3452 3764 3508 3808 et
3539 3752 3705 3806 cellas

2126 3859 2255 3914 hinc
2288 3866 2451 3925 atque
2487 3854 2639 3910 illinc
2679 3869 2709 3908 e
2741 3852 2966 3923 regione
3005 3851 3107 3905 sibi
3157 3848 3438 3919 Oppositus
3490 3845 3544 3898 in
3583 3840 3706 3896 aula

2126 3951 2454 4014 construxit,
2487 3960 2544 4000 ιιι
2582 3947 2675 4016 qui
2721 3946 2904 3999 divina
2935 3942 3110 3998 ollicia
3151 3942 3204 3996 in
3240 3940 3441 4010 templo
3470 3938 3563 3991 illo
3587 3950 3707 3989 nio-

2126 4042 2287 4097 nachi
2333 4041 2698 4099 celebrarent,
2736 4038 2790 4091 in
2837 4037 2945 4091 illis
2983 4036 3135 4091 cellis
3187 4032 3432 4088 habitare
3461 4036 3705 4100 possent.

2127 4135 2270 4202 Quin
2304 4135 2466 4188 ctiam
2519 4146 2548 4185 e
2581 4130 2868 4199 longinqua
2914 4129 3134 4197 regione
3172 4139 3326 4194 aquze
3360 4125 3578 4179 ductum
3616 4122 3711 4175 de-

2132 4226 2293 4280 rivari
2340 4224 2487 4290 fecit,
2522 4231 2577 4278 et
2622 4223 2677 4275 in
2718 4221 2895 4275 medio
2935 4220 3076 4273 atrio
3106 4217 3369 4272 concham
3414 4212 3709 4283 quamdam

2128 4318 2548 4390 pulcherrimam
2580 4314 2907 4379 con'struxit,
2938 4311 2990 4366 in
3025 4326 3186 4380 quam
3213 4322 3352 4378 aqua
3390 4306 3477 4360 illa
3504 4302 3711 4358 deﬂue-

2133 4424 2236 4478 ret,
2285 4422 2346 4466 ut
2396 4420 2505 4465 tam
2550 4409 2641 4480 qni
2696 4408 2850 4463 eoin
2892 4406 3010 4460 loco
3053 4403 3575 4469 habitabant,quam
3615 4396 3707 4464 qui

2126 4521 2355 4580 peregre
2395 4504 2695 4566 venissent,
2736 4500 2950 4555 abunde
2984 4498 3139 4566 aquis
3178 4496 3287 4549 illis
3312 4493 3416 4548 frui
3461 4499 3706 4562 possent.

2129 4601 2294 4659 Multa
2324 4601 2489 4655 etiam
2517 4597 2619 4651 alia
2669 4595 2906 4666 hospitia
2938 4590 3047 4644 illic
3074 4588 3387 4652 aediﬁcavit,
3420 4586 3474 4638 in
3506 4582 3707 4653 quibus

2128 4695 2402 4767 peregrini
2431 4702 2484 4746 et
2514 4691 2753 4760 hospites
2779 4686 3012 4743 recreari
3046 4690 3288 4754 possent,
3319 4679 3390 4733 ita
3420 4674 3476 4731 iit
3510 4675 3600 4746 qui
3630 4675 3709 4729 Io-

2132 4802 2255 4842 cum
2288 4786 2436 4839 illum
2476 4782 2719 4846 vidisset,
2747 4794 2923 4848 parva:
2964 4774 3192 4845 alicujus
3225 4780 3277 4827 et
3307 4770 3564 4841 jucunda:
3611 4783 3709 4821 ur-

2131 4879 2217 4934 bis
2269 4878 2493 4948 ﬁguram
2529 4875 2711 4928 videre
2767 4871 2868 4926 sibi
2919 4868 3067 4923 visus
3112 4874 3281 4921 esset.
3336 4864 3471 4919 Dein
3526 4875 3708 4915 arcam

2135 4972 2316 5035 illam,
2370 4970 2422 5022 in
2463 4983 2567 5039 qua
2624 4962 2886 5020 Barnabas
2933 4960 3159 5032 apostoli
3188 4958 3432 5029 reliquia:
3479 4954 3713 5011 condita:

2134 5076 2314 5129 erant,
2361 5063 2415 5117 in
2460 5062 2682 5116 dextera
2722 5050 2904 5112 sacrm
2947 5068 3053 5109 arae
3085 5062 3238 5125 parte
3260 5050 3578 5115 collocavit,
3619 5048 3714 5118 qui

2136 5161 2289 5215 locus
2313 5156 2484 5211 multo
2519 5162 2746 5223 argento
2774 5161 2827 5207 et
2861 5149 3182 5204 marmoreis
3202 5145 3474 5202 columnis
3490 5149 3716 5198 ornatus

2137 5264 2276 5308 erat.
2307 5250 2458 5305 Diem
2493 5262 2620 5302 vero
2645 5244 2863 5307 festum,
2898 5257 3005 5311 quo
3038 5239 3179 5295 beati
3210 5236 3437 5309 apostoli
3473 5245 3524 5290 et
3547 5247 3716 5305 gene-

2142 5349 2249 5403 rosi
2289 5342 2541 5414 martyris
2571 5340 2833 5393 Barnabas
2869 5334 3131 5390 memoria
3182 5331 3575 5389 celebraretur,
3609 5324 3719 5389 Ρειτ

2141 5451 2252 5496 tres
2305 5440 2391 5506 agi
2451 5450 2548 5507 per
2612 5431 2853 5498 singulos
2918 5442 3090 5481 annos
3142 5421 3594 5482 constituerunt,
3657 5431 3719 5470 ιιι

2142 5535 2262 5589 Idus
2306 5527 2475 5595 Junii,
2517 5535 2575 5580 ut
2623 5520 2852 5578 Itotuani
2901 5525 3234 5574 numerant:
3267 5524 3325 5569 ut
3364 5526 3492 5566 vero
3534 5507 3723 5579 Cyprii

2142 5613 2614 5685 Cottstatttienses,
2648 5618 2734 5672 die
2775 5613 3063 5670 undecimo
3106 5610 3223 5680 ejus
3276 5605 3500 5670 mensis,
3530 5597 3621 5672 qui
3653 5599 3728 5654 ab

2146 5723 2249 5777 illis
2302 5714 2502 5772 dicitur
2545 5709 2817 5776 M‘sorcs,
2870 5716 2921 5761 ct
2967 5704 3207 5759 decimus
3251 5705 3619 5755 numeratur:
3668 5700 3731 5746 ut
