4036 6226
385 349 528 418 4105

1379 341 1768 410 LAUDATIO
1800 342 1883 406 IN
1922 339 2187 404 APOST.
2215 331 2654 402 BERNABAM.
2730 365 2737 372 -

2002 219 2018 225 η.
2029 217 2086 225 με-

3516 327 3659 393 4106

391 483 571 530 autem
601 469 790 526 Asiani
817 466 1090 535 homines,
1124 465 1210 522 vel
1233 463 1424 535 Paphii
1461 471 1775 528 numerant,
1820 459 1969 516 deci-
1995 457 2050 518 A
2075 455 2252 512 monis
2272 461 2648 525 paupertatem
2669 449 2919 522 exiguam
2939 445 3087 504 illam
3110 446 3351 518 quidem,
3373 448 3466 504 sed
3483 462 3657 518 prom-

391 580 480 619 mo
502 577 646 618 nono
678 559 904 626 mensis,
959 531 1050 628 (δί
1091 531 1415 626 Phthipatus
1439 554 1659 620 dicitur,
1698 560 1753 608 et
1795 564 1972 606 nonus

389 662 730 711 numeratur.
761 651 875 706 Hoc
902 650 1068 722 igitur
1102 650 1230 703 anni
1261 658 1506 718 tempore
1529 649 1585 702 in
1622 661 1744 701 eum
1766 644 1969 710 locum,

347 764 368 779 ί
390 763 551 819 quem
576 762 742 816 supra
771 744 1032 812 diximus,
1073 741 1304 814 gentiles
1336 740 1588 812 plurimm
1615 737 1969 802 conveniunt,

391 850 448 895 et
475 840 659 894 divina
688 837 861 895 oﬂicia
895 836 1281 894 concelebrant
1309 835 1364 889 in
1389 834 1617 904 gloriam
1646 830 1845 895 Patris,
1874 823 1969 884 Fi-

393 927 474 994 lii,
497 938 550 983 et
584 927 822 998 Spiritus
864 928 1066 996 sancti,
1102 926 1190 984 cui
1220 924 1448 983 debetur
1471 923 1640 996 gloria
1677 921 1730 977 in
1779 918 1973 976 smcula

393 1022 742 1076 saeculorum.
765 1019 958 1076 Amen.

466 1112 688 1169 XXXV.
731 1112 1111 1180 Reliquiarum
1139 1111 1316 1168 sancti
1343 1107 1580 1181 apostoli
1605 1105 1870 1163 Barnabas
1893 1119 1976 1160 re-

397 1207 597 1265 velatio
624 1207 698 1262 ita
730 1221 790 1262 se
809 1207 1020 1271 habuit,
1054 1215 1115 1260 ut
1137 1205 1398 1261 diximus.
1435 1203 1566 1272 Quae
1592 1216 1723 1258 vero
1739 1202 1976 1256 miracu-

396 1301 448 1358 la
474 1301 719 1372 quotidie
772 1314 803 1354 a
843 1299 1191 1356 sanctissimo
1241 1297 1412 1368 ipsius
1457 1295 1713 1366 sepulcro
1763 1290 1980 1348 abunde

398 1393 844 1466 proﬁciscuntur,
877 1407 940 1447 ea
964 1393 1008 1446 si
1038 1391 1163 1462 quis
1193 1389 1541 1446 conscribere
1568 1386 1716 1452 velit,
1744 1399 1811 1440 ne
1841 1383 1981 1438 mul-

368 1486 469 1569 ltis
497 1486 714 1554 quidem
765 1485 1133 1542 voluminibus
1182 1483 1267 1557 (ut
1313 1481 1531 1553 Opinor)
1574 1479 1662 1535 illa
1693 1473 1979 1546 complecti

401 1578 622 1650 poterit.
657 1577 769 1634 Nos
813 1579 980 1649 igitur
1018 1578 1084 1632 ad
1115 1591 1329 1644 eorum,
1359 1589 1481 1646 qum
1528 1587 1689 1644 supra
1716 1568 1976 1632 diximus,

365 1670 726 1726 memoriam
767 1670 1059 1726 redeuntes
1085 1709 1102 1736 ,
1144 1671 1320 1726 virum
1363 1669 1507 1724 hunc
1555 1664 1776 1738 pietatis
1817 1673 1981 1718 causa

395 1764 653 1818 omnibus
694 1763 1082 1819 certaminibus
1122 1763 1343 1834 egregie
1386 1761 1654 1827 functum,
1697 1757 1767 1814 ob
1816 1755 1981 1824 idque

400 1855 611 1911 caelesti
649 1870 852 1910 corona
866 1855 1148 1922 donatum,
1168 1853 1386 1925 hymnis
1417 1853 1618 1909 divinis
1634 1864 1980 1922 prosequan-

396 1962 538 2008 mur,
571 1957 624 2001 et
663 1948 912 2002 eumdem
934 1947 1154 2002 beatum
1179 1946 1564 2016 praedicantes,
1585 1945 1802 2000 laudum
1837 1956 1978 2013 pm-

397 2039 571 2094 coniis
602 2038 966 2094 celebremus.
1001 2037 1104 2093 Hic
1141 2038 1313 2107 enim,
1351 2047 1610 2107 tanquam
1653 2037 1797 2093 oliva
1826 2031 1980 2106 quaa-

402 2131 527 2185 dam
561 2130 864 2196 fructifera,
890 2130 944 2185 in
967 2131 1127 2187 domo
1153 2131 1247 2187 Dei
1283 2131 1558 2202 plantatus
1583 2128 1828 2200 quotidie
1865 2127 1980 2183 fru-

394 2231 518 2278 ctus
551 2237 770 2278 suavem
811 2222 1036 2278 odorem
1073 2223 1346 2294 spirantes
1386 2222 1500 2278 Deo
1523 2221 1627 2292 ipsi
1659 2221 1835 2278 oil'ert.
1861 2218 1978 2294 ,Hic

395 2314 787 2383 imperatorum
825 2313 1025 2385 gloria,
1061 2317 1405 2372 sacerdotum
1434 2313 1772 2385 iucunditas,
1803 2327 1975 2384 popu-

393 2406 568 2462 lorum
598 2407 914 2474 exsultatio,
958 2423 1170 2475 eorum,
1204 2409 1296 2478 qui
1329 2406 1598 2478 angustiis
1630 2414 1975 2477 premuntur,

395 2499 720 2568 consolatio,
753 2501 1085 2557 aillictorum
1109 2501 1422 2573 profugium
1459 2515 1524 2556 ac
1556 2499 1849 2566 recreatio,
1880 2498 1976 2554 de-

393 2603 732 2661 speratorum
780 2608 906 2665 spes
947 2605 1112 2666 atque
1153 2595 1390 2667 adjutor,
1432 2594 1843 2666 peregrinorum
1890 2607 1979 2650 re-

397 2685 577 2753 quies,
603 2687 990 2757 aegrotantium
1020 2689 1315 2756 medicina,
1344 2702 1604 2745 sanorum
1625 2697 1832 2754 custos,
1864 2686 1978 2758 spi-

393 2777 673 2832 ritualium
713 2778 1012 2848 gratiarum
1042 2778 1186 2846 fons,
1239 2779 1498 2835 Ecclesiae
1549 2793 1759 2844 murus,
1795 2778 1975 2834 ortho-

400 2873 668 2927 doxorum
719 2873 1144 2942 ﬁrmamentum,
1187 2872 1425 2929 ﬁdelium
1471 2873 1752 2928 hominum
1781 2887 1979 2942 propu-

395 2966 601 3036 gnatio,
635 2967 800 3022 totius
823 2966 973 3023 orbis
997 2977 1267 3024 terrarum
1297 2969 1481 3024 decus.
1516 2966 1784 3023 Ceterum
1821 2973 1899 3020 tot
1925 2972 1979 3019 et

396 3068 568 3113 tantae
590 3067 740 3125 sunt,
771 3059 1090 3116 beatissime
1120 3060 1364 3131 apostole
1389 3059 1520 3116 Jesu
1543 3058 1744 3114 Christi
1777 3057 1980 3112 Barna-

393 3152 485 3216 ba,
516 3151 702 3206 laudes
727 3161 851 3219 tuae,
885 3161 944 3207 ut
970 3152 1214 3208 omnium
1241 3153 1527 3211 hominum
1556 3160 1790 3210 mentem
1815 3161 1980 3224 atque

403 3246 708 3302 orationem
738 3253 1023 3318 superent.
1054 3243 1416 3306 Nihilominus
1441 3249 1824 3306 tamen'nostri
1855 3263 1970 3303 ser.

714 5861 986 5927 Parnm”
1034 5865 1150 5928 Gn.
1201 5868 1366 5928 LXX
1384 5868 1579 5933 XVII.

2074 556 2220 617 ptam
2249 555 2426 612 certe,
2448 546 2728 615 acceptam
2761 541 2991 608 habens,
3027 553 3124 611 pro
3156 540 3312 596 nobis
3329 541 3468 608 apud
3502 556 3652 602 eum,
3693 557 3707 570 υ

2075 654 2236 710 quem
2265 638 2524 702 dilexisti,
2554 635 2832 692 Christum
2865 633 3204 703 unigenitum
3239 632 3330 687 Dei
3354 631 3556 687 Filium
3599 642 3656 686 et

2075 733 2336 798 Verbum,
2372 731 2712 787 intercedere
2743 745 2847 786 non
2870 730 3139 801 graveris,
3169 738 3229 784 ut
3255 728 3344 786 ille
3365 744 3394 784 a
3420 744 3664 800 praesen-

2080 828 2116 884 ti
2160 835 2216 882 et
2265 826 2538 883 laborioso
2589 825 2693 879 hoc
2741 825 2941 881 saeculo
2982 839 3084 880 nos
3127 824 3346 894 eripiat,
3395 825 3664 894 nobisque

2077 919 2359 986 concedat,
2385 927 2444 972 ut
2475 916 2853 973 remissionem
2896 924 3270 985 peccatorum,
3305 915 3658 970 clementiam

2079 1023 2135 1068 et
2189 1011 2625 1068 misericordiam
2670 1009 2896 1064 multam
2950 1025 3314 1080 assequamur
3358 1009 3413 1064 in
3454 1009 3546 1064 illo
3575 1009 3661 1063 die

2081 1101 2341 1167 terribili,
2381 1117 2504 1157 cum
2531 1102 2745 1158 venerit
2769 1101 3022 1173 judicare
3053 1104 3205 1157 vivos
3234 1113 3290 1158 et
3315 1111 3582 1161 mortuos.

2149 1195 2395 1252 XXXVI.
2446 1195 2619 1250 Tuum
2662 1211 2791 1252 vero
2840 1210 3250 1264 successorem,
3292 1197 3385 1268 qui
3415 1207 3661 1254 sanctam

2081 1290 2265 1345 sedem
2307 1297 2453 1344 tuam
2497 1287 2788 1359 gubernat,
2834 1287 3051 1344 ﬁrmam
3095 1300 3259 1360 atque
3308 1290 3664 1355 immobilem,

2082 1381 2236 1450 cujus
2260 1391 2315 1436 et
2341 1389 2396 1436 tu
2441 1389 2809 1452 propugnator
2850 1378 3027 1448 fuisti,
3066 1381 3225 1436 ﬁdem
3269 1382 3460 1438 eodem
3504 1397 3667 1438 sensu

2085 1478 2357 1540 tuentem;
2396 1474 2713 1529 orthodoxae
2747 1472 2997 1530 veritatis
3029 1473 3330 1544 legitimum
3372 1485 3428 1530 et
3470 1491 3664 1531 verum

2083 1568 2388 1634 doctorem,
2435 1563 2738 1622 Salvatoris
2769 1565 2942 1622 nostri
2991 1565 3349 1633 imitatorem,
3390 1576 3663 1637 pastorem

2085 1669 2145 1718 et
2181 1658 2400 1714 Patrem
2441 1666 2712 1726 nostrum,
2759 1659 2852 1729 qui
2901 1673 3142 1729 praesens
3171 1666 3274 1724 est,
3329 1668 3384 1713 et
3419 1670 3665 1714 sanctam

2085 1753 2165 1810 tui
2201 1752 2520 1810 memoriam
2565 1752 2831 1809 illustrem
2857 1761 3233 1823 repraesentat,
3269 1753 3441 1808 Deum
3467 1766 3658 1817 exora,

2084 1861 2142 1905 ut
2171 1847 2358 1904 multis
2385 1862 2653 1904 annorum
2685 1845 2904 1902 circulis
2933 1845 2989 1900 in
3027 1845 3376 1902 sanetissima
3409 1854 3500 1900 tua
3536 1847 3668 1901 sede

2083 1950 2369 1998 conservet
2405 1941 2702 2007 valentem,
2743 1949 2799 1997 et
2844 1937 3099 2011 populum
3141 1938 3314 2011 ipsius
3347 1939 3399 1994 in
3434 1954 3568 2010 pace
3608 1948 3666 1995 et

2085 2035 2478 2106 tranquillitate
2523 2043 2829 2106 regentem,
2857 2034 2948 2104 qui
2979 2043 3034 2091 et
3068 2034 3313 2089 veritatis
3349 2033 3663 2090 doctrinam

2081 2130 2230 2186 omni
2259 2145 2383 2186 cum
2425 2129 2716 2185 sanctitate
2745 2137 2798 2184 et
2823 2128 3037 2199 justitia
3065 2126 3283 2197 dirigat.
3318 2126 3395 2182 Te
3421 2128 3650 2197 insuper

2081 2237 2322 2289 oramus,
2365 2231 2426 2278 ιιι
2452 2237 2558 2294 qua
2607 2237 2736 2278 cura
2773 2220 3006 2293 patriam
3033 2231 3179 2277 tuam
3223 2235 3442 2292 semper
3468 2236 3661 2291 prose.

2081 2321 2241 2372 cutus
2268 2330 2349 2382 es,
2381 2316 2568 2372 eadem
2597 2324 2652 2370 et
2679 2330 2824 2372 nunc
2849 2315 2995 2370 illam
3018 2316 3391 2386 prosequaris,
3431 2329 3666 2385 eamque

2083 2409 2192 2466 tuis
2232 2409 2438 2466 sanctis
2481 2408 2621 2480 apud
2652 2409 2822 2464 Deum
2869 2409 3122 2480 precibus
3165 2409 3482 2476 custodias,
3528 2420 3583 2465 et.
3632 2426 3662 2464 a

2083 2499 2364 2557 scandalis
2417 2500 2762 2571 operantium
2810 2499 3155 2572 iniquitatem
3210 2499 3436 2570 eripias,
3498 2511 3558 2554 ut
3608 2501 3664 2556 iu

2079 2610 2236 2667 pace,
2266 2595 2534 2652 modestia
2579 2609 2645 2650 ac
2674 2595 2876 2665 pietate
2919 2595 3084 2650 vitam
3110 2593 3165 2650 in
3206 2594 3308 2650 hoc
3343 2594 3543 2654 saeculo
3567 2596 3668 2650 du-

2080 2702 2288 2756 camus,
2316 2695 2370 2742 et
2394 2686 2828 2743 misericordiam
2857 2686 3073 2744 Domini
3099 2688 3272 2744 nostri
3293 2685 3424 2744 Jesu
3452 2686 3660 2744 Christi

2080 2789 2463 2852 exspectantes
2490 2823 2505 2849 ,
2543 2781 2611 2836 ad
2661 2789 2922 2836 aeternam
2959 2780 3106 2836 illam
3165 2782 3332 2836 vitam
3381 2783 3668 2852 pervenire

2081 2874 2376 2944 possimus,
2414 2872 2569 2944 cujus
2595 2887 2694 2928 nos
2726 2887 2917 2928 omnes
2947 2873 3242 2944 participes
3274 2873 3392 2930 ﬁeri
3415 2884 3666 2945 Optamus

2080 2965 2280 3038 gratia,
2335 2965 2718 3022 misericordia
2761 2974 2817 3022 et
2853 2965 3190 3037 benignitate
3233 2965 3450 3022 Domini
3491 2965 3667 3022 nostri

2082 3058 2212 3116 Jesu
2257 3057 2464 3116 Christi
2503 3077 2518 3114 :
2557 3058 2643 3116 cui
2696 3057 2868 3129 gloria
2913 3059 3006 3125 sit,
3058 3057 3323 3129 Patrique
3375 3068 3430 3115 et
3476 3070 3668 3114 sancto

2089 3152 2341 3226 Spiritui,
2383 3166 2525 3215 nunc
2564 3161 2618 3215 et
2648 3167 2884 3228 semper,
2919 3159 2974 3213 et
3005 3153 3054 3209 in
3084 3152 3277 3213 srecula
3318 3144 3666 3213 saeculorum.

2076 3253 2271 3308 Amen.
